3526 5604
425 673 496 740 292

424 871 608 940 Pu'sciaous
635 867 671 949 8,
697 865 733 948 4,
764 865 819 939 15.
928 867 987 936 21.
1017 866 1150 937 Cassius
1181 866 1327 935 Hemina
1359 865 1400 936 de
1434 864 1616 934 censoribus
1752 861 1753 894 r

423 995 481 1064 lib.
500 995 551 1064 ll:
588 1001 620 1060 et
644 991 678 1059 in
706 1013 784 1060 area
809 991 844 1058 in
871 990 1034 1082 Capitolio
1064 991 1157 1083 signa
1192 1014 1280 1084 quae
1305 999 1412 1072 erant,
1447 989 1617 1059 demolivit

423 1122 547 1190 Nonius
575 1142 610 1210 p.
638 1115 722 1198 346,
754 1116 813 1188 22.
915 1120 973 1187 22.
1002 1117 1134 1188 Cassius
1166 1119 1311 1187 Hemina
1344 1117 1403 1186 lib.
1428 1119 1460 1185 ll
1497 1114 1618 1184 annali:

424 1267 510 1338 quae
536 1254 614 1312 nata
638 1253 725 1323 sunt,
752 1265 792 1310 ea
817 1240 929 1311 omnia
954 1241 1087 1310 denasci
1114 1243 1217 1311 aiunt.
1256 1243 1381 1312 Nonius
1397 1264 1432 1333 p.
1461 1238 1542 1319 101,
1567 1235 1621 1308 28.

425 1369 483 1438 23.
510 1366 692 1438 Tuditanus
717 1367 820 1435 relert
839 1419 847 1433 .
868 1419 875 1432 .
899 1418 906 1434 .
934 1365 1149 1447 decemviros,
1175 1366 1233 1459 qui
1258 1365 1375 1435 decem
1401 1363 1524 1434 tabulis
1549 1362 1624 1431 duas

424 1491 632 1572 addiderunt,
659 1491 699 1560 de
718 1491 948 1561 intercalando
975 1491 1133 1584 populum
1159 1512 1304 1582 rogasse.
1344 1487 1478 1559 Cassius
1498 1487 1626 1556 eosdem

424 1615 537 1686 scribit
550 1626 712 1684 auctores.
737 1615 917 1683 Macrobius
931 1614 1060 1684 Satura.
1078 1613 1110 1695 1,
1129 1611 1184 1684 13.
1285 1614 1345 1683 21.
1372 1612 1477 1684 Gallis
1496 1611 1628 1702 Capito·

424 1740 508 1809 lium
533 1739 758 1809 obsidentibus
783 1736 935 1807 sacerdos
967 1737 1102 1829 quidam
1137 1737 1271 1807 nomine
1297 1740 1418 1816 Dorso,
1459 1736 1503 1805 ad
1529 1735 1628 1829 perli-

425 1863 580 1934 ciendum
614 1884 763 1932 annuum
795 1860 930 1955 aliquod
965 1861 1166 1932 sacrificium
1198 1885 1273 1930 cum
1308 1861 1349 1931 de
1381 1860 1548 1952 Capitolio
1572 1859 1631 1928 de-

424 1987 613 2067 scendisset,
632 2008 725 2054 sacra
742 1984 895 2054 manibus
915 2006 1035 2075 gerens
1052 2008 1113 2077 per
1130 1984 1255 2054 medios
1275 1985 1384 2055 hostes
1403 2007 1463 2054 sen
1476 1983 1627 2054 attonitos

424 2111 586 2180 miraculo
611 2109 769 2180 audaciae
795 2131 853 2179 seu
880 2108 1034 2201 pietatem
1061 2108 1124 2178 viri
1146 2109 1358 2200 speciemque
1376 2107 1552 2200 religionis
1576 2130 1628 2175 re-

423 2235 544 2305 veritos
577 2234 611 2303 in
644 2236 804 2328 templum
830 2236 948 2304 Vestae
976 2233 1135 2324 pervenit,
1177 2244 1390 2324 servatusque
1422 2255 1441 2302 a
1473 2232 1540 2302 diis
1570 2243 1626 2312 est,

425 2381 567 2452 quorum
593 2359 718 2428 cultum
745 2381 786 2427 ne
813 2359 846 2427 in
873 2358 1032 2450 periculis
1064 2357 1198 2448 quidem
1229 2357 1437 2427 deseruisset.
1486 2359 1560 2427 Hoc
1586 2358 1629 2426 ita

425 2483 548 2553 lactum
574 2483 621 2552 ait
637 2483 776 2554 Causius
803 2479 982 2568 [Cassiosl]
1008 2484 1188 2550 Romanus.
1227 2483 1394 2575 Appianas
1415 2484 1454 2550 de
1471 2483 1537 2551 reb.
1552 2483 1630 2550 Gal-

425 2610 494 2678 licis
505 2612 623 2701 fragm
642 2607 676 2678 6.
777 2609 836 2677 25.
863 2608 943 2678 Dies
956 2609 1174 2700 postridianos
1188 2608 1229 2678 ad
1244 2609 1357 2678 omnia
1370 2608 1515 2677 maiores
1530 2607 1630 2676 nostri

425 2732 588 2802 cavendos
603 2743 770 2825 putarunt,
797 2755 880 2824 quos
898 2733 1000 2800 etiam
1017 2742 1105 2800 atros
1126 2731 1216 2800 velut
1240 2732 1380 2802 inlausta
1405 2725 1629 2824 appellatione

425 2857 709 2927 damnarunt...
746 2859 875 2926 Horum
903 2878 1035 2925 causam
1063 2855 1189 2924 Gellius
1213 2856 1385 2925 annalium
1410 2855 1498 2924 libro
1515 2857 1578 2924 XV
1601 2864 1632 2922 et

425 2981 556 3052 Cassius
582 2980 727 3049 Hemina
753 2979 965 3050 historiarum
993 2977 1078 3046 libro
1103 2978 1249 3048 secundo
1274 2980 1433 3048 referunt.
1469 2979 1570 3048 Anno
1592 2977 1631 3048 ab

424 3104 507 3174 urbe
533 3103 664 3174 condita
689 3103 921 3174 trecentesimo
947 3068 1156 3193 sexdgesimo
1182 3103 1276 3171 tertio
1295 3102 1469 3172 atribunis
1489 3103 1632 3173 militum

423 3227 597 3318 Verginio,
622 3227 759 3308 Manlio,
786 3226 941 3307 Aemilio,
968 3227 1134 3294 Postumio
1157 3226 1360 3318 collegisque
1387 3249 1504 3296 eorum
1524 3227 1559 3295 in
1578 3250 1631 3295 se-

425 3363 504 3422 natu
529 3361 713 3433 tractatum,
748 3352 828 3444 quid
861 3361 946 3421 esset
977 3361 1113 3442 propter
1137 3350 1227 3442 quod
1251 3350 1370 3419 totiens
1396 3350 1482 3419 intra
1510 3373 1631 3444 paucos

416 3498 529 3545 annos
555 3475 642 3544 male
669 3486 754 3543 esset
778 3474 902 3544 afflicta
927 3497 980 3544 res
1006 3473 1156 3565 publica;
1186 3485 1216 3542 et
1243 3497 1285 3543 ex
1304 3486 1483 3567 praecepto
1501 3485 1631 3567 patrum

426 3602 464 3670 L.
491 3599 674 3691 Aquinium
701 3599 912 3691 haruspicem
947 3598 980 3667 in
1014 3609 1165 3668 senatum
1195 3599 1309 3668 venire
1343 3600 1467 3669 iussum
1492 3599 1632 3690 religio·

425 3744 507 3792 num
540 3721 820 3815 requirendarum
857 3721 964 3812 gratia
998 3720 1137 3802 dixisse,
1177 3721 1218 3804 Q.
1245 3721 1429 3814 Sulpicium
1461 3723 1632 3792 tribunum

425 3845 570 3915 militum
596 3845 637 3915 ad
664 3845 773 3915 Aliam
799 3845 972 3915 adversum
999 3845 1112 3915 Gallos
1138 3858 1361 3937 pugnaturum
1386 3869 1458 3916 rem
1484 3847 1631 3917 divinam

425 3965 606 4039 dimicandi
640 3968 747 4059 gratia
778 3970 895 4038 fecisse
927 3969 1086 4062 postridie
1115 3968 1188 4039 idus
1214 3969 1396 4053 Quintiles,
1440 3971 1519 4039 item
1547 3971 1633 4064 apud

425 4093 618 4163 Cremeram
644 4092 824 4185 multisque
851 4091 925 4162 aliis
950 4093 1154 4184 temporibus
1180 4103 1212 4162 et
1237 4093 1317 4162 locis
1343 4105 1414 4185 post
1433 4094 1633 4165 sacrificium

423 4217 479 4287 die
505 4227 637 4309 postero
664 4216 869 4286 celebratum
896 4216 984 4284 male
1010 4217 1145 4286 cessisse
1170 4217 1373 4288 conflictum.
1409 4218 1507 4288 Tunc
1524 4233 1634 4310 patres

425 4341 558 4413 iussisse
583 4350 620 4410 ut
645 4340 686 4410 ad
714 4340 891 4431 collegium
917 4339 1110 4433 pontificum
1140 4342 1181 4412 de
1207 4342 1259 4412 bis
1284 4343 1503 4433 religionibus
1528 4344 1637 4412 reler-

425 4477 532 4546 retnr;
560 4464 798 4558 pontificesque
825 4465 974 4533 statuisse
997 4464 1157 4557 postridie
1177 4488 1292 4534 omnes
1304 4465 1481 4547 Kalendas,
1510 4468 1634 4547 Nonas,

425 4592 502 4662 ldus
529 4601 615 4660 atros
641 4589 711 4658 dies
738 4588 919 4669 habendos,
956 4599 992 4658 ut
1017 4588 1052 4658 bi
1073 4589 1143 4658 dies
1176 4613 1284 4683 neque
1318 4590 1500 4683 proeliares
1524 4613 1636 4684 neque

425 4717 500 4807 puri
542 4737 650 4808 neque
692 4713 872 4784 comitiales
915 4726 1033 4782 essent.
1102 4715 1283 4784 Macrobius
1326 4715 1455 4785 Satura.
1495 4712 1526 4795 1,
1579 4715 1635 4784 16.
