3526 5604
453 695 525 763 288

453 895 552 990 dixit;
587 917 687 986 qnam
720 893 903 962 orationem
935 891 967 960 in
993 892 1151 982 Origines
1183 914 1258 961 suas
1288 891 1413 962 rettulit
1438 892 1548 984 paucis
1572 905 1634 960 0010
1732 909 1733 920 ’

453 1042 553 1113 quam
580 1029 729 1088 mortuus
749 1028 797 1087 est
814 1017 929 1087 diebus
946 1039 989 1084 an
1009 1016 1188 1085 mensibus.
1231 1013 1634 1096 0100010800102389.

453 1146 491 1213 de
513 1139 867 1223 00010001,53,227.
909 1137 1283 1220 Valeriusdluuimua&
1304 1137 1336 1219 1,
1355 1139 1391 1210 2.
1426 1142 1526 1210 Extat
1545 1139 1636 1208 oratio
1733 1181 1734 1200 1

454 1267 488 1336 in
514 1265 687 1336 annalibus
717 1265 787 1334 eius
813 1264 952 1334 inclusa.
996 1264 1108 1332 Livius
1135 1265 1264 1354 epitome
1292 1261 1353 1334 49.
1458 1264 1538 1334 121.
1569 1263 1637 1334 Cato

454 1415 495 1461 ex
520 1391 698 1479 Originum
723 1389 862 1482 septimo
888 1389 923 1456 in
949 1389 1109 1468 oratione,
1135 1412 1237 1481 quam
1261 1398 1373 1458 contra
1399 1389 1550 1458 Servium
1568 1389 1637 1459 Gal-

453 1515 531 1586 bam
562 1514 675 1584 dixit.
696 1539 732 1581 .:
767 1512 873 1581 multa
901 1534 956 1581 me
984 1511 1156 1581 dehortata
1187 1521 1262 1581 sunt
1293 1511 1358 1582 buc
1385 1512 1528 1604 prodire,
1558 1511 1636 1590 anni

454 1648 557 1721 aetas,
583 1660 659 1720 vox,
685 1636 784 1716 vires,
811 1647 981 1714 senectam
1007 1657 1123 1704 verum
1150 1635 1318 1705 enimvero
1344 1657 1422 1704 cum
1442 1645 1563 1704 tantam
1577 1657 1637 1704 rem

455 1761 608 1854 peragier
633 1759 822 1829 arbitrarer.
861 1758 983 1828 Gellius
1002 1755 1058 1838 13,
1078 1755 1138 1839 24,
1163 1755 1219 1829 15.
1253 1760 1298 1828 Μ.
1321 1758 1403 1828 Cato
1418 1757 1460 1828 de
1478 1758 1637 1837 Lusitanis,

455 1909 531 1956 cum
557 1887 628 1955 Ser.
655 1886 794 1956 Galbam
820 1884 999 1954 accusavit:
1035 1895 1147 1952 tamen
1179 1882 1292 1953 dicunt
1323 1882 1467 1955 deficere
1500 1885 1637 1954 voluisse.

311 2030 315 2044 ·
454 2014 528 2102 Ego
557 2033 610 2081 me
642 2035 730 2082 nunc
762 2012 837 2081 volo
868 2011 919 2080 ius
950 2009 1156 2102 pontificium
1187 2011 1309 2102 optime
1334 2011 1438 2092 scire;
1479 2011 1583 2080 iamne
1605 2033 1637 2078 00

455 2159 556 2206 cansa
577 2134 724 2228 pontifex
745 2132 879 2224 capiar?
914 2133 947 2203 Si
959 2134 1034 2202 volo
1048 2133 1224 2224 augurium
1245 2133 1368 2226 optime
1386 2143 1512 2214 tenere,
1539 2135 1637 2228 ecquis

455 2285 509 2331 me
522 2262 564 2331 ob
575 2281 727 2330 eamrem
738 2282 898 2350 augurem
912 2259 1039 2351 capiat‘l
1060 2259 1180 2328 Gellius
1196 2259 1227 2339 1,
1245 2257 1301 2340 12,
1318 2257 1375 2329 17.
1481 2259 1557 2330 125.
1571 2263 1638 2330 Ser·

455 2386 545 2454 vium
571 2382 706 2476 quidem
732 2383 871 2453 Galbam
900 2381 1111 2452 miseratione
1138 2383 1219 2463 sola,
1259 2405 1325 2474 qua
1352 2405 1419 2452 non
1451 2405 1525 2454 suos
1555 2385 1637 2454 modo

455 2510 577 2580 liberos
603 2507 758 2600 parvulos
784 2506 817 2575 in
840 2507 991 2575 contione
1017 2506 1226 2599 produxerat,
1252 2507 1310 2577 sed
1336 2507 1423 2578 Galli
1450 2509 1548 2578 etiam
1571 2509 1637 2578 Sul·

456 2635 534 2728 picii
567 2633 674 2704 filium
706 2633 773 2703 suis
805 2633 874 2725 ipse
908 2632 1061 2702 manibus
1093 2633 1350 2712 circumtulerat.
1393 2633 1541 2726 elapsum
1569 2655 1638 2712 esse,

457 2781 531 2828 cum
557 2759 698 2829 aliorum
730 2759 951 2829 monumentis
980 2769 1048 2828 tum
1075 2758 1207 2829 Catonis
1238 2757 1387 2829 oratione
1416 2770 1564 2829 testatum
1589 2769 1637 2826 est.

458 2881 678 2966 Quintilianus
702 2885 776 2950 inat.
799 2882 929 2962 orot.2‚
950 2879 1006 2962 15,
1028 2879 1063 2952 8.
1102 2881 1199 2973 Apud
1225 2881 1383 2952 Camnem
1409 2883 1562 2974 scriptum
1579 2905 1638 2952 csse

457 3005 565 3086 video,
592 3005 656 3074 nisi
682 3006 792 3098 pueris
819 3018 850 3074 et
877 3005 1020 3075 lacrimis
1039 3017 1228 3084 00000001,
1254 3029 1377 3098 poenas
1401 3031 1478 3076 enm
1502 3007 1638 3076 datomnr

458 3128 569 3198 luisse.
616 3129 918 3200 brandeorum
941 3127 973 3210 1,
1001 3127 1059 3208 53,
1087 3127 1171 3201 228.
1204 3129 1449 3223 0111001023,
1476 3130 1534 3204 90.
1570 3131 1638 3202 Galo

458 3253 498 3322 de
524 3253 629 3324 Galba
655 3253 834 3323 absoluto.
860 3307 897 3323 ..
935 3252 1102 3323 dissuadet
1119 3276 1203 3322 neve
1229 3275 1304 3323 suos
1330 3276 1413 3322 neve
1439 3254 1562 3325 alienos
1577 3254 1640 3347 quis

457 3377 580 3447 liberos
611 3376 1206 3448 admisericordiamconciliandam
1233 3377 1392 3470 producat
1425 3401 1509 3448 neve
1534 3401 1639 3449 uxores

458 3526 541 3572 neve
567 3501 691 3572 adfines
717 3503 769 3572 vel
795 3503 878 3572 ullas
904 3502 1040 3571 omnino
1064 3503 1215 3573 feminas.
1256 3504 1371 3572 Fronto
1393 3505 1482 3595 epist.
1506 3501 1538 3585 3,
1552 3503 1596 3575 20
1610 3527 1640 3595 p.

458 3625 507 3699 85
532 3628 622 3696 Rom.

928 3949 1195 3958 ——-——

637 4259 707 4344 vn
754 4259 1227 4348 18188118118111111
1250 4263 1331 4349 llll
1356 4264 1492 4352 818811
1620 4307 1626 4320 ·

536 4473 567 4541 1.
601 4473 776 4542 Saturnum
889 4495 1002 4542 omnes
1034 4474 1209 4566 scriptores
1240 4479 1406 4546 vetustatis
1438 4481 1554 4553 Graeci
1582 4483 1640 4554 llo·

460 4597 615 4689 manique
641 4597 810 4666 bominem
834 4595 1058 4688 prodiderunt.
1102 4599 1170 4668 Scit
1194 4599 1259 4668 boc
1283 4603 1392 4694 Nepos
1417 4617 1450 4674 01
1465 4607 1590 4678 Cassius
1612 4607 1639 4674 in

460 4719 605 4799 historia,
633 4731 665 4790 01
682 4720 817 4791 Tballus
843 4743 881 4790 ac
898 4721 1062 4792 Diodorus
1083 4723 1145 4793 boc
1168 4725 1356 4816 loquuntur.
1388 4731 1549 4802 11100000
1564 4733 1643 4802 retu
