3554 5600
368 635 440 704 260

369 834 452 902 baec
477 831 639 902 Ascanius
665 827 835 921 completis
861 830 894 896 in
919 829 1057 899 Lavinio
1083 827 1219 919 triginta
1245 828 1353 908 annis,
1381 827 1578 897 recordatus

368 981 473 1028 novae
498 956 589 1026 urbis
615 954 806 1024 condendae
823 964 953 1046 tempus
971 952 1143 1022 advenisse
1165 975 1207 1020 cx
1227 974 1368 1022 numero
1385 973 1578 1044 porcorum,

369 1105 452 1173 quos
498 1091 673 1172 pepererat
710 1101 765 1148 sus
799 1077 887 1158 alba,
930 1077 1176 1169 circumspectis
1212 1075 1390 1167 diligenter
1427 1075 1579 1144 finitimis

368 1205 572 1297 regionibus,
597 1204 785 1296 speculatus
811 1212 957 1272 montem
983 1199 1121 1281 editum,
1156 1201 1214 1292 qui
1241 1223 1328 1269 nunc
1354 1201 1396 1270 ab
1424 1223 1467 1270 ea
1493 1200 1578 1270 urbe

368 1330 514 1424 quaein
548 1350 589 1397 eo
614 1326 748 1397 condita
777 1338 826 1396 est
851 1326 1001 1396 Albanus
1028 1337 1250 1417 nuncupatur,
1289 1324 1456 1394 civitatem
1484 1347 1579 1392 com-

370 1456 474 1526 munit
513 1475 654 1546 eamque
687 1475 729 1520 cx
763 1453 881 1532 lorma,
917 1450 1006 1541 quod
1039 1451 1085 1519 ita
1115 1450 1148 1518 in
1176 1450 1313 1540 longum
1339 1459 1495 1542 porrecta
1519 1459 1578 1526 est,

369 1584 533 1669 Longam,
567 1601 609 1646 ex
630 1577 741 1645 colore
768 1575 835 1643 suis
861 1575 982 1645 Albam
1009 1573 1267 1666 cognominavit.
1316 1573 1471 1664 Cumque
1498 1573 1578 1642 illuc

370 1703 550 1773 simulacra
574 1701 712 1771 deorum
734 1700 906 1770 Penatium
934 1699 1161 1780 transtulisset,
1188 1697 1344 1792 postridie
1370 1697 1459 1790 apud
1477 1697 1580 1768 Lari-

370 1830 464 1899 nium
480 1834 722 1919 apparuerunt;
749 1847 930 1916 rursusque
947 1824 1049 1892 relata
1069 1824 1191 1893 Albam
1216 1823 1440 1917 appositisque
1467 1830 1580 1890 custo-

371 1953 479 2034 dibus,
506 1953 618 2022 nescio
640 1962 802 2042 quatenus
824 1973 858 2018 se
882 1950 1057 2020 Lavinium
1084 1951 1118 2018 in
1144 1949 1316 2041 pristinam
1341 1948 1455 2018 sedem
1483 1946 1581 2016 iden-

372 2077 473 2148 tidem
502 2085 711 2168 receperunt.
755 2076 870 2166 ltaque
903 2073 999 2142 tertio
1024 2095 1123 2142 nemo
1148 2095 1247 2142 ausus
1274 2083 1322 2140 est
1345 2095 1502 2140 amovere
1527 2093 1580 2150 ea,

372 2214 408 2272 ut
432 2201 591 2292 scripturn
620 2209 668 2266 est
700 2198 733 2266 in
760 2197 884 2266 Annali
915 2196 1108 2289 pontificum
1134 2197 1190 2266 lV.
1219 2197 1275 2266 lib.
1302 2195 1410 2265 Cincii
1437 2205 1470 2262 et
1494 2192 1582 2263 Cae-

372 2325 455 2394 saris
481 2324 531 2402 ll,
575 2320 760 2390 Tuberonis
788 2321 813 2388 l.
861 2322 1009 2390 Aurelius
1050 2321 1150 2389 Victor
1187 2321 1225 2388 de
1262 2323 1351 2410 orip.
1377 2343 1409 2409 p.
1449 2320 1488 2386 ll.
1521 2317 1580 2386 17.

374 2451 407 2518 5.
433 2449 540 2540 lgitur
564 2459 725 2538 regnante
746 2447 866 2517 Latino
884 2447 986 2516 Silvio
1013 2447 1163 2516 coloniae
1189 2445 1350 2515 deductae
1377 2456 1452 2514 sunt
1477 2445 1583 2512 Prae-

373 2584 478 2653 neste,
504 2571 619 2650 Tibur,
646 2570 755 2650 Gabii,
781 2571 973 2652 Tusculum,
1000 2570 1098 2650 Cora,
1126 2571 1282 2648 Pometia,
1309 2569 1407 2640 Locri
1430 2561 1582 2658 [Lauri]

373 2697 613 2776 Crustumium,
633 2696 781 2765 Camena
808 2695 991 2778 [Cameria]
1020 2695 1173 2765 llonillae
1202 2695 1369 2777 locutae,
1387 2694 1517 2762 Bellum
1534 2693 1585 2760 vel

374 2823 491 2905 Bolcll
528 2831 703 2912 ceteraque
734 2820 856 2911 oppida
886 2822 1156 2913 circumquaque.
1209 2823 1283 2888 Post
1318 2841 1395 2888 eum
1429 2817 1585 2907 regnarit

375 2947 528 3017 Tiberius
562 2945 693 3024 Silvius,
741 2943 836 3013 silvii
873 2943 971 3013 filius.
1030 2944 1096 3026 Qui
1131 2967 1206 3012 cum
1239 2943 1396 3013 adversus
1423 2941 1584 3011 finitimos

376 3071 500 3140 bellum
527 3070 703 3138 inferentes
729 3069 841 3160 copias
868 3069 1051 3146 eduxisset,
1087 3069 1174 3138 inter
1199 3069 1398 3160 proeliantes
1424 3066 1585 3158 depulsus

377 3195 411 3263 in
432 3193 587 3265 Albulam
614 3191 739 3260 flumen
765 3190 906 3283 deperiit
931 3191 1149 3284 mutandique
1175 3192 1319 3261 nominis
1345 3192 1453 3261 extitit
1470 3215 1585 3272 causa,

378 3331 414 3388 ut
438 3317 587 3387 scribunt
611 3315 735 3386 Lucius
761 3315 896 3386 Cincius
922 3315 981 3385 lib.
999 3315 1025 3385 l.
1071 3318 1227 3387 Lucatius
1253 3317 1312 3387 lib.
1333 3320 1392 3387 lll.
1435 3319 1587 3387 Aurelius

383 3444 484 3513 Victor
508 3444 547 3511 do
570 3443 652 3532 erip.
679 3465 710 3532 9.
730 3443 768 3510 R.
799 3438 855 3512 18.
957 3444 991 3513 6.
1021 3443 1143 3512 Lucius
1162 3443 1308 3524 Cincius,
1333 3445 1384 3513 vir
1406 3467 1449 3512 ex
1466 3443 1587 3512 ordine

378 3567 561 3656 senatorio,
588 3587 675 3633 anno
703 3565 772 3634 lere
807 3575 924 3657 quarto
954 3564 1172 3635 duodecimae
1197 3567 1395 3660 olympiadis
1430 3565 1588 3649 [Romam

379 3691 547 3760 conditam
575 3683 711 3778 statuit]
749 3691 928 3780 Dionysius
953 3690 1060 3758 Helie.
1081 3688 1112 3771 1,
1141 3687 1199 3761 74.
1243 3693 1398 3761 Eusebius
1423 3692 1533 3760 ebron.
1559 3691 1587 3759 l.

377 3839 411 3907 p.
430 3813 503 3886 208
528 3815 608 3883 nat.
635 3813 793 3903 Spnccllas
825 3837 857 3906 p.
889 3811 959 3884 193
986 3815 1030 3882 D.
1077 3813 1194 3884 Cincio
1220 3817 1360 3885 Romam
1386 3814 1590 3884 duodecima

379 3936 566 4029 olympiade
592 3937 701 4028 placet
725 3936 904 4006 conditam.
948 3937 1077 4005 Solinus
1099 3938 1206 4029 polyb.
1227 3938 1262 4009 2.
1363 3941 1398 4007 7.
1424 3939 1477 4008 De
1506 3941 1589 4009 natis

380 4082 423 4127 ex
448 4059 509 4128 llia
540 4059 652 4152 pueris
688 4059 730 4141 Ο.
757 4059 880 4128 Fabius
905 4060 1025 4142 Pictor,
1064 4083 1165 4153 quem
1200 4065 1239 4132 L.
1270 4063 1405 4132 Cincius
1440 4075 1474 4133 et
1508 4063 1589 4134 Cato

379 4184 515 4252 Porcius
541 4196 574 4252 et
599 4184 674 4252 Piso
700 4182 899 4273 Calpurnius
926 4195 958 4252 et
988 4184 1195 4277 reliquorum
1227 4187 1424 4279 scriptorum
1450 4187 1591 4280 plurimi

381 4310 485 4377 secuti
511 4321 597 4391 sunt,
625 4309 672 4379 sic
697 4308 796 4377 tradit
821 4321 882 4377 etc.
926 4311 1105 4400 Dionysius
1131 4311 1207 4380 Hal.
1239 4313 1270 4392 l,
1299 4309 1457 4381 79-83.
1490 4335 1593 4404 supra

379 4456 412 4524 p.
439 4429 524 4502 253.
624 4431 657 4500 8.
685 4432 736 4501 De
765 4432 907 4523 Tarpeia
924 4431 1047 4503 Fabius
1074 4446 1107 4503 et
1126 4434 1261 4503 Cincius
1286 4434 1333 4502 sic
1359 4433 1509 4526 produnt
1526 4448 1591 4506 etc.

381 4557 559 4648 Dionysias
584 4559 661 4628 Hal.
688 4557 723 4638 2,
751 4554 919 4629 38-40.
956 4581 1056 4652 supro
1079 4583 1113 4651 p.
1140 4557 1226 4630 253.
1327 4559 1362 4629 9.
1396 4559 1450 4628 De
1476 4559 1593 4631 Maelii

383 4679 472 4749 exitu
498 4680 673 4771 scriptores
698 4679 764 4748 fido
782 4679 991 4772 dignissimos
1012 4691 1142 4752 secutus
1168 4705 1258 4763 sum;
1285 4705 1403 4754 verum
1421 4705 1590 4776 apponam
