3702 5600
442 650 514 718 mo

440 845 606 906 Diomedes
627 862 656 922 p.
677 845 735 903 375
758 849 790 904 ut
811 844 919 904 Voliua
939 843 1033 921 Long.
1048 861 1077 922 p.
1102 845 1190 904 2232.
1221 843 1268 903 llx
1292 845 1404 920 qulbus
1426 844 1550 921 quidem
1573 847 1651 906 locis

439 955 500 1014 lroc
521 961 568 1013 cst
590 951 796 1026 manifestum,
832 967 954 1010 accarca
975 949 1103 1011 formam
1127 969 1198 1011 asso
1227 953 1304 1011 satis
1329 954 1507 1029 probatam,
1543 961 1650 1012 contra

438 1060 619 1120 infinitivum
649 1063 766 1135 quarta
797 1059 1022 1135 coniugationis
1058 1059 1158 1118 visum
1192 1059 1346 1118 nonnullis
1373 1063 1558 1136 suspectum.
1594 1061 1651 1119 cir.

441 1185 468 1228 a.
489 1169 528 1226 32
550 1169 582 1226 at
604 1182 629 1224 o.
652 1167 700 1223 72.

520 1292 620 1334 aarum
649 1280 678 1332 cl
700 1274 825 1332 aliorum
851 1271 922 1331 Bas.
943 1272 1011 1331 Parc
1042 1273 1146 1332 buxa
1171 1279 1256 1350 atquc
1279 1272 1345 1333 Em.
1368 1275 1436 1332 'lun
1458 1273 1544 1333 Laid.
1567 1274 1650 1348 quod

439 1383 492 1458 qui
509 1379 686 1454 defendunt,
709 1382 846 1440 statuero
868 1379 1018 1452 vitiantur,
1040 1377 1115 1437 olim
1133 1379 1213 1452 illos,
1230 1396 1306 1454 quos
1326 1379 1479 1438 Salustius
1494 1397 1532 1440 na
1548 1381 1651 1438 nomi-

439 1505 513 1548 nnrn
536 1487 656 1563 quidam
678 1485 785 1559 voluit,
812 1484 1012 1544 honoratiore
1034 1485 1125 1544 otiam
1146 1484 1218 1544 looo
1239 1484 1338 1543 luisse
1360 1501 1450 1559 quam
1471 1492 1648 1561 sanatorum

441 1592 522 1669 quod
544 1597 652 1652 contra
673 1609 707 1650 so
728 1591 831 1650 habet.
854 1597 1068 1650 moarctooeom
1089 1588 1159 1648 Bas.
1182 1607 1217 1648 m.
1236 1593 1261 1647 l.
1287 1593 1298 1646 ι’
1324 1596 1454 1665 utroquo
1479 1590 1550 1650 looo
1573 1609 1649 1650 cor-

438 1705 564 1760 ructum.
585 1701 777 1775 nequiquam
798 1696 868 1756 Bas.

521 1825 547 1868 c.
569 1809 617 1867 63.
639 1807 742 1866 diir-
754 1805 880 1883 (postea
893 1803 953 1876 dia)
965 1837 1003 1844 -
1015 1805 1185 1880 capiundum
1207 1839 1232 1845 --
1253 1806 1366 1864 milicia
1381 1833 1416 1842 —
1429 1804 1599 1862 dividorum
1617 1833 1651 1842 -

435 1918 596 1990 puericiam
614 1947 652 1957 -
663 1919 783 1990 pameas
803 1953 831 1961 -
850 1913 999 1990 sommariis
1009 1940 1047 1950 -
1058 1927 1149 1988 araca
1161 1943 1196 1952 -
1209 1912 1360 1971 canonialis
1370 1941 1409 1952 -
1420 1915 1493 1969 arlia
1504 1928 1541 1968 ιιι.
1554 1927 1599 1986 pr.
1611 1939 1649 1946 -

438 2025 531 2082 omnia
545 2021 706 2098 scriptura
721 2021 789 2080 cod.
801 2020 870 2079 Bas.
883 2035 1024 2095 prospera
1037 2024 1190 2091 cumauro·
1205 2016 1341 2077 nonnulli
1355 2023 1461 2076 contra
1475 2019 1649 2076 auctorita-

441 2133 502 2189 tam
514 2129 696 2206 optimorum
710 2127 858 2186 librorum
873 2126 945 2186 Bas.
957 2124 1025 2184 Par.
1035 2123 1101 2184 liin.
1116 2125 1183 2183 Tur.
1196 2123 1280 2184 Loid.
1290 2140 1435 2200 prospero
1449 2124 1650 2200 scripserunt,

439 2235 521 2310 quod
543 2252 602 2294 non
625 2235 722 2294 minua
745 2235 825 2294 bono
843 2232 991 2308 laatinum,
1014 2231 1072 2291 sod
1092 2232 1131 2290 ab
1152 2232 1211 2292 lnuc
1234 2233 1302 2292 loco
1323 2231 1455 2291 alianum
1477 2237 1534 2290 est
1555 2249 1650 2306 appe·

438 2347 500 2400 tera
517 2359 576 2400 aaa
597 2341 726 2400 audebat
747 2339 925 2398 contutatum
948 2355 1005 2397 om.
1028 2337 1098 2396 Bas,
1119 2337 1186 2396 Ein.
1209 2339 1277 2397 l'ur.
1299 2337 1368 2396 Par.
1392 2337 1420 2396 la.
1434 2357 1463 2395 x.
1479 2356 1504 2395 z.
1527 2338 1557 2395 in
1581 2337 1649 2394 Tur.

438 2466 516 2508 conc.
546 2449 603 2526 spl.
631 2451 782 2525 praterea
807 2463 886 2505 coos.
913 2444 1019 2505 dolant
1047 2445 1180 2520 quinqua
1207 2443 1304 2503 Palat.
1335 2444 1468 2520 quinquo
1489 2441 1648 2502 Guollerb.

440 2554 524 2614 multi
546 2572 585 2614 ox
608 2553 734 2628 italicis,
763 2554 816 2629 qui
840 2554 931 2612 otiam
952 2558 1087 2627 appatere
1107 2553 1293 2611 confirmant.
1320 2569 1387 2626 quae
1409 2551 1532 2625 quitiam
1554 2549 1648 2612 lectio

438 2679 505 2722 cunr
525 2663 650 2721 multum
672 2659 862 2720 difficultatis
877 2659 1000 2734 lrabeat,
1022 2660 1194 2718 accuratius
1213 2658 1412 2718 examinanda
1429 2675 1501 2716 ossa
1518 2657 1648 2718 videtur.

438 2768 526 2828 liicat
546 2769 659 2843 aliquis
680 2767 861 2826 constrictum
883 2783 921 2826 ao
942 2766 1041 2826 luisse
1063 2767 1219 2840 omissum,
1249 2766 1332 2841 quod
1357 2765 1466 2825 oculus
1487 2764 1608 2824 librarii
1629 2781 1649 2822 a

439 2877 601 2953 superiora
622 2875 703 2934 linea
724 2875 762 2934 ad
786 2875 964 2933 iniuriarum
980 2874 1182 2932 aberraverit.
1215 2872 1255 2931 llt
1271 2878 1322 2933 ast
1337 2889 1411 2932 sano
1427 2875 1469 2931 ita
1486 2873 1516 2930 in
1532 2873 1648 2948 optimu

438 2982 504 3040 cod.
524 2980 594 3040 Bas.
618 2984 649 3040 ut
669 2987 803 3057 appatere
823 2981 923 3040 locum
939 2997 1032 3056 supra
1050 2978 1232 3039 consulatum
1250 2982 1364 3055 tenuat,
1387 2981 1429 3038 ita
1452 2987 1483 3040 ut
1499 2981 1557 3039 hoc
1580 2979 1648 3039 llari

437 3089 576 3165 putuisse
591 3087 684 3147 laoilo
699 3089 901 3147 concessoris.
936 3086 998 3146 Soti
1015 3090 1116 3146 tamon
1138 3087 1232 3145 multo
1254 3087 1366 3162 saepius
1388 3086 1431 3162 iit,
1455 3090 1487 3144 ut
1507 3105 1525 3145 a
1547 3087 1647 3145 libra-

438 3195 493 3253 riis
523 3194 596 3253 talia
628 3195 779 3255 addantur
810 3210 898 3269 quum
925 3194 1096 3252 eiiciantur.
1131 3192 1288 3251 Praeterea
1316 3207 1383 3250 oum
1409 3193 1438 3251 in
1466 3193 1587 3252 duobus
1615 3201 1648 3252 at

439 3301 563 3377 optimis
586 3307 617 3360 et
639 3303 719 3359 intur
734 3319 768 3360 sa
790 3301 925 3359 divorsis
946 3300 1036 3358 libris
1058 3299 1118 3358 lroo
1132 3296 1314 3357 vocabulum
1333 3299 1479 3357 omissum
1493 3299 1542 3372 sit,
1564 3299 1648 3358 illins

437 3409 607 3484 argumenti
637 3409 687 3467 vis
722 3406 815 3467 valdo
845 3407 1037 3465 imminuitur.
1071 3404 1201 3464 Accedit
1229 3403 1312 3479 quud
1341 3405 1432 3464 etiam
1462 3406 1648 3464 vocabulum

437 3521 570 3590 appelare
598 3514 810 3574 diiiicultatcm
838 3517 948 3572 movet.
980 3513 1030 3586 qui
1057 3513 1135 3570 enim
1165 3511 1344 3586 concedunt,
1374 3518 1476 3587 pctore
1502 3513 1648 3572 absoluto

439 3622 512 3698 poni
533 3621 682 3698 potuisse,
704 3620 785 3678 idam
806 3621 837 3678 in
858 3625 992 3695 appelare
1013 3618 1080 3678 lieri
1094 3636 1191 3697 possa
1212 3623 1332 3693 negant.
1370 3617 1451 3678 Illud
1473 3621 1553 3677 anim
1579 3621 1647 3679 sul-

437 3727 538 3786 lomno
560 3730 592 3785 ut
612 3726 768 3802 proprium
791 3727 820 3785 in
842 3725 902 3784 lrao
921 3742 955 3783 ru
969 3725 1162 3800 vocabulum,
1184 3733 1319 3800 uppctcrc
1332 3743 1391 3784 nun
1407 3728 1458 3785 ita.
1491 3725 1648 3786 Salustius

437 3833 486 3892 bis
513 3833 572 3892 hoo
602 3832 755 3892 vocabulo
785 3849 858 3890 usus
890 3837 948 3905 ost,
982 3829 1068 3890 Catil.
1099 3832 1148 3890 lt:
1181 3831 1403 3892 adulescentium
1431 3833 1648 3909 familiaritates

437 3941 591 4016 oppetebat.
614 3944 646 3999 ot
667 3940 728 4016 lug.
754 3943 798 3998 lt.
821 3944 851 3998 ia
871 3943 933 3998 auio
954 3939 1047 4000 dubiis
1075 3941 1163 4000 robur
1191 3945 1354 4001 sociemtcm
1382 3949 1509 4001 caricum
1534 3947 1645 4016 appati-

436 4046 658 4106 nonantulae.
681 4049 728 4105 uu.
751 4053 997 4121 appeteremur.
1019 4045 1129 4106 Cicero
1155 4051 1278 4123 appetitu
1306 4055 1338 4107 ct
1360 4053 1531 4123 appetitione
1557 4049 1647 4107 Gra-

437 4170 504 4212 cum
526 4141 629 4236 ὁρμήν
651 4153 814 4229 expressit,
837 4160 869 4212 et
881 4153 988 4229 procul
1003 4160 1116 4228 urrant,
1143 4155 1194 4229 qui
1209 4161 1343 4230 oppetere
1359 4155 1435 4213 ninii
1456 4155 1541 4215 aliud
1556 4173 1647 4231 quam

437 4263 641 4335 concupiscere
662 4276 733 4319 osso
755 4260 870 4319 volunt.
902 4259 1092 4319 Contrarium
1115 4261 1165 4320 vel
1185 4273 1259 4320 unus
1281 4260 1439 4320 Ciceronis
1458 4261 1546 4320 locus
1569 4278 1648 4338 pro-

437 4367 499 4425 bat.
531 4363 611 4426 Pliil.
633 4385 675 4424 ιιι.
700 4369 745 4425 lt.
772 4365 855 4442 quoii
875 4367 1024 4443 agendum
1045 4371 1138 4442 atquo
1160 4365 1339 4442 laniandum,
1370 4369 1450 4427 iilum
1473 4385 1532 4426 non
1553 4368 1647 4428 modo

437 4489 496 4533 non
518 4489 667 4548 recusem,
693 4475 749 4533 sod
768 4479 910 4552 oppetam
936 4475 1028 4534 otiam
1049 4477 1143 4550 atquo
1164 4474 1336 4551 deposcam.
1377 4474 1530 4534 Salustius
1552 4476 1649 4552 igitur

436 4581 568 4640 oonsilio
590 4581 650 4639 hoo
669 4581 823 4641 vocabulo
846 4599 918 4640 usus
941 4597 1012 4640 osse
1034 4579 1172 4654 videtur,
1204 4583 1286 4656 quod
1316 4599 1414 4658 nuqua
1437 4583 1530 4654 idem,
1564 4584 1648 4658 quod

437 4682 555 4760 cicaro,
577 4687 712 4747 dicturus
734 4693 812 4764 arat,
831 4686 934 4756 (offic.
958 4707 999 4746 ιιι.
1021 4689 1069 4746 20.
1092 4687 1207 4746 ilarius
1236 4705 1303 4748 oum
1323 4689 1381 4746 iam
1404 4690 1565 4765 septimum
1588 4707 1646 4748 an·
