3526 5604
434 604 506 674 3l0

434 829 469 876 se
503 806 545 876 ad
569 827 642 876 rem
665 804 834 898 publicam
865 805 1076 875 evertendam
1102 805 1228 876 babere
1256 859 1322 876 ...
1350 807 1474 889 Tanta,
1517 809 1628 902 inquil,

432 929 615 1001 sanctitudo
640 928 707 998 lani
734 939 791 1010 est,
826 939 863 998 ut
887 951 1070 1021 numquam
1098 928 1273 1022 qnisquam
1303 929 1429 1000 violare
1459 931 1501 1000 sit
1525 955 1629 1001 ansus.

434 1056 554 1126 Gellius
574 1053 631 1136 17,
650 1055 684 1126 2.
785 1054 819 1123 3.
847 1053 1010 1124 bellatum
1030 1077 1105 1124 cum
1123 1054 1226 1124 Callis
1249 1079 1289 1124 co
1314 1078 1403 1124 anno
1430 1051 1478 1140 [a.
1496 1081 1529 1124 u.
1548 1053 1629 1142 387]

432 1179 521 1249 circa
555 1178 719 1250 Anienem
752 1177 876 1247 flumen
908 1189 1023 1246 auctor
1058 1187 1106 1246 est
1138 1177 1315 1260 Claudius,
1350 1179 1575 1272 inclutamque
1599 1180 1629 1247 in

431 1312 530 1396 ponte
556 1324 714 1394 pugnam,
741 1324 808 1394 qna
834 1301 872 1370 T.
899 1300 1042 1371 lllanlius
1068 1300 1215 1380 Gallum,
1248 1325 1323 1371 cum
1350 1325 1418 1394 quo
1442 1315 1628 1394 provocatus

432 1448 548 1496 manus
568 1422 744 1505 conseruit,
771 1424 806 1493 in
828 1435 1002 1516 conspectu
1028 1423 1169 1492 duorum
1188 1423 1393 1494 exercituum
1419 1406 1550 1496 caesum
1565 1439 1629 1498 tor·

432 1575 498 1645 que
523 1551 685 1644 spoliavit,
713 1561 782 1620 tum
807 1558 1000 1643 pugnatam.
1047 1549 1200 1620 Pluribus
1226 1550 1417 1622 auctoribus
1446 1553 1550 1644 magis
1573 1551 1629 1621 ad·
1739 1621 1740 1624 ,

431 1675 536 1746 ducor
561 1684 597 1744 nt
622 1673 756 1745 credam
784 1684 845 1743 eto.
887 1675 999 1742 bisi-us
1017 1672 1051 1754 6,
1071 1671 1130 1755 42,
1156 1673 1190 1744 6.
1291 1673 1324 1744 l.
1352 1670 1454 1759 [Eam
1470 1673 1627 1768 pugnam]

432 1799 646 1884 odlandus
665 1800 774 1892 primo
799 1799 972 1869 annalium
998 1800 1174 1892 purissime
1200 1811 1298 1894 atque
1315 1800 1535 1871 illustrissime
1552 1799 1627 1868 sim·
1739 1793 1740 1804 ’

430 1927 577 2020 plicique
619 1937 651 1995 et
685 1925 850 2018 incompta
884 1925 1041 1995 orationis
1072 1927 1228 2017 antiquae
1260 1926 1418 1996 suavitate
1453 1923 1626 2016 descripsit
1739 1943 1740 1952 ¹

432 2049 541 2132 Quem
567 2051 677 2121 locum
704 2075 746 2121 ex
772 2074 812 2121 co
838 2051 923 2121 libro
947 2051 1132 2121 Favorinus
1153 2049 1370 2144 philosophus
1396 2075 1472 2122 cum
1498 2051 1625 2142 legeret,
1739 2099 1740 2136 ,

431 2196 498 2243 non
533 2173 717 2245 minoribus
747 2176 836 2267 quati
868 2173 1025 2267 allicique
1056 2173 1205 2244 animum
1238 2197 1335 2243 suum
1361 2173 1505 2244 motibus
1530 2173 1627 2267 pulsi-
1739 2183 1740 2258 ξ

430 2298 559 2390 busque
577 2297 716 2378 dicebat,
743 2322 841 2391 qnam
860 2298 886 2368 si
905 2299 975 2392 ipse
1001 2322 1112 2369 coram
1136 2298 1354 2391 depugnantis
1379 2322 1436 2368 eos
1462 2307 1625 2391 spectaret.

430 2423 542 2495 Verba
574 2422 627 2505 Q..
643 2424 774 2495 Claudii
807 2421 925 2510 [verba
955 2449 998 2494 ex
1022 2424 1159 2494 historia
1194 2423 1324 2495 Claudii
1350 2422 1563 2514 Quadrigarii
1593 2423 1625 2489 io
1739 2495 1740 2518 χ

429 2545 549 2634 iudice]
569 2599 577 2616 .
598 2599 606 2616 .
628 2600 637 2616 .
663 2547 840 2640 adscripsi:
868 2549 951 2619 Cum
970 2547 1102 2618 interim
1119 2550 1234 2619 Gallus
1251 2547 1387 2641 qnidam
1405 2547 1512 2618 nudus
1535 2568 1627 2640 prae·
1739 2551 1740 2616 l

429 2681 480 2742 ter
513 2661 641 2741 scutum
677 2681 709 2741 et
741 2672 870 2764 gladios
904 2671 986 2742 duos
1016 2683 1134 2765 torque
1166 2681 1264 2764 atquc
1294 2672 1435 2742 armillis
1461 2671 1625 2741 decoratus

430 2795 599 2888 processit,
625 2795 683 2887 qui
709 2804 741 2864 et
766 2794 890 2865 viribus
917 2806 950 2865 ct
974 2796 1203 2888 magnitudine
1228 2806 1260 2865 et
1280 2796 1502 2867 adolescentia
1518 2793 1625 2865 simul·
1739 2815 1740 2872 Τ

430 2943 495 3014 que
530 2920 649 2989 virtute
682 2919 800 2989 ceteris
832 2919 1019 2990 antistabat.
1070 2923 1102 2990 ls
1136 2919 1281 2990 maxime
1312 2920 1440 3013 proelio
1472 2929 1624 2990 commoto

430 3054 529 3137 atque
565 3043 713 3136 utrisque
745 3066 875 3114 summo
913 3043 1020 3113 studio
1051 3044 1273 3136 pugnantibus
1307 3069 1408 3115 manu
1446 3043 1623 3137 significare

430 3167 548 3259 coepit,
574 3167 740 3260 utrimque
761 3166 981 3258 quiescerent.
998 3157 1150 3258 'Pugnae
1168 3168 1254 3237 lacta
1271 3190 1373 3260 pausa
1391 3178 1440 3237 est
1457 3167 1623 3260 extemplo.
1739 3199 1740 3202 ¹

430 3290 569 3360 Silentio
594 3290 680 3360 lacto
706 3313 782 3360 eum
807 3315 888 3362 voce
913 3291 1059 3361 maxima
1082 3291 1278 3373 conclamat,
1305 3293 1412 3385 siqui
1437 3317 1548 3364 secum
1571 3293 1624 3363 de·
1739 3351 1740 3356 ,

429 3437 581 3507 pugnare
605 3415 715 3495 vellet,
741 3415 790 3485 uti
815 3413 973 3507 prodiret.
1012 3417 1116 3486 Nemo
1141 3415 1284 3486 audebat
1307 3427 1441 3509 propter
1465 3417 1623 3509 magnitu·
1739 3487 1740 3512 ¹

430 3538 542 3609 dinem
568 3548 668 3632 atque
694 3539 934 3608 immanitatem
959 3537 1071 3608 facies.
1115 3534 1312 3633 [Corruptos
1337 3552 1448 3611 autem
1473 3543 1623 3635 quosdam

429 3662 532 3734 libros
558 3663 702 3757 repperi,
728 3664 761 3732 in
788 3662 909 3756 quibus
935 3651 1051 3734 ‘faciei'
1075 3664 1234 3758 scriptum
1260 3676 1320 3748 est,
1353 3666 1412 3737 illo
1440 3667 1531 3761 quod
1556 3675 1623 3736 ante

430 3787 587 3880 scriptum
605 3797 685 3870 erat,
712 3785 909 3857 oblitterato.
952 3787 1164 3859 Meminimus
1183 3790 1283 3859 etiam
1305 3791 1340 3859 in
1357 3789 1486 3860 Tiburti
1512 3789 1624 3861 biblio·
1739 3797 1740 3808 ¹

429 3911 527 3983 theca
551 3913 701 3984 invenire
727 3935 787 3982 nos
813 3912 847 3981 in
874 3912 990 3983 eodem
1008 3913 1140 3984 Claudii
1167 3914 1252 3986 libro
1276 3915 1434 4008 scriptum
1456 3925 1621 4006 utrumqne
1739 3963 1740 3992 ,

430 4017 548 4107 ‘iacies’
575 4050 607 4108 ct
630 4025 737 4108 ‘iacii'.
784 4036 848 4106 Sed
873 4027 1051 4108 ‘lacios’·in
1078 4038 1194 4108 ordine
1219 4040 1376 4132 scriptum
1403 4039 1475 4118 fuit,
1502 4050 1535 4109 et
1552 4060 1622 4108 con·

430 4171 481 4232 tra
505 4185 566 4255 per
590 4165 606 4232 l
631 4164 802 4255 geminum
834 4151 939 4232 lucii.
986 4164 1107 4234 Gellius
1126 4163 1161 4246 9,
1188 4161 1244 4248 14,
1267 4163 1320 4253 3.]
1368 4164 1497 4237 Deinde
1521 4161 1621 4233 Gallus

430 4285 570 4355 irridere
596 4286 704 4379 coepit
728 4296 826 4379 atque
853 4285 1002 4376 lingnam
1028 4297 1191 4359 exertare.
1234 4287 1271 4358 ld
1300 4289 1409 4360 subito
1433 4287 1621 4382 perdolitum

432 4419 482 4478 est
505 4409 637 4479 cuidam
668 4410 706 4479 T.
733 4409 857 4479 Manlio
883 4431 1012 4479 summo
1038 4433 1163 4502 genere
1193 4421 1281 4493 nato,
1315 4422 1443 4482 tantum
1470 4409 1622 4502 flagitium
1739 4457 1740 4468 .

432 4534 556 4604 civitati
581 4534 749 4617 accidere,
791 4558 809 4603 e
839 4544 929 4604 tanto
960 4536 1106 4606 exercitu
1135 4537 1303 4607 neminem
1329 4537 1474 4629 prodire.
1521 4538 1562 4616 ls,
1592 4540 1623 4600 ut
1739 4579 1740 4628 ,

428 4657 517 4740 dico,
544 4658 704 4751 processit
727 4681 836 4750 neqnc
867 4681 981 4749 passus
1014 4671 1063 4729 est
1092 4661 1247 4732 virtutem
1279 4663 1461 4732 Romanam
1493 4655 1621 4730 aGallo
1739 4643 1740 4708 Ῡ
