3582 5594
1292 613 1360 684 103

147 809 283 880 Booelro
301 807 438 892 habere,
466 831 566 902 wem
592 831 706 880 secum
732 819 766 879 et
790 832 866 880 oum
892 809 966 880 aliis
983 809 1148 902 gentibus,
1176 810 1360 882 lubidinem

147 933 373 1027 imperitandi,
401 935 476 1026 quis
501 933 616 1005 omnia
640 955 747 1026 regna
771 933 911 1004 advorsa
935 943 1031 1016 sunt;
1057 943 1127 1004 tum
1146 955 1229 1016 sese,
1256 935 1358 1028 paulo

146 1069 222 1128 ante
249 1057 557 1150 Carthaginienses,
592 1059 671 1129 item
702 1080 817 1150 regem
842 1060 985 1140 Persem
1024 1067 1107 1151 post,
1141 1057 1189 1128 uti
1214 1059 1357 1152 quisque

146 1183 430 1275 opulentissumus
454 1182 616 1266 videatur,
643 1183 689 1254 ita
714 1182 871 1254 Romanis
897 1182 1026 1253 hostem
1053 1183 1134 1253 soro.
1174 1183 1235 1253 His
1256 1193 1356 1278 atque

146 1305 221 1375 aliis
246 1305 371 1378 talibus
397 1306 494 1378 dietis
519 1306 562 1376 ad
587 1307 712 1378 Cirtam
737 1305 896 1401 oppidum
928 1308 991 1377 iter
1020 1305 1232 1390 constituunt,
1266 1308 1356 1402 quod

146 1431 192 1502 ihi
216 1433 374 1504 Metellus
407 1434 555 1527 praedam
594 1435 807 1528 captivosque
841 1443 874 1504 et
909 1432 1145 1527 impedimenta
1178 1433 1355 1502 locaverat.

145 1557 194 1626 lta
208 1557 375 1648 iugurtha
399 1569 491 1630 retus
516 1571 573 1631 aut
597 1570 693 1653 capta
719 1559 802 1629 urbe
827 1580 938 1651 operae
959 1556 1102 1650 pretium
1119 1557 1202 1640 fore,
1229 1566 1297 1638 aut,
1327 1557 1354 1626 si

146 1678 212 1748 dux
224 1683 399 1754 Romanus
414 1683 541 1754 auxilio
557 1684 626 1755 suis
643 1685 796 1767 venisset,
823 1683 938 1776 prelio
955 1705 1027 1754 sese
1045 1691 1234 1753 certaturos.
1268 1682 1354 1751 Nam

147 1803 287 1876 callidus
312 1804 346 1875 id
371 1807 478 1878 modo
497 1808 681 1889 festinabat,
708 1807 829 1880 Bocchi
856 1830 973 1901 pacem
997 1805 1197 1889 inminuere,
1224 1828 1354 1876 nemo-

146 1951 198 1998 rm
222 1929 382 2022 agitando
407 1931 498 2003 alind
523 1957 624 2026 quam
650 1933 777 2004 bellum
803 1933 928 2003 mallet.

220 2063 355 2126 unu.
406 2057 588 2149 Imperator
612 2067 785 2150 postquam
811 2057 854 2127 de
878 2079 997 2148 regum
1015 2055 1169 2126 societate
1186 2052 1351 2145 cognovit

149 2199 215 2248 uon
242 2189 368 2251 temere
393 2203 501 2275 neque
534 2182 583 2254 uti
616 2205 703 2275 saepe
732 2183 799 2252 iam
829 2183 916 2253 vieto
940 2181 1101 2272 Iugurtha
1125 2187 1350 2261 consueverat,

148 2303 302 2374 omnibus
318 2305 401 2376 loeis
417 2306 590 2400 pugnandi
615 2307 744 2401 copiam
770 2306 860 2389 facit,
886 2315 1032 2377 ceterum
1057 2302 1146 2376 haud
1171 2302 1351 2396 proculab

147 2427 235 2500 Cirta
262 2429 378 2500 eastris
404 2431 540 2502 munitis
573 2453 670 2522 reges
704 2431 864 2524 operitur,
898 2430 1018 2503 melius
1049 2451 1121 2500 esse
1152 2437 1255 2512 ratus,
1291 2450 1351 2498 eo-

147 2553 246 2644 gnitis
269 2555 407 2635 mauris,
452 2555 612 2648 qnoniam
638 2556 664 2626 is
690 2579 796 2628 novus
828 2556 928 2628 hostis
957 2561 1150 2636 accesserat,
1189 2576 1231 2624 ex
1256 2574 1351 2622 oom-

149 2677 246 2748 modo
270 2700 421 2771 pugnam
447 2679 567 2750 lacere.
623 2681 759 2753 interim
784 2682 891 2750 Roma
915 2704 976 2773 per
1004 2680 1130 2752 litteras
1155 2678 1276 2750 certior
1301 2676 1348 2759 iit,

148 2800 351 2892 provinciam
386 2803 576 2875 Numidiam
610 2805 717 2877 ldario
750 2804 877 2887 datam3
915 2827 993 2876 nom
1024 2805 1195 2876 consulem
1228 2804 1349 2874 lactum

148 2935 219 2996 ante
253 2939 438 3021 acceperat.
489 2929 618 3013 Quibus
655 2930 756 3001 rebus
788 2953 887 3023 supra
924 2929 1049 3000 honum
1082 2938 1139 3000 aut
1170 2928 1349 3000 honestum

147 3052 315 3141 peruulsus
340 3077 449 3147 neque
473 3054 637 3126 lacrumas
662 3065 777 3128 tenere
792 3077 903 3148 neque
920 3053 1086 3125 moderari
1103 3054 1270 3146 lingnam:
1298 3049 1349 3121 vir

147 3177 302 3268 egregius
336 3177 371 3248 in
409 3179 484 3249 aliis
522 3180 646 3250 artibus
686 3180 785 3250 nimis
820 3180 965 3250 molliter
1003 3178 1236 3272 egritudinem
1268 3176 1347 3271 pati.

147 3295 253 3379 Quam
278 3322 352 3370 rem
378 3301 438 3372 alii
462 3302 497 3372 in
523 3303 713 3396 superbiam
730 3304 912 3386 vorteltant,
939 3303 998 3373 ulii
1023 3301 1148 3373 bonum
1175 3300 1349 3395 ingenium

147 3424 348 3494 contumelia
373 3449 549 3498 accensum
568 3451 657 3509 esse;
683 3428 791 3510 multi,
818 3429 907 3520 quod
932 3428 998 3498 iam
1023 3438 1119 3522 parta
1143 3426 1282 3498 victoria
1306 3448 1349 3496 ex

147 3548 297 3620 manibus
331 3551 533 3646 eriperetur3
572 3553 666 3624 nobis
700 3553 778 3624 satis
812 3554 982 3645 cognitum
1016 3563 1076 3634 est,
1115 3551 1210 3622 illum
1240 3549 1348 3641 magis

147 3667 271 3742 honore
288 3675 389 3748 diarii
414 3699 515 3771 qnam
541 3677 662 3749 iniuria
687 3702 749 3750 sua
774 3679 1000 3753 excruciatum
1025 3700 1135 3770 neque
1160 3686 1228 3746 tam
1248 3674 1348 3746 anxie

145 3792 287 3866 laturum
304 3797 419 3882 fuisse,
436 3799 464 3870 si
481 3801 635 3896 adempta
651 3802 822 3892 provincia
838 3803 895 3873 alii
913 3824 1014 3897 qnam
1027 3801 1134 3873 lllario
1152 3799 1347 3870 traderetur.

216 3943 362 3994 nxxxm.
412 3925 517 4016 Igitur
550 3948 591 3996 eo
617 3926 731 3998 dolore
761 3926 939 4021 impeditus
965 3938 998 3998 et
1022 3927 1101 4022 qnia
1126 3924 1271 3996 stultitiae
1297 3925 1348 3994 vi-

148 4042 283 4119 debatur
308 4047 454 4119 alienam
478 4073 552 4122 rem
573 4051 724 4145 periculo
743 4075 803 4123 suo
821 4075 950 4135 curare,
976 4053 1102 4143 legatos
1118 4051 1160 4122 ad
1178 4049 1348 4122 Bocchum

149 4169 242 4240 mittit
264 4165 479 4266 postulatum,
514 4201 556 4248 ne
581 4179 654 4250 sine
680 4203 779 4251 eausa
804 4181 905 4253 hostis
936 4180 1051 4275 populi
1071 4178 1213 4250 Romani
1239 4177 1346 4249 lieret:

147 4290 267 4368 habuc
301 4309 372 4370 tnm
401 4323 559 4394 magnam
594 4305 724 4397 copiam
756 4305 921 4376 societatis
955 4305 1175 4398 amicitiaeque
1208 4303 1348 4373 eoninn-

147 4421 271 4509 gendu,
299 4446 375 4516 quae
401 4427 509 4519 potior
530 4428 620 4498 hello
638 4439 742 4510 esset;
769 4439 802 4498 et
818 4451 1020 4524 quamquem
1038 4428 1157 4522 opibus
1182 4427 1250 4498 suis
1267 4451 1349 4498 oon·

148 4541 267 4630 fideret,
303 4559 415 4622 umen
447 4575 514 4624 non
548 4555 671 4626 debere
696 4555 823 4626 ineerta
851 4577 911 4648 pro
931 4555 1036 4642 'cerus
1061 4561 1211 4636 mutare;
1248 4573 1348 4624 omne

145 4666 265 4743 bellum
291 4675 379 4746 sumi
405 4676 513 4760 laeile,
541 4689 688 4750 ceterum
706 4699 892 4770 aegerrumo
913 4677 1086 4758 desinere;
1112 4699 1179 4748 non
1206 4677 1239 4747 in
1258 4675 1348 4746 eins-
