3702 5600
1346 669 1417 737 tor

209 861 371 926 etiamnum
393 863 536 923 usitatum
563 865 619 922 est.
659 862 734 922 Nam
755 881 792 924 ea
814 865 912 924 solum
933 866 1054 925 ratione
1079 865 1145 924 lieri
1167 869 1280 942 potest,
1310 869 1342 923 nt
1364 883 1418 924 oa·

208 969 329 1030 lumniae
351 972 383 1029 et
403 987 560 1046 perversae
583 970 832 1047 interpretationi
854 972 955 1032 nullus
977 973 1063 1032 locus
1084 972 1284 1046 relinquatur.

289 1093 314 1136 o.
338 1079 384 1160 tl.
412 1079 539 1151 portium
565 1093 627 1135 moe
649 1077 833 1152 popularium
855 1078 925 1138 Bas.
948 1078 1004 1138 sed
1030 1095 1097 1138 cum
1126 1078 1222 1154 signis
1244 1078 1418 1155 transposi-

208 1183 310 1242 tionis.
332 1187 483 1243 ecnntoree
501 1184 661 1260 sectionum
683 1181 750 1242 bin.
771 1184 841 1244 Par.
866 1185 920 1244 sed
950 1186 981 1243 iu
1001 1184 1061 1244 boe
1081 1201 1117 1244 us
1139 1185 1196 1261 spl.
1222 1191 1341 1244 renum
1362 1200 1418 1244 om.

208 1287 316 1349 Nezar.
339 1297 459 1349 ceremur
481 1295 512 1349 et
533 1307 615 1349 orum
638 1291 693 1367 spl.
720 1289 788 1350 Tur.
809 1297 894 1368 atquc
922 1291 1097 1350 elundootin
1123 1289 1193 1350 Bas.
1214 1310 1233 1349 1.
1261 1295 1293 1350 et
1314 1291 1421 1368 optimi

191 1375 288 1455 ’'libri.
302 1403 330 1455 et
344 1397 446 1456 abund.
464 1396 651 1474 negligentia
671 1395 842 1473 typothetae
860 1399 889 1456 in
906 1397 1061 1456 nonnullis
1080 1397 1268 1457 editionibus
1288 1414 1419 1475 expres-

210 1521 283 1562 sum.
316 1520 366 1562 rcs
392 1503 526 1563 secundo
557 1503 600 1561 ita
631 1503 719 1562 codd.
750 1503 884 1563 comendo
910 1520 960 1563 rcr
985 1503 1071 1563 Leid.
1094 1503 1128 1562 L.
1154 1508 1186 1564 et
1212 1504 1242 1562 in
1265 1505 1419 1565 nonnullis

210 1610 404 1670 editionibus.
431 1611 620 1688 acerbiusque
646 1611 681 1684 fit
700 1611 771 1670 Bas.
792 1611 862 1670 Par.
885 1612 942 1689 spl.
967 1610 1080 1684 (ceteri
1100 1609 1183 1689 suit)
1205 1629 1272 1686 quae
1299 1613 1420 1688 quidem

209 1717 302 1777 lectio
329 1736 387 1778 non
415 1719 506 1795 plane
535 1735 628 1778 sensu
658 1735 765 1778 carere
794 1718 925 1791 videtur,
956 1719 1014 1777 sod
1040 1721 1141 1778 temen
1171 1718 1335 1778 durissima
1363 1725 1420 1779 est.

210 1841 304 1900 quare
332 1825 362 1883 in
395 1825 583 1898 reliquorum
612 1825 759 1884 librorum
790 1840 942 1883 consensu
968 1825 1122 1902 vulgatam
1155 1843 1213 1885 non
1248 1827 1420 1886 mutandam

210 1947 280 1990 esse
303 1931 382 1990 duxi.
404 1932 538 1990 nobilitas
562 1932 732 2007 dipnitatem,
760 1931 885 2006 populus
909 1931 1064 1990 libertatem
1085 1934 1116 1990 in
1137 1931 1288 1992 lubidinem
1307 1941 1421 1992 eutero

209 2037 253 2097 ita
275 2038 347 2097 boni
370 2037 458 2096 codd.
485 2037 541 2096 sed
566 2041 638 2114 post
661 2037 823 2113 dipuitotcrn
849 2036 966 2095 babent
985 2035 1048 2094 l’al.
1071 2038 1098 2095 7.
1128 2039 1174 2096 10.
1208 2041 1273 2097 tres
1300 2039 1420 2099 Wassii

209 2143 289 2218 libri,
319 2143 418 2203 Gueli.
446 2147 473 2203 3.
501 2147 546 2204 11.
577 2147 622 2203 12.
650 2142 740 2204 Rern.
762 2162 782 2201 1.
812 2144 939 2220 August.
963 2160 1001 2202 m.
1022 2145 1053 2201 in
1073 2143 1302 2223 deminutiorem,
1326 2147 1420 2223 pauci

209 2255 240 2310 iu
265 2250 437 2327 superbiam,
468 2251 499 2309 id
531 2253 613 2326 quod
639 2250 796 2310 Victorius
823 2249 954 2326 recepit3
990 2249 1089 2308 altera
1117 2250 1222 2326 glossa
1248 2269 1345 2329 nuper
1365 2269 1419 2312 re-

209 2362 299 2435 cepta
321 2363 378 2417 est.
420 2356 500 2416 Sane
522 2356 644 2416 mireris
672 2356 732 2414 hoc
758 2355 796 2413 ab
818 2356 941 2415 bomine
964 2355 1056 2416 docto
1077 2356 1188 2415 lactum
1215 2374 1295 2434 esse,
1330 2375 1419 2435 quem

209 2465 236 2524 si
259 2465 336 2524 alius
358 2465 439 2524 idern
461 2481 554 2523 ausus
576 2469 634 2540 est,
664 2464 732 2522 dies
762 2463 848 2539 prius
870 2479 960 2538 quam
983 2463 1081 2521 verba
1103 2463 1280 2541 delicerent,
1310 2467 1419 2540 quibus

208 2571 301 2632 talem
331 2571 622 2631 inconsiderantiam
651 2571 884 2648 perstringeret.
921 2587 1020 2645 neque
1045 2568 1108 2629 ulla
1140 2571 1217 2630 satis
1248 2572 1420 2648 probabilis

208 2697 301 2738 causa
329 2679 463 2754 affertur,
498 2695 553 2738 cur
578 2678 636 2738 boc
668 2679 711 2736 ita
737 2677 804 2736 fieri
832 2693 962 2736 necesse
987 2677 1091 2736 tuerit.
1129 2677 1205 2736 Nam
1240 2678 1419 2756 dignitatem

208 2803 269 2845 non
295 2786 391 2845 minus
417 2785 511 2845 facile
539 2802 628 2860 quam
655 2784 832 2843 libertatem
855 2785 885 2842 in
912 2782 1079 2842 lubidinem
1106 2785 1187 2843 verti
1212 2785 1352 2861 potuisse
1380 2804 1419 2846 ne

209 2893 277 2969 ipse
303 2893 424 2967 quidem
446 2891 580 2968 negavit.
612 2891 678 2949 baec
700 2891 778 2950 enim
802 2889 901 2966 pestis
927 2890 974 2948 rei
994 2889 1126 2966 publicae
1148 2889 1214 2964 fuit,
1237 2893 1319 2967 quod
1341 2909 1418 2952 neu-

209 2998 266 3057 tris
299 3015 397 3074 neque
429 2998 536 3056 modus
566 3013 666 3072 neque
688 2997 839 3056 modestia
862 2997 976 3071 inerat,
1011 3001 1042 3056 et
1063 2997 1146 3073 quod
1167 2999 1287 3073 utrique
1309 2999 1419 3058 eodem

208 3105 286 3164 vitio
313 3105 509 3180 laborabant3
544 3121 580 3162 ea
610 3102 759 3163 malorum
785 3119 887 3178 causa,
916 3104 1026 3178 quibus
1053 3121 1105 3163 res
1129 3105 1252 3182 publica
1275 3123 1418 3181 pessum-

209 3213 281 3272 data
302 3219 357 3271 est.
400 3211 497 3288 lgitur
527 3211 626 3270 omnia
658 3227 738 3268 vana
764 3215 795 3268 et
816 3210 918 3282 irrita,
953 3227 1019 3285 quae
1044 3211 1138 3270 allata
1161 3217 1247 3286 sunt;
1280 3214 1308 3271 si
1338 3212 1417 3272 enim

208 3335 313 3379 omnes
334 3318 457 3396 glossas
480 3335 519 3378 ex
540 3317 748 3377 deterioribus
769 3316 859 3374 libris
880 3317 1021 3392 recipere
1039 3317 1151 3393 placet,
1173 3319 1273 3378 oratio
1291 3317 1418 3378 Salustii

207 3427 297 3487 brevi
322 3426 381 3496 alia
409 3425 470 3484 liet.
498 3431 585 3502 quoe!
605 3422 674 3483 Bas.
703 3431 792 3483 senet
814 3428 904 3498 poem
926 3422 995 3482 Bas.
1016 3423 1101 3482 Leid.
1126 3423 1192 3483 liin.
1214 3426 1274 3484 'lur
1295 3428 1327 3484 et
1348 3442 1417 3485 om-

208 3550 263 3593 nes
287 3533 354 3592 iere
384 3533 465 3592 libri.
491 3536 556 3607 ipse
576 3530 657 3590 llinii
679 3531 751 3590 libri
770 3537 802 3590 et
827 3531 925 3590 ceteri
946 3529 1032 3589 Leid.
1059 3531 1163 3590 Pemb.
1185 3531 1219 3591 B.
1241 3531 1314 3591 Pub.
1336 3533 1418 3609 apud

208 3641 377 3700 Wassium.
405 3639 629 3699 Nominativum
657 3639 687 3697 in
712 3638 772 3697 bec
794 3637 918 3696 dicendi
939 3637 1060 3696 ratione
1082 3637 1195 3706 sepius
1217 3640 1418 3699 restituerunt

208 3747 407 3824 interpretes;
429 3753 460 3806 et
481 3751 529 3806 ost
549 3747 604 3805 ille
626 3746 703 3804 satis
724 3744 879 3819 frequens.
899 3742 1054 3804 circatil.
1071 3746 1118 3803 20.
1140 3751 1251 3804 memet
1270 3749 1346 3821 ipei,·
1367 3748 1415 3806 23.

207 3860 319 3914 suomet
338 3858 416 3928 ipse‚·
438 3856 476 3912 52
498 3871 606 3912 mecum
627 3856 704 3927 ipsc,·
727 3854 765 3910 32
787 3868 885 3910 secum
905 3853 983 3925 ipsq-
1010 3851 1066 3910 sed
1088 3867 1188 3926 neque
1209 3852 1415 3912 accusativum

208 3960 268 4019 boc
295 3961 365 4020 loco
393 3961 504 4036 aliquis
532 3963 617 4019 recte
644 3958 892 4034 reprehenderim
922 3975 981 4016 non
1010 3959 1088 4017 enim
1115 3958 1164 4016 vis
1194 3959 1354 4018 sententiae
1384 3959 1415 4019 in

207 4066 268 4126 boc
299 4067 444 4140 vertitur,
479 4068 560 4141 quod
590 4067 721 4126 avaritia
753 4067 819 4141 ipsa
848 4064 975 4124 fructum
999 4064 1115 4123 laboris
1136 4064 1322 4140 perdiderit,
1355 4064 1416 4124 sed

208 4174 299 4249 quod,
320 4178 481 4250 postquam
504 4174 605 4232 omnia
626 4172 745 4250 polluit,
774 4172 911 4245 sudavit,
934 4172 1079 4247 corrupit,
1102 4171 1159 4228 sibi
1182 4172 1243 4247 ipsi
1268 4171 1415 4248 perniciei

208 4280 274 4339 luit.
295 4298 390 4356 quare
409 4284 502 4356 ipsum
523 4280 601 4339 bene
626 4297 661 4338 se
687 4280 787 4352 babet,
815 4295 914 4353 neque
942 4279 1042 4338 omnia
1066 4277 1105 4336 ad
1127 4277 1255 4336 eandem
1278 4293 1415 4336 normam

208 4388 359 4464 exigenda
386 4393 463 4447 sunt.
492 4387 594 4446 simile
620 4386 697 4444 illud
722 4385 881 4444 Liuianum
906 4403 1011 4444 xxxru
1036 4387 1081 4444 17.
1104 4387 1181 4443 extr.
1202 4383 1296 4443 armis
1317 4383 1414 4460 magis

207 4511 310 4554 muros
332 4513 422 4570 quam
444 4494 585 4570 seipsos
611 4491 759 4551 moenibus
781 4493 884 4552 tutari.

289 4618 314 4660 c.
345 4603 392 4660 t‘t.
433 4604 549 4677 equites
586 4597 656 4657 Bas.
687 4598 842 4672 tribunum,
884 4599 1004 4659 ulier-rem
1033 4602 1210 4659 triumuirum
1242 4597 1312 4657 llas.
1348 4597 1413 4657 Ein.

207 4707 275 4767 'lun
312 4708 367 4767 sed
396 4707 527 4781 atreum,
558 4706 679 4766 otiorum
707 4706 775 4766 Par.
807 4711 840 4766 et
866 4708 956 4783 pauci
981 4705 1035 4766 alii
1067 4707 1233 4766 retinuisse
1262 4707 1413 4766 videntur.

1212 4814 1250 4871 32
