3582 5594
1293 699 1361 767 tt5

154 887 332 970 Antiocho,
360 887 454 982 pacis
478 888 688 971 mercedem;
725 901 801 984 post
824 889 974 961 habitum
1000 893 1157 964 custodiae
1183 895 1255 986 agri
1281 920 1361 990 cap-

155 1015 214 1086 tivi
237 1013 424 1106 sumptibus
449 1024 483 1083 et
507 1013 717 1084 contumeliis
742 1037 785 1083 ex
817 1036 897 1106 rege
927 1015 1162 1088 miserrumum
1191 1040 1361 1091 servorum

155 1139 314 1210 effecere:
348 1138 571 1232 simulatoque
597 1138 701 1232 impio
727 1149 933 1222 testamento,
967 1139 1075 1210 filium
1101 1141 1172 1211 eius
1197 1142 1363 1216 Aristoni·

156 1288 245 1347 cum,
271 1265 353 1357 quia
369 1265 512 1358 patrium
529 1265 857 1357 regnumpetiverat
884 1262 1028 1334 hostium
1045 1287 1137 1335 more
1158 1288 1219 1358 per
1242 1268 1363 1338 trium-

157 1389 228 1460 fum
253 1389 399 1460 duxere:
433 1389 515 1460 Asia
538 1388 582 1459 ab
607 1387 687 1480 ipsis
716 1388 850 1458 obsessa
875 1397 961 1457 est:'
980 1399 1148 1482 postremo
1173 1390 1362 1486 Bithyniam

156 1511 340 1584 Nicomede
365 1522 497 1583 mortuo
522 1511 703 1606 diripuere,
734 1535 811 1582 cum
836 1511 925 1583 lilius
949 1513 1050 1606 Nysa,
1084 1532 1186 1607 quam
1211 1516 1363 1607 reginam

157 1637 396 1730 appellaverat,
434 1637 567 1730 genitus
600 1636 817 1708 hauddubie
844 1647 939 1706 esset.
989 1637 1074 1708 Nam
1107 1638 1189 1732 quid
1218 1661 1282 1733 ego
1307 1664 1362 1711 me

156 1763 350 1856 appellem?
392 1784 492 1856 quem
526 1761 709 1833 diiunctum
735 1761 885 1854 undique
910 1763 1024 1853 regnis
1051 1774 1083 1833 et
1110 1765 1295 1836 tetrarchiis
1320 1767 1362 1836 ab

156 1888 301 1982 imperio
317 1910 447 1967 eorum,
472 1887 552 1979 quia
572 1887 662 1956 lama
684 1896 756 1955 erat
780 1885 914 1956 divitem
931 1909 1041 1979 neque
1057 1887 1256 1959 serviturum
1278 1912 1361 1972 esse,
1385 1915 1411 1924 ··

156 2035 219 2105 per
242 2011 459 2082 Nicomedem
482 2011 572 2080 hello
597 2011 844 2092 lacessiverunt,
870 2010 1006 2082 sceleris
1024 2035 1140 2082 eorum
1157 2012 1247 2084 haud
1265 2013 1363 2106 igna-

156 2160 245 2217 rum,
272 2149 306 2206 et
322 2159 374 2216 ea,
400 2158 475 2229 qua
492 2134 657 2217 accidere,
684 2144 837 2205 testatum
858 2144 957 2205 autea
975 2135 1159 2218 Cretenses,
1185 2137 1273 2208 solos
1289 2161 1363 2208 om-

157 2261 252 2331 nium
272 2254 404 2330 liberos
419 2282 460 2330 ea
485 2267 688 2352 tempestate,
714 2265 746 2328 et
770 2279 886 2348 regem
903 2259 1129 2330 ptolemeum.
1171 2262 1282 2354 Atque
1300 2284 1363 2354 ego

157 2387 245 2456 ultus
271 2385 411 2456 iniurias
437 2383 652 2455 Nicomedem
677 2381 836 2475 bithynia
861 2383 986 2476 expuli,
1012 2383 1195 2477 Asiamque
1220 2386 1363 2478 spolium

158 2510 249 2600 regis
263 2508 423 2610 Antiochi
443 2508 567 2601 recepi,
594 2518 627 2577 et
643 2507 781 2578 Graeciae
799 2506 926 2600 dempsi
952 2528 1054 2598 grave
1079 2509 1261 2580 servitium.
1306 2511 1364 2580 lu-

159 2646 255 2728 cepta
281 2656 356 2704 mea
381 2643 567 2726 postremus
588 2655 757 2703 servorum
776 2629 963 2703 Archelaus
981 2632 1129 2702 exercitu
1146 2632 1277 2726 prodito
1298 2633 1365 2705 im·

159 2759 299 2853 pedivit:
327 2759 455 2852 illique,
481 2779 565 2850 quos
591 2756 725 2846 ignavia
751 2766 808 2826 aut
823 2778 926 2849 prava
942 2755 1117 2837 calliditas,
1143 2767 1180 2827 ut
1205 2758 1285 2828 meis
1313 2759 1365 2828 la-

159 2883 297 2956 boribus
323 2883 383 2954 tuti
408 2893 528 2964 essem,
561 2881 663 2952 munis
688 2880 856 2960 abstinuit,
889 2880 1130 2951 acerbissumas
1155 2903 1271 2974 peenas
1296 2884 1365 2954 sol-

159 3019 256 3080 vunt:
295 3008 492 3078 Ptolemaeus
516 3005 624 3100 pretio
648 3003 684 3073 in
710 3003 780 3074 dies
813 3005 940 3075 bellum
973 3007 1151 3098 prolatans,
1192 3006 1364 3077 Cretenses

160 3131 336 3226 inpugnati
352 3131 457 3201 semel
475 3131 555 3212 iam,
581 3151 690 3222 neque
708 3127 810 3197 tinem
827 3127 890 3198 nisi
914 3129 1044 3199 excidio
1066 3129 1222 3200 habituri.
1256 3133 1365 3223 Equi-

160 3257 237 3326 dem
263 3277 367 3348 quom
391 3254 476 3325 mibi
501 3253 545 3324 cb
571 3253 720 3346 ipsorum
745 3251 876 3322 iuterna
901 3254 991 3323 mala
1017 3253 1118 3324 dilata
1146 3255 1266 3348 proelia
1291 3280 1365 3326 ma-

161 3383 341 3475 gistrum
366 3402 484 3473 pacem
509 3379 621 3449 datam
647 3378 896 3468 intellegerem
931 3379 1097 3449 abnuente
1123 3380 1280 3471 Tigrane,
1306 3382 1363 3474 qui

160 3529 238 3576 mea
264 3506 351 3577 dicta
376 3527 450 3574 sero
474 3503 603 3598 probat,
641 3513 673 3572 te
698 3512 826 3572 remoto
851 3503 980 3595 procul,
1014 3504 1169 3574 omnibus
1202 3505 1277 3574 aliis
1302 3507 1365 3576 ob-

160 3630 283 3712 noxiis,
317 3651 432 3700 rursus
457 3641 567 3700 tamen
592 3627 718 3699 bellum
745 3626 841 3719 coepi,
877 3627 1094 3719 Marcumque
1121 3626 1260 3709 Cottam,
1296 3631 1366 3700 Ro-

160 3777 300 3824 manum
325 3753 456 3833 ducem,
483 3752 572 3846 apud
591 3751 803 3824 Calchedona
828 3761 914 3820 terra
940 3750 1022 3831 ludi,
1049 3752 1133 3821 mari
1159 3753 1236 3822 exui
1261 3751 1365 3822 classe

160 3878 412 3973 pulcherruma.
454 3877 553 3970 Apud
571 3877 728 3971 Cyzicum
752 3896 875 3968 magno
901 3898 976 3945 cum
1002 3875 1150 3947 exercitu
1175 3877 1210 3946 in
1234 3876 1365 3947 obsidio

162 4003 306 4073 moranti
324 4003 525 4072 frumentum
538 3999 652 4082 deluit,
671 3999 765 4070 nullo
778 4000 904 4070 circum
922 3999 1106 4070 adnitente:
1125 4001 1223 4071 simul
1237 4001 1366 4094 hiemps

161 4128 248 4197 mari
264 4126 474 4220 prohibebat.
517 4127 576 4206 lta,
603 4125 675 4195 sine
696 4125 729 4194 vi
754 4123 897 4194 bostium
922 4123 1056 4215 regredi
1082 4136 1219 4194 conatus
1245 4125 1278 4194 in
1304 4148 1366 4218 pa-

161 4252 263 4321 trium
289 4271 442 4341 reguum,
469 4247 651 4338 naufragiis
671 4246 760 4341 apud
785 4248 919 4317 Parium
946 4257 978 4316 et
999 4248 1198 4317 Heracleam
1223 4247 1365 4316 militum

162 4385 315 4466 optumos
332 4395 410 4442 cum
435 4371 595 4442 classibus
620 4371 729 4441 amisi.
766 4370 927 4441 Restituto
953 4370 1072 4441 deiude
1099 4368 1186 4463 apud
1203 4369 1366 4440 Caberam

163 4498 329 4578 exercitu,
364 4507 397 4567 et
420 4496 523 4566 variis
547 4496 711 4566 interme
736 4506 836 4588 atque
862 4496 1040 4566 Lucullum
1073 4494 1214 4588 proeliis,
1253 4495 1367 4588 inopia

163 4643 278 4690 rursus
302 4619 419 4691 ambos
444 4619 587 4690 incessit.
629 4619 683 4689 llli
708 4620 841 4689 suberat
860 4640 1002 4709 regnum
1018 4616 1253 4689 Ariobarzanis
1278 4619 1367 4688 bello

164 4745 343 4816 intactum:
389 4766 464 4836 ego,
502 4743 601 4816 vastis
632 4743 758 4813 circum
788 4742 943 4812 omuibus
977 4741 1068 4824 locis,
1108 4741 1141 4810 in
1175 4741 1367 4814 1111111111

1147 4867 1185 4924 10
