3614 5588
437 639 483 709 56

436 865 511 912 cum
545 841 669 936 popuio
694 843 844 912 Romano
874 839 963 910 bello
988 836 1256 929 Carthaginiensi
1286 837 1466 910 amicitiam
1491 837 1637 922 111111111,

435 991 502 1062 quo
538 978 685 1060 tempore
720 967 830 1058 magis
856 966 938 1037 fides
972 964 1043 1034 eius
1075 986 1176 1056 quam
1214 964 1346 1035 fortuna
1378 966 1520 1057 petenda
1558 976 1638 1035 crat

435 1095 587 1178 Quorum
620 1093 815 1186 progeniem
840 1113 914 1173 vos,
948 1101 1058 1183 patres
1092 1089 1287 1184 conscripti,
1324 1090 1425 1160 nolite
1450 1090 1537 1183 pati,
1572 1112 1639 1171 111,

434 1228 589 1311 nepotem
626 1216 826 1297 Masinissae,
858 1215 980 1285 frustra
1005 1237 1024 1283 a
1052 1212 1145 1283 vobis
1176 1212 1338 1283 auxilium
1363 1223 1487 1306 petere.
1538 1213 1575 1283 Si
1599 1212 1640 1284 ad

435 1340 668 1434 inpetrandum
700 1338 785 1408 nihil
814 1359 921 1408 causae
946 1336 1105 1406 haberem
1141 1346 1263 1429 practer
1286 1336 1509 1407 miserandam
1535 1337 1642 1406 tortu-

435 1486 527 1546 nam,
554 1463 643 1555 quod
668 1462 769 1556 paolo
798 1471 873 1532 ante
891 1483 971 1544 rex,
997 1482 1135 1551 genere,
1162 1460 1249 1529 sama
1267 1469 1366 1554 atque
1384 1460 1487 1554 copiis
1512 1472 1640 1554 potens,

434 1610 525 1658 nnnc
550 1586 751 1656 deformatus
777 1584 948 1665 aerumnis,
975 1584 1086 1677 inops,
1113 1583 1238 1654 alienas
1262 1606 1341 1677 opes
1366 1595 1503 1678 expeto,
1528 1596 1641 1656 tamen

436 1719 506 1781 erat
531 1708 707 1779 maiestatis
736 1707 850 1801 popuii
880 1707 1020 1777 Romani
1054 1706 1232 1800 prohibere
1258 1706 1413 1778 iniuriam
1438 1731 1547 1803 neque
1572 1711 1642 1804 pati

435 1835 631 1927 cuiusquam
655 1855 797 1924 regnum
821 1855 881 1925 per
905 1832 1012 1902 scelus
1037 1855 1197 1902 cresccre.
1248 1833 1372 1903 Verum
1398 1855 1461 1924 ego
1486 1831 1538 1904 his
1564 1833 1642 1904 fini·

435 1960 497 2030 bus
522 1960 644 2028 eiectus
670 1979 760 2039 sum,
786 1979 869 2050 qnos
882 1956 1061 2028 maioribus
1079 1956 1161 2026 meis
1186 1958 1327 2050 populns
1344 1959 1513 2029 Romanus
1538 1960 1641 2043 dedit,

435 2083 524 2154 unde
549 2092 642 2176 pater
667 2092 700 2150 11
724 2103 803 2152 avus
828 2103 922 2150 mens
948 2102 1016 2150 una
1050 2079 1220 2150 vobiscum
1245 2080 1403 2174 expulere
1430 2082 1584 2155 Sufacem
1610 2097 1643 2156 et

436 2208 739 2300 Carthaginienses.
790 2209 907 2279 Vestra
945 2204 1107 2276 beneficia
1131 2204 1215 2275 mihi
1254 2215 1366 2300 erepta
1402 2219 1491 2292 sunt,
1531 2219 1642 2302 patres

435 2332 630 2426 conscripti,
656 2353 714 2401 ros
739 2330 774 2401 in
800 2353 876 2402 mea
893 2329 1015 2400 iniuria
1041 2328 1186 2421 despecti
1211 2329 1299 2398 estis.
1337 2329 1434 2401 Eheu
1459 2353 1513 2404 me
1538 2335 1643 2405 mise-

435 2457 528 2527 rum!
580 2457 747 2541 Huccine,
780 2457 918 2549 Micipsa
955 2464 1065 2548 pater,
1104 2453 1268 2525 beneficia
1307 2464 1363 2524 tua
1404 2478 1558 2543 evasere,
1593 2470 1640 2542 ut,

436 2606 534 2677 quem
564 2593 598 2652 tu
631 2605 747 2676 parem
774 2605 849 2654 curn
876 2581 990 2653 liberis
1025 2582 1088 2650 tuis
1113 2581 1277 2673 regnique
1301 2581 1496 2675 participem
1522 2584 1640 2666 iecisti,

436 2708 464 2777 is
501 2708 719 2800 potissumum
750 2709 859 2801 stirpis
891 2718 956 2778 tua
987 2707 1150 2779 extinctor
1178 2707 1240 2776 sitt
1290 2709 1521 2800 Numquamne
1560 2731 1642 2801 ergo

436 2832 563 2902 familia
587 2841 699 2903 nostra
725 2833 837 2925 quieta
863 2832 947 2902 criti
973 2855 1148 2925 semperne
1161 2831 1195 2902 in
1221 2832 1400 2925 sanguine,
1428 2833 1535 2916 ferro,
1563 2835 1642 2926 iuga

436 2955 643 3028 versabitur?
686 2958 775 3027 Dum
793 2955 1086 3048 Carthaginienses
1103 2957 1286 3027 incolumes
1303 2957 1414 3040 fuere,
1441 2957 1513 3028 inre
1530 2960 1642 3028 omnia

435 3103 522 3150 saeva
554 3079 775 3173 patiebamur,
811 3078 919 3149 hostes
953 3079 994 3150 ab
1025 3079 1145 3163 latere,
1180 3103 1236 3149 vos
1268 3080 1367 3150 amici
1391 3082 1528 3174 procul,
1566 3105 1642 3176 spes

435 3207 543 3276 omnis
568 3207 602 3276 in
628 3205 728 3276 armis
758 3215 838 3276 erat.
887 3208 1064 3298 Postquam
1097 3207 1155 3276 1111
1185 3207 1285 3300 pestis
1316 3229 1358 3276 ex
1389 3207 1504 3278 Africa
1537 3207 1642 3277 eiecta

436 3341 503 3414 est,
537 3331 605 3401 laeti
630 3353 746 3424 pacem
780 3330 1000 3424 agitabamus:
1035 3331 1159 3425 quippe
1193 3331 1267 3425 quis
1292 3329 1393 3400 hostis
1423 3331 1533 3402 nullus
1558 3342 1640 3413 erat,

436 3456 502 3524 nisi
528 3457 610 3527 sorte
635 3478 736 3548 quem
761 3477 819 3525 vos
845 3456 1029 3526 iussissetis.
1071 3457 1160 3526 Ecce
1186 3466 1297 3526 autem
1322 3479 1366 3525 ex
1391 3456 1558 3549 inproviso
1583 3459 1642 3527 lu·

436 3580 575 3672 gurtha,
600 3582 810 3652 intoleranda
827 3581 983 3664 audacia,
1009 3582 1134 3652 scelere
1148 3593 1246 3674 atque
1264 3581 1417 3676 soperbia
1434 3604 1469 3652 se
1488 3579 1640 3662 efferens,

435 3705 535 3774 fratre
568 3728 643 3777 meo
676 3717 775 3801 atquc
808 3708 925 3779 eodem
957 3709 1144 3802 propinquo
1178 3731 1238 3777 suo
1270 3707 1457 3789 interiecto,
1495 3708 1641 3801 primurn

436 3829 507 3901 eius
532 3853 674 3922 regnum
699 3833 834 3904 sceleris
859 3833 910 3903 sui
935 3832 1080 3925 praedam
1105 3831 1199 3900 iecit:
1234 3841 1325 3925 post,
1356 3831 1412 3901 uhi
1442 3854 1497 3902 me
1523 3830 1641 3902 iisdem

435 3955 519 4025 dolis
544 3957 658 4047 nequit
682 3979 816 4050 capere,
842 3956 927 4026 nihil
951 3957 1059 4026 minus
1084 3979 1183 4050 quam
1201 3956 1269 4027 vim
1295 3966 1351 4027 aut
1367 3955 1493 4028 bellum
1518 3979 1642 4049 expec-

434 4092 557 4152 tantem
575 4082 610 4151 in
626 4081 767 4176 imperio
780 4094 904 4166 restro,
930 4083 1013 4152 sicut
1043 4083 1174 4167 videtis,
1201 4093 1366 4155 extorrem
1379 4083 1502 4177 patria,
1529 4079 1640 4164 domo,

435 4205 568 4299 inopem
595 4216 627 4275 et
657 4216 849 4298 coopertum
883 4206 1025 4276 miseriis
1051 4206 1177 4288 effecit,
1212 4217 1250 4277 ut
1282 4205 1389 4277 ubivis
1414 4204 1514 4275 tutius
1539 4227 1641 4296 quam

435 4327 469 4396 in
495 4350 600 4419 regno
624 4350 700 4398 meo
718 4351 834 4400 essem.
874 4331 947 4422 Ego
964 4329 1011 4400 sic
1036 4329 1295 4413 existumabam,
1321 4338 1430 4422 patres
1452 4329 1640 4422 conscripti,

434 4459 471 4520 ut
494 4450 729 4544 predicantem
765 4452 957 4524 audiveram
982 4463 1109 4546 patrem
1141 4475 1273 4535 meum,
1305 4453 1364 4546 qui
1388 4463 1529 4522 11111111
1555 4452 1642 4522 ami·

434 4573 546 4644 citiam
580 4577 757 4669 diligenter
794 4578 958 4662 colerent,
1006 4601 1062 4649 eos
1096 4579 1237 4650 multum
1274 4577 1423 4648 laborem
1461 4577 1640 4670 suscipere,

435 4708 581 4769 ceterum
616 4723 657 4770 ex
688 4701 840 4772 omnibus
872 4724 1025 4772 maxume
1060 4712 1146 4772 tutos
1181 4725 1261 4772 esse.
1313 4700 1411 4784 Quod
1444 4701 1478 4771 in
1513 4701 1641 4772 familia
