3610 5592
1023 649 1105 696 XXV!

573 820 635 880 Sed
665 821 905 883 obtrectatorum
935 823 1056 882 iudiciis
1085 825 1190 884 nescio
1217 841 1286 886 num
1311 824 1488 894 Quintiliani
1515 825 1681 886 addendum

493 928 542 1003 sit,
565 930 616 1003 qui
638 926 776 1006 Crispum
797 928 963 990 Salustium
989 931 1019 990 in
1046 931 1129 990 bello
1151 931 1330 1008 lugurtbino
1353 937 1385 992 et
1405 931 1584 992 Catilinario
1607 932 1680 991 nibil

493 1035 532 1094 ad
553 1034 714 1095 historiam
740 1035 962 1112 pertiuentibus
986 1037 1145 1114 principiis
1167 1057 1252 1098 usum
1273 1055 1344 1098 esse
1364 1039 1489 1098 iudicat.
1510 1038 1582 1100 lust.
1604 1039 1682 1098 0rat.

493 1160 533 1200 ιιι.
555 1143 583 1200 8.
605 1145 651 1201 10.
677 1141 756 1202 ΙΟιιιιι
778 1143 901 1202 enimin
918 1145 1169 1204 antecedentibus
1190 1146 1390 1205 Aristotelem
1404 1145 1584 1220 laudaverit,
1607 1145 1683 1220 quod

493 1247 523 1306 iu
544 1248 795 1308 demonstrativis
815 1250 964 1326 prooemia
985 1250 1114 1310 maxime
1135 1251 1233 1310 libera
1257 1269 1329 1311 esse
1350 1252 1512 1326 existimet,
1543 1252 1634 1326 idque
1654 1256 1685 1310 et

492 1353 638 1414 Isocratis
660 1356 692 1414 et
712 1352 833 1431 Gorgiee
848 1354 998 1431 exemplis
1018 1357 1231 1432 illustraverit,
1253 1358 1353 1418 addit:
1378 1357 1479 1432 „Quos
1500 1361 1622 1418 secutus
1636 1359 1685 1416 vi-

493 1460 607 1520 delicet
634 1454 777 1537 Crispus“
806 1462 862 1520 etc.
889 1461 931 1520 ita
958 1466 991 1521 ut
1018 1463 1102 1523 nulla
1124 1465 1198 1524 insit
1218 1465 1429 1540 reprehensio.
1477 1463 1592 1524 Eodem
1621 1464 1686 1524 iere

492 1568 612 1643 spectat
632 1567 712 1626 alius
737 1567 825 1626 locus
847 1568 919 1626 lnst.
941 1568 990 1627 0r.
1011 1589 1040 1628 ιι.
1063 1572 1090 1629 3.
1107 1573 1133 1629 i.
1158 1573 1231 1646 ,sed
1255 1573 1416 1632 redeamus
1438 1571 1478 1630 ad
1491 1571 1634 1630 iudicium
1655 1576 1687 1629 et

492 1677 693 1732 retractemus
719 1678 892 1750 suspectam
919 1673 1107 1736 facilitatem.
1149 1677 1200 1736 Sic
1222 1678 1386 1755 scripsisse
1408 1676 1573 1736 Salustium
1594 1693 1685 1736 aoce-

492 1781 591 1856 pimus
619 1784 651 1839 et
678 1797 752 1839 saue
778 1779 959 1840 manifestus
987 1785 1037 1841 est
1058 1783 1151 1842 etiam
1173 1801 1212 1843 ex
1233 1784 1301 1860 ipso
1323 1800 1417 1860 opere
1432 1775 1548 1842 labor.“
1583 1782 1687 1857 Neque

493 1887 553 1946 boc
581 1887 610 1945 ei
635 1887 710 1946 vitio
737 1887 938 1961 tribuendum,
970 1889 1054 1963 quod
1073 1888 1277 1957 Quintilianus
1300 1907 1341 1950 ιιι.
1364 1891 1391 1949 3.
1416 1893 1461 1949 17.
1483 1889 1589 1950 babet:
1626 1887 1688 1964 ,Ex

495 1993 601 2052 Graeco
623 2010 699 2052 vero
721 1992 870 2054 translata
893 1995 944 2053 vel
964 1994 1090 2054 Salustii
1109 1995 1249 2072 plurima,
1272 1997 1363 2071 quale
1384 2000 1447 2056 est:
1475 1995 1585 2074 vulgus
1607 2001 1687 2054 amat

493 2092 586 2158 fieri.⁴‘
632 2098 704 2167 Quae
725 2101 846 2174 quidem
867 2113 933 2160 cum
955 2102 984 2159 in
1006 2102 1177 2161 universum
1199 2103 1239 2162 ad
1256 2102 1436 2162 Salustianee
1458 2103 1608 2162 orationis
1629 2120 1687 2161 na-

494 2209 591 2266 turam
608 2207 819 2266 illustrandam
834 2205 955 2282 iaoiaut,
970 2208 1052 2266 viam
1062 2209 1197 2268 muniunt
1211 2210 1251 2268 ad
1262 2209 1370 2268 iustum
1382 2208 1481 2269 laudis
1495 2209 1688 2284 preconium,

493 2314 575 2389 quod
588 2313 858 2391 prestantissimus
881 2315 1010 2391 quisque
1031 2316 1162 2393 scriptor
1183 2319 1213 2377 ei
1234 2318 1410 2395 impertivit.
1441 2316 1579 2376 Omnium
1597 2316 1690 2393 igitur

494 2437 647 2480 consensu
660 2421 788 2497 primum
802 2422 939 2481 brevitas
954 2424 1104 2482 orationis
1114 2424 1262 2498 laudatur,
1278 2423 1360 2498 quod
1370 2422 1486 2482 Seneca
1501 2422 1583 2481 falso
1597 2421 1689 2498 genio

474 2527 598 2586 -saeouli
624 2527 731 2586 tribuit
755 2527 830 2605 Epp.
858 2545 935 2588 oxrv.
993 2528 1146 2603 „Salustio
1180 2531 1305 2606 vigente
1341 2533 1502 2606 amputatae
1530 2529 1690 2588 sententiae

493 2636 525 2692 et
545 2635 640 2692 verba
661 2640 733 2693 ante
754 2637 965 2712 exspectatum
986 2634 1128 2695 cadentia
1148 2640 1180 2695 et
1208 2636 1340 2695 obscura
1361 2635 1500 2694 brevitas
1521 2634 1610 2695 tuere
1631 2650 1688 2712 pro

494 2733 602 2800 cultu.“
646 2739 708 2800 Res
728 2745 830 2801 autem
851 2744 958 2802 contra
978 2759 1013 2801 se
1034 2743 1143 2816 habet;
1172 2759 1239 2801 cum
1259 2741 1340 2800 enim
1366 2741 1466 2800 lactea
1490 2741 1544 2800 illa
1564 2741 1691 2800 ubertas

373 2851 376 2858 ⁴
493 2849 525 2904 et
545 2846 667 2906 dicendi
688 2847 786 2924 copia,
808 2847 894 2907 cuius
909 2849 1050 2908 auctores
1072 2848 1220 2926 imprimis
1235 2845 1416 2907 Hortensius
1438 2853 1470 2906 et
1488 2846 1596 2906 Cicero
1618 2845 1691 2905 iue-

493 2957 570 3028 ruut,
592 2969 680 3028 quam
693 2951 800 3012 Livius
822 2954 985 3030 expressit,
1007 2955 1037 3014 iu
1059 2954 1127 3014 dies
1148 2956 1245 3034 magis
1262 2955 1458 3028 incresceret,
1479 2957 1595 3013 tuntum
1617 2970 1692 3012 ora-

492 3058 584 3118 tionis
605 3058 713 3118 flumen
735 3060 768 3118 et
787 3058 1012 3119 circulatoriam
1031 3060 1179 3136 quandam
1194 3061 1418 3122 volubilitatem
1439 3059 1577 3120 coercuit
1599 3059 1691 3120 Salu-

493 3165 580 3239 stius,
611 3165 696 3224 ouius
718 3164 832 3241 ingenii
854 3165 1007 3241 asperitas
1028 3183 1047 3224 a
1066 3166 1200 3226 verbosa
1220 3167 1289 3241 illa,
1315 3169 1414 3226 tracta
1439 3168 1471 3226 et
1490 3166 1594 3225 fluenti
1615 3182 1695 3224 ora-

494 3272 577 3331 tioue
605 3271 766 3330 abborruit
795 3278 828 3330 et
857 3287 968 3330 novam
997 3272 1143 3346 quandam
1173 3271 1294 3332 dicendi
1324 3271 1453 3332 formam
1478 3272 1609 3348 inveuit;
1647 3274 1693 3331 ita

494 3378 668 3437 Macrobius
690 3375 808 3437 Saturn.
830 3396 858 3436 v.
882 3381 908 3436 1.
929 3377 1094 3437 Salustium
1115 3377 1257 3438 Ciceroni
1276 3379 1408 3455 opponit.
1444 3377 1598 3453 ,Quatuor
1619 3382 1693 3437 sunt

492 3484 764 3560 generedicendi:
800 3485 953 3561 copiosum
979 3484 1009 3543 in
1036 3501 1095 3559 quo
1121 3483 1228 3544 Cicero
1252 3484 1429 3559 dominatur,
1452 3485 1548 3544 breve
1572 3485 1604 3544 iu
1627 3501 1690 3560 quo

493 3588 645 3649 Salustius
667 3583 803 3667 regnat.“
839 3590 939 3659 Quare
960 3591 996 3648 A.
1019 3590 1136 3651 Gellius
1157 3589 1191 3650 N.
1207 3590 1243 3649 A.
1265 3609 1305 3649 ιιι.
1330 3595 1344 3649 t
1367 3609 1433 3651 oum
1456 3591 1693 3650 subtilissimum

496 3696 660 3756 brevitatis
681 3697 828 3756 artificem
851 3697 934 3772 dicit,
964 3699 996 3756 et
1019 3698 1049 3756 in
1071 3698 1197 3757 eandem
1223 3697 1403 3757 senteutiam
1424 3695 1569 3757 Sidonius
1590 3697 1694 3774 Apol-

494 3802 601 3862 linaris
623 3804 654 3862 iu
674 3803 865 3880 Panegyrico
887 3803 1043 3862 Anthemii
1063 3803 1193 3880 Augusti
1215 3822 1259 3862 vs.
1282 3805 1341 3864 190
1363 3821 1428 3879 sqq.
1450 3805 1571 3864 locutus
1592 3807 1650 3863 est.

614 3927 671 3987 quo
691 3912 813 3985 Crispus
832 3911 968 3969 breuitate
984 3910 1087 3984 placet,
1108 3927 1163 3986 quo
1182 3910 1312 3984 pondere
1336 3911 1436 3983 Varro,

615 4034 671 4093 quo
691 4019 775 4093 penio
796 4016 922 4090 Plautus,
943 4033 999 4093 quo
1017 4016 1134 4090 flumine
1154 4017 1353 4092 Quintilianus,

614 4139 671 4200 qua
687 4139 792 4197 pompe
814 4124 926 4180 Tacitus
946 4137 1097 4199 cummunio
1119 4125 1181 4180 eine
1202 4123 1287 4182 laude
1306 4123 1451 4183 dicendus.

494 4228 577 4288 ldem
598 4234 647 4289 est
667 4229 842 4296 Quintiliani
862 4227 1005 4287 iudicium
1026 4227 1098 4288 lust.
1120 4228 1170 4287 Or.
1193 4248 1222 4288 x.
1242 4233 1268 4288 1.
1285 4232 1332 4288 32.
1378 4227 1503 4305 ,Neque
1524 4229 1578 4289 illa
1600 4227 1695 4288 Salu-

495 4335 595 4394 stiana
617 4335 764 4407 brevitas,
786 4352 844 4408 qua
865 4333 944 4392 nibil
965 4334 1046 4411 apud
1067 4352 1157 4394 aures
1179 4353 1293 4396 vacuas
1315 4339 1406 4412 atque
1426 4337 1563 4396 eruditas
1585 4339 1696 4413 potest

495 4458 566 4501 esse
591 4439 768 4518 perfectius,
796 4441 876 4518 apud
898 4447 1077 4516 occupatum
1105 4443 1201 4502 variis
1231 4442 1484 4519 explicationibus
1508 4443 1639 4504 iudicem
1662 4447 1696 4502 et

496 4549 608 4626 saepius
630 4546 812 4607 ineruditum
833 4546 982 4624 captanda
1004 4548 1093 4608 nobis
1114 4543 1179 4608 est“
1209 4550 1323 4609 etalio
1349 4548 1418 4609 loeo
1438 4568 1478 4608 ιν.
1500 4553 1526 4608 1.
1558 4549 1695 4609 Vitanda

494 4655 547 4713 illa
568 4653 749 4730 Salustiaua,
772 4671 952 4729 quamquam
974 4655 1004 4713 in
1034 4655 1103 4730 ipso
1126 4655 1250 4713 virtutis
1276 4655 1376 4715 locum
1397 4655 1523 4730 obtinet,
1550 4656 1695 4714 brevitas
