3576 5602
385 641 456 710 llR

381 838 517 911 Romuli
535 839 680 912 moribus
699 841 865 935 rebusque
882 843 994 934 gestis,
1020 854 1090 914 tum
1117 844 1203 914 vitae
1230 857 1379 938 tempore
1404 867 1443 915 ac
1470 847 1599 916 mortis

382 986 516 1055 genere,
551 963 669 1057 hisque
703 965 857 1035 omnihus
887 988 953 1035 unu
985 966 1113 1036 ratione
1148 966 1412 1060 comprehensis,
1455 969 1602 1040 lidenter

383 1088 561 1160 admodum
594 1100 692 1183 atque
731 1091 834 1160 alacri
866 1091 958 1160 vultu
990 1089 1181 1170 declaravit,
1220 1092 1402 1162 Romulum
1435 1092 1468 1162 in
1500 1105 1602 1165 utero

384 1213 498 1284 matris
523 1213 623 1285 luisse
646 1224 845 1307 conceptum
864 1215 971 1308 primo
993 1238 1082 1285 anno
1105 1215 1271 1286 secundae
1288 1216 1495 1310 olympiadis,
1523 1219 1602 1289 eius

384 1338 508 1407 mensis
525 1361 625 1431 quem
643 1336 777 1410 Ghoeac
797 1337 953 1430 Aegyptii
973 1337 1098 1419 dicunt,
1124 1339 1179 1408 die
1198 1339 1354 1408 vicesimo
1374 1341 1485 1422 tertio,
1514 1340 1601 1411 nora

384 1463 584 1555 tertiaque
617 1464 667 1534 sol
700 1462 837 1532 omuino
867 1462 1006 1542 deleuit;
1048 1463 1082 1531 in
1114 1462 1291 1556 lucemque
1322 1464 1446 1533 editum
1474 1465 1599 1534 mensis

383 1587 493 1658 Thotlr
524 1586 579 1658 die
611 1587 719 1681 primo
753 1596 788 1656 et
818 1585 993 1667 vicesimo;
1028 1585 1173 1679 denique
1205 1587 1297 1658 urbis
1324 1588 1450 1658 Romae
1475 1589 1599 1658 timda-

384 1724 496 1782 menta
521 1710 563 1780 al)
589 1732 630 1780 eo
657 1709 742 1779 iacta
768 1730 839 1778 esse
866 1707 919 1778 die
946 1730 1036 1778 nono
1060 1708 1256 1781 Phermutlri
1283 1711 1406 1780 mensis
1431 1711 1517 1781 inter
1541 1734 1599 1780 se-

386 1835 530 1906 cundam
556 1844 590 1904 et
617 1833 747 1903 tertiam
773 1832 844 1902 eius
865 1831 932 1900 diei
955 1829 1083 1900 boram.
1125 1832 1312 1903 Plutarchus
1328 1835 1364 1903 iu
1381 1835 1518 1904 Romulo
1537 1834 1596 1906 12.

385 1961 491 2031 Varro
511 2009 519 2028 .
541 2010 550 2027 .
570 2009 577 2026 .
598 1957 684 2027 libro
706 1954 950 2046 Antiquitatum
967 1955 1075 2026 XVlll
1101 1955 1158 2036 ait,
1185 1955 1286 2024 luisse
1305 1956 1452 2026 Vettium
1470 1957 1598 2027 Romae

385 2081 420 2152 in
446 2080 589 2172 augurio
614 2102 682 2149 non
710 2077 905 2170 ignobilem,
938 2077 1075 2169 ingenio
1100 2098 1234 2169 magno,
1265 2077 1370 2149 cuivis
1395 2079 1536 2151 doctiori
1561 2081 1599 2149 in

385 2207 598 2300 disceptando
624 2228 759 2300 parem3
786 2227 862 2276 eum
888 2227 924 2275 se
949 2204 1082 2276 audisse
1105 2205 1287 2275 dicentem:
1313 2205 1341 2274 si
1367 2205 1412 2277 ita
1438 2221 1535 2290 esset,
1561 2221 1600 2279 nt

384 2330 551 2401 traderent
577 2331 725 2402 historici
750 2329 791 2400 de
810 2329 942 2397 Romuli
969 2327 1060 2398 urbis
1086 2328 1278 2398 condendae
1304 2329 1452 2421 auguriis
1477 2355 1517 2403 ac
1534 2335 1600 2404 ΧΠ

383 2455 547 2534 vulturiis,
575 2455 735 2547 quoniam
761 2453 851 2524 CXX
876 2473 980 2522 annos
1006 2451 1182 2520 incolumis
1207 2451 1430 2544 praeteriisset
1454 2457 1601 2549 populus

386 2584 566 2662 Romanus,
585 2580 627 2650 ad
646 2581 739 2650 mille
757 2590 789 2649 et
806 2579 965 2649 ducentos
978 2589 1226 2671 perventurum.
1254 2579 1442 2649 &morinus
1459 2578 1518 2662 17,
1539 2577 1598 2651 15.

385 2707 447 2776 25.
474 2709 608 2776 Varro.
628 2705 698 2774 ‚de
723 2705 790 2775 vita
815 2703 930 2797 populi
957 2705 1100 2773 Romani
1126 2704 1211 2775 libro
1229 2705 1263 2774 l:
1290 2704 1378 2776 hanc
1403 2705 1503 2776 dcam
1529 2706 1601 2776 Ae-

385 2829 451 2900 lius
477 2841 568 2923 putat
592 2853 665 2900 esse
690 2830 861 2912 Cererem,
893 2828 950 2898 sed
978 2829 1067 2922 quod
1093 2829 1129 2899 in
1154 2830 1284 2924 asylum
1310 2831 1369 2922 qui
1394 2833 1602 2924 confugisset

385 2955 481 3048 panis
515 2954 661 3035 daretur,
701 2977 771 3024 esse
806 2977 928 3024 nomen
954 2953 1069 3025 lictum
1101 2976 1120 3023 a
1147 2976 1232 3046 pane
1259 2953 1369 3025 dando
1404 2952 1599 3044 [Pandam]

384 3079 510 3148 Nouius
531 3103 567 3172 p.
592 3075 653 3158 44,
689 3076 721 3148 7.
772 3080 809 3148 ln
849 3076 1081 3148 constituenda
1113 3101 1134 3148 a
1171 3078 1314 3148 Romulo
1345 3077 1477 3148 civitate
1515 3079 1600 3150 illud

386 3203 603 3274 memorabile
634 3203 735 3284 duco,
774 3202 865 3295 quod
895 3213 942 3273 tot
976 3201 1163 3272 sacerdotes
1197 3225 1237 3272 ac
1266 3203 1404 3274 deorum
1428 3203 1600 3274 ministros

385 3329 538 3399 instituit.
583 3329 667 3398 Nam
699 3336 831 3420 praeter
862 3326 1033 3418 gentilicia
1058 3326 1242 3398 sacerdotia
1267 3327 1326 3397 illo
1352 3341 1515 3420 regnante
1541 3331 1601 3420 qui

389 3455 524 3548 publice
555 3453 702 3524 tributim
738 3463 770 3522 et
801 3453 956 3523 undatim
987 3474 1083 3523 sacra
1118 3475 1179 3545 pro
1204 3452 1339 3523 civitate
1365 3455 1515 3525 lacerent
1538 3455 1601 3523 de-

387 3579 508 3670 signati
534 3588 610 3649 sunt
635 3578 808 3670 sexaginta
833 3571 1015 3666 (auctorem
1049 3599 1171 3669 sequor
1196 3579 1387 3649 Terentium
1413 3579 1599 3649 Varronem

386 3703 421 3774 in
448 3702 720 3796 Antiquitatibus,
755 3703 865 3773 virum
898 3701 1014 3770 aetatis
1045 3723 1126 3770 suae
1152 3697 1390 3791 doctissimum)
1418 3753 1456 3771 ..
1484 3726 1503 3772 e
1528 3703 1601 3771 sin-

387 3826 476 3917 gulis
502 3825 602 3895 curiis
628 3825 711 3906 bini,
737 3847 863 3895 annum
889 3824 1015 3916 egressi
1038 3824 1366 3918 quinquagesimum,
1392 3824 1450 3918 qui
1477 3836 1511 3896 et
1535 3849 1602 3924 ge-

386 3949 475 4020 neris
500 3949 671 4020 nobilitate
704 3960 736 4019 et
769 3950 888 4020 virtute
915 3949 1120 4020 excellerent
1154 3973 1299 4044 opesque
1334 3950 1498 4021 haberent
1522 3951 1601 4022 satis

386 4073 513 4166 amplas
552 4083 584 4143 et
620 4073 751 4164 integro
781 4083 890 4143 essent
923 4071 1072 4167 corpore.
1130 4075 1308 4166 Dionysius
1342 4075 1450 4144 Holic.
1476 4076 1513 4158 2,
1539 4074 1600 4150 21.

385 4203 446 4272 26.
479 4199 705 4270 Talassionem
738 4199 773 4269 in
818 4198 941 4292 nuptiis
965 4200 1072 4270 Varro
1103 4201 1149 4270 ait
1181 4201 1313 4292 signum
1345 4221 1416 4270 esse
1449 4199 1601 4284 lanificii,

384 4330 528 4426 utimr
556 4325 589 4396 id
615 4337 664 4394 est
690 4325 884 4418 quasillum,
929 4326 1005 4396 inde
1031 4326 1121 4397 enim
1147 4327 1282 4397 solitum
1309 4325 1473 4418 appellari
1498 4327 1603 4396 talas-

385 4453 527 4523 sionem.
570 4453 615 4522 llt
647 4447 722 4536 [alii
748 4451 858 4540 aiunt]
892 4451 1078 4524 Talassium
1114 4453 1249 4523 nomine
1275 4452 1382 4522 virum
1409 4462 1505 4544 rapta
1532 4450 1602 4520 rir-

387 4576 465 4668 gine
491 4578 609 4648 unicae
635 4577 903 4672 pulchritudinis,
930 4580 1020 4672 qood
1047 4580 1079 4650 ei
1104 4581 1137 4651 id
1165 4579 1358 4671 coniugium
1386 4578 1487 4649 luerit
1507 4577 1601 4656 lelix,

387 4699 466 4770 boni
494 4701 615 4770 ominis
641 4701 746 4794 gratia
774 4725 863 4773 nuuc
888 4703 1119 4796 redintegrari.
1163 4703 1269 4774 Rostro
1294 4703 1349 4772 tit.
1373 4700 1418 4773 19
1444 4726 1469 4771 s.
1493 4726 1524 4770 o.
1546 4715 1599 4770 to·
1674 4679 1678 4686 ¹
