3610 5592
1055 636 1126 682 XXX

490 825 611 884 quoquc
631 809 808 886 scriptores,
838 809 890 885 qui
911 809 977 868 aius
999 808 1169 868 imitatores
1190 812 1276 868 recto
1302 809 1506 885 appellantur.
1548 810 1582 870 ln
1604 829 1681 886 qoo-

488 933 555 976 rum
575 933 730 976 numerum
758 915 939 976 roicroudus
969 918 1018 974 cst
1036 915 1092 975 illo
1115 915 1288 992 Septimius,
1319 915 1379 991 qui,
1406 933 1494 991 quom
1515 917 1623 977 librum
1642 918 1682 977 do

488 1022 571 1082 bollo
592 1022 721 1082 Troiano
743 1021 853 1098 Dictys
874 1019 1029 1081 Cretensis
1051 1020 1158 1081 (iraeco
1186 1022 1350 1098 scripsisse
1371 1027 1504 1098 putatur,
1538 1025 1567 1082 in
1597 1023 1682 1083 Lati-

489 1146 557 1188 num
577 1129 711 1188 vertisse
731 1129 874 1203 traditur5
896 1135 1046 1206 praetorca
1060 1127 1211 1204 Sulpicius
1231 1127 1366 1188 Sovorus
1387 1134 1419 1189 ot
1434 1129 1680 1207 Pseudo-Hege-

492 1235 608 1313 sippus.
654 1235 709 1304 Qui
747 1235 868 1311 quidam
896 1234 1053 1296 inferioris
1081 1235 1198 1295 ordinis
1226 1233 1365 1294 hominos
1396 1240 1511 1295 certam
1541 1237 1687 1310 quandam

495 1343 653 1402 brevitatis
676 1342 812 1419 spociom
832 1344 966 1419 captant,
990 1342 1086 1401 verba
1107 1340 1280 1401 Salustiana
1299 1349 1454 1419 usurpant,
1478 1345 1509 1402 et
1531 1343 1606 1402 satis
1627 1343 1686 1401 iuu-

490 1449 564 1508 bcnt
583 1452 690 1524 tropos
712 1447 857 1523 quosnam
879 1449 971 1522 atquo
991 1449 1104 1525 figuras
1125 1446 1261 1508 Salustio
1286 1449 1416 1508 usitatas
1442 1450 1472 1508 in
1494 1449 1592 1509 libros
1613 1467 1687 1508 suos

490 1555 697 1615 transtulisse.
718 1553 805 1622 Quod
826 1553 947 1629 quidem
967 1553 1107 1613 imitandi
1129 1554 1262 1614 studium
1281 1571 1320 1614 uo
1341 1572 1359 1614 a
1381 1555 1584 1632 scriptoribus
1615 1557 1686 1631 qui-

493 1664 562 1722 dem
582 1661 674 1721 modii
694 1660 752 1718 aevi
774 1661 918 1719 omissum
938 1663 995 1720 cst.
1039 1659 1116 1719 Hinc
1138 1660 1286 1720 maximus
1308 1659 1452 1721 Codicum
1476 1680 1563 1722 mauu
1585 1663 1688 1738 scrip-

490 1772 590 1829 torum
623 1783 774 1842 numurus,
801 1783 928 1842 quorum
952 1765 1082 1844 amplius
1107 1769 1225 1826 centum
1251 1771 1283 1826 ct
1308 1768 1524 1842 quinquaginta
1545 1768 1613 1845 ipso
1640 1768 1688 1825 in-

492 1875 578 1952 spexi
614 1874 804 1952 optimosquo
832 1873 1004 1932 accuratius
1049 1873 1230 1932 examinavi.
1282 1872 1327 1932 Do
1359 1890 1485 1949 quorum
1506 1873 1690 1933 diversitate

492 1983 585 2054 atquo
605 1979 741 2054 familiis,
763 1996 829 2055 qua
850 1978 998 2054 dicuutur,
1019 1977 1081 2039 aiio
1102 1978 1173 2038 ioco
1195 1977 1292 2040 insius
1313 1997 1409 2056 agam.
