3582 5594
439 621 509 690 15t

436 833 549 916 postea
584 820 696 892 hebeti
730 832 830 915 atque
869 822 988 893 claudo
1026 843 1086 913 pro
1119 821 1266 891 exercito
1299 820 1347 890 uti
1378 821 1503 890 volunt.
1557 819 1642 890 Nam

437 949 651 1042 inprudentia
674 951 835 1043 pleraque
860 958 952 1018 etse
979 947 1171 1042 praecipitat.
1220 948 1343 1019 Verum
1377 946 1449 1018 hac
1473 957 1509 1016 et
1533 945 1643 1016 omnia

437 1074 526 1144 mala
551 1073 676 1166 pariter
697 1095 772 1142 oum
795 1072 922 1143 bonore
939 1072 1088 1164 pecunie
1107 1071 1268 1152 desinent,
1294 1072 1321 1140 si
1340 1093 1448 1164 neque
1467 1069 1645 1160 magistra-

437 1205 501 1277 tus,
528 1219 639 1288 neque
664 1197 731 1266 alia
756 1195 857 1287 volgo
882 1195 1050 1288 cupiunda
1074 1195 1205 1268 venalia
1236 1205 1344 1266 erunt.
1397 1195 1451 1265 Ad
1477 1193 1543 1264 hoe
1567 1216 1646 1286 pro-

438 1320 619 1392 videndum
645 1318 789 1400 esttibi,
823 1341 969 1412 quonam
1001 1319 1101 1389 modo
1126 1319 1221 1390 ltalia
1254 1329 1352 1412 atqua
1386 1319 1566 1411 provinciae
1591 1328 1645 1388 tu-

438 1445 539 1515 tiores
570 1444 658 1514 sint:
696 1443 730 1513 id
768 1442 858 1534 quod
888 1445 976 1513 laetu
1006 1445 1087 1514 haut
1117 1445 1294 1514 obscurum
1326 1453 1385 1514 est.
1437 1443 1522 1514 Nam
1556 1441 1643 1512 idem

438 1569 551 1640 omnia
575 1578 715 1651 vastant,
741 1591 817 1639 suas
843 1568 1029 1639 deserundo
1054 1569 1170 1639 domos
1196 1580 1228 1638 at
1252 1591 1312 1660 per
1338 1567 1494 1646 iniuriam
1519 1567 1645 1637 alienas

440 1692 645 1786 occupando.
687 1694 771 1763 Item
798 1715 852 1773 ne,
879 1693 927 1763 uti
953 1691 1074 1773 adhuc,
1098 1693 1219 1763 militia
1244 1692 1365 1762 iniusta
1389 1703 1448 1762 aut
1472 1691 1646 1784 inaequalis

440 1819 494 1888 sit:
522 1841 598 1888 eum
624 1819 681 1888 alii
702 1817 848 1909 triginta,
874 1840 950 1909 pars
967 1817 1099 1888 nullum
1120 1817 1322 1909 stipendium
1340 1816 1473 1889 lanient.
1515 1819 1558 1888 Et
1575 1817 1647 1886 lru·

439 1952 589 2014 mantum
607 1942 653 2025 id,
679 1943 767 2035 quod
794 1953 892 2012 antea
917 1941 1093 2036 praemium
1119 1943 1261 2033 ignavia
1287 1942 1360 2024 fuit,
1386 1965 1447 2035 per
1463 1941 1645 2032 municipia

440 2077 473 2137 nt
497 2068 646 2137 colonias
672 2067 739 2136 illis
763 2067 843 2136 dare
869 2067 1053 2150 conveniet,
1079 2067 1137 2161 qui
1162 2066 1334 2160 stipendiis
1360 2068 1507 2138 emeritis
1532 2066 1648 2136 domos

440 2181 646 2260 reverteriat.
691 2191 774 2274 Qum
794 2190 844 2260 rei
860 2191 1002 2284 publiea
1028 2191 1216 2261 necessaria
1240 2190 1368 2281 tibique
1393 2191 1539 2282 gloriosa
1555 2201 1648 2260 ratus

441 2337 527 2396 sum,
559 2337 660 2406 quam
695 2314 911 2406 paucissumis
947 2313 1085 2385 absolvi.
1136 2317 1209 2385 Non
1241 2313 1336 2406 peius
1373 2313 1506 2385 videtur
1542 2337 1650 2408 pauca

441 2463 531 2511 nunc
556 2440 598 2510 de
625 2442 712 2510 lacto
739 2464 814 2511 meo
838 2439 1014 2510 disserere.
1063 2441 1218 2535 Plerique
1242 2442 1400 2512 mortales
1429 2440 1471 2510 nd
1496 2438 1650 2509 iudican-

442 2565 521 2635 dum
556 2566 633 2634 satis
665 2565 779 2658 ingeni
809 2564 933 2636 habent
962 2575 1020 2635 aut
1048 2565 1223 2637 simulant:
1262 2587 1379 2636 verum
1410 2565 1499 2634 enim
1524 2563 1567 2634 ad
1590 2587 1651 2634 re-

443 2688 682 2782 prehendenda
708 2691 819 2761 aliena
844 2692 930 2760 laeta
951 2699 1010 2760 aut
1025 2690 1112 2760 dieta
1137 2690 1232 2760 ardet
1248 2690 1403 2761 omuibus
1420 2689 1566 2769 animus;
1591 2690 1652 2758 vix

443 2813 522 2884 satis
555 2823 706 2907 apertum
738 2836 775 2884 os
812 2813 1010 2905 autlingua
1038 2813 1355 2907 promptavidetur‚
1393 2835 1468 2906 quae
1495 2812 1652 2883 meditata

441 2947 577 3032 pectore
603 2937 752 3006 evolvat:
785 2937 908 3031 quibus
930 2961 987 3007 me
1017 2937 1202 3007 subiectum
1234 2936 1325 3008 lraud
1348 2935 1505 3031 paenitet3
1543 2936 1652 3026 magis

442 3062 615 3132 reticuisse
638 3063 778 3154 pigeret,
816 3065 901 3133 Nam
926 3063 995 3133 sive
1014 3061 1078 3132 lrac
1101 3085 1161 3132 seu
1186 3061 1325 3132 meliore
1349 3062 1415 3132 alia
1439 3061 1495 3132 via
1512 3082 1651 3154 perges;

443 3211 464 3256 a
489 3209 543 3256 me
568 3187 704 3279 quidem
730 3211 791 3281 pro
815 3188 905 3258 virili
929 3199 1023 3281 parte
1049 3188 1173 3259 dietum
1199 3201 1232 3259 et
1252 3189 1404 3260 adiutum
1429 3190 1539 3260 luerit
1582 3189 1654 3258 lle-

444 3307 570 3378 lieuum
596 3322 644 3381 est
669 3323 794 3404 optare,
820 3313 880 3393 uti,
907 3335 982 3407 quae
1008 3311 1070 3382 tibi
1095 3311 1294 3404 placuerint,
1321 3335 1361 3383 ea
1386 3312 1421 3384 di
1446 3313 1654 3418 immortales

445 3429 628 3525 adprobent
651 3434 804 3528 beneque
830 3436 964 3506 evenire
988 3435 1108 3506 sinant.

921 3751 1164 3760 m*—

1025 3997 1066 4066 ll.

522 4193 598 4264 Soio
614 4215 691 4285 ego,
717 4215 818 4286 quarn
843 4192 980 4264 difficile
1006 4205 1105 4287 atque
1131 4215 1285 4290 asperum
1311 4195 1400 4266 laetu
1419 4196 1460 4266 sit
1476 4197 1656 4268 consilium

447 4319 528 4390 dare
553 4319 626 4413 regi
652 4330 709 4390 aut
734 4318 936 4412 imperatori,
966 4329 1133 4412 postremo
1159 4321 1341 4414 quoiquam
1358 4323 1503 4404 mortali,
1537 4325 1660 4416 quoius

447 4465 527 4535 opes
545 4443 579 4514 in
596 4443 728 4514 excelso
754 4454 844 4514 sunt:
876 4444 999 4537 quippe
1018 4466 1121 4537 quom
1146 4456 1179 4514 et
1204 4445 1272 4516 illis
1298 4447 1525 4516 consultorum
1553 4447 1660 4540 copim

447 4567 565 4649 adsint,
591 4592 702 4662 neque
727 4569 769 4640 de
795 4571 905 4640 futuro
931 4570 1107 4663 quisquam
1133 4571 1211 4641 satis
1237 4571 1377 4642 callidus
1404 4571 1550 4664 satisque
1575 4595 1660 4665 pru-

448 4691 529 4761 dens
554 4693 605 4762 sit.
650 4693 739 4776 Quin
767 4695 865 4764 etiam
891 4717 978 4786 sepe
1004 4717 1106 4787 prava
1133 4696 1240 4786 magis
1272 4718 1373 4788 quam
1404 4698 1491 4767 bona
1517 4697 1658 4767 consilia
