3526 5604
452 608 523 679 308

451 807 565 903 omnia
598 807 741 877 maiores
774 807 876 877 nostri
910 804 1073 876 cavendos
1108 813 1282 896 putamnt,
1321 827 1405 900 quos
1438 805 1535 876 etiam
1564 815 1637 874 atros

449 935 542 1004 velut
572 933 714 1004 inlausta
747 921 971 1026 appellatione
1006 932 1240 1001 damnarunt.
1271 983 1280 1000 .
1309 983 1317 1001 .
1356 933 1488 1002 Horum
1521 951 1637 998 causam

450 1058 578 1129 Gellius
602 1058 775 1129 annalium
801 1057 887 1128 libro
913 1055 1029 1150 quinto
1055 1055 1186 1126 decimo
1213 1066 1246 1124 et
1271 1056 1404 1126 Cassius
1430 1055 1571 1126 Hemina
1586 1063 1637 1120 etc.

450 1205 548 1276 supro
567 1179 701 1274 ρ.292,
721 1179 777 1252 18.
881 1180 937 1250 18.
963 1181 1033 1250 Nec
1058 1203 1113 1249 me
1139 1180 1223 1272 fugit
1248 1180 1394 1251 Gellium
1420 1180 1572 1258 scribere,
1594 1199 1638 1244 ss·

449 1317 562 1376 natum
588 1305 740 1375 decresse
766 1315 801 1375 ut
827 1306 926 1375 aedes
952 1304 1085 1374 Saturni
1111 1304 1215 1384 fieret,
1252 1305 1351 1398 eique
1377 1304 1427 1374 rei
1454 1307 1492 1374 L.
1518 1301 1637 1374 Furium

448 1431 618 1500 tribunum
629 1429 772 1499 militum
783 1429 977 1521 praefuisse.
987 1429 1168 1527 Macrobius
1179 1429 1308 1498 Sutura.
1323 1427 1355 1510 1,
1372 1427 1408 1500 8.
1511 1427 1563 1496 19.
1587 1425 1637 1494 Cn.

448 1554 575 1623 Vellius
601 1549 778 1637 [Gelliusi]
813 1552 848 1621 in
874 1550 1066 1620 annalibus:
1108 1561 1282 1643 postquam
1312 1562 1490 1643 tempestas
1518 1547 1637 1624 sedarit,

448 1676 608 1749 Atherbal
633 1687 764 1747 taurum
789 1673 987 1745 immolavit.
1031 1667 1152 1744 Gellius
1181 1673 1238 1756 18,
1270 1673 1326 1756 12,
1355 1673 1390 1746 6.
1490 1676 1547 1744 20.
1571 1671 1638 1741 Gel-

447 1801 512 1871 lius
529 1811 641 1870 tamen
658 1800 717 1870 lib.
736 1799 876 1869 lllllllll
893 1797 1134 1889 calvariaeque
1162 1797 1244 1879 eius,
1270 1797 1389 1890 inquit,
1416 1797 1524 1890 ipsum
1543 1817 1636 1866 ossum

449 1935 675 2016 expurgarunt
700 1922 1016 2013 inaurareruntque.
1061 1923 1225 1992 Charisius
1245 1920 1276 2005 l,
1295 1920 1354 2004 21,
1381 1921 1463 1993 160.
1491 1918 1635 2003 1,11,1.

449 2053 507 2141 cfr.
541 2049 725 2117 lbr'sciauus
758 2045 793 2128 1,
817 2044 853 2126 8,
880 2045 928 2116 31
954 2047 1012 2115 ubr'
1036 2060 1078 2115 cst
1100 2049 1194 2116 llllll
1226 2061 1253 2116 rt
1281 2055 1559 2139 expurgavemnt.
1589 2048 1636 2135 cfr.

447 2174 559 2242 Livius
585 2169 645 2252 23,
672 2168 732 2252 24,
762 2168 817 2240 12.
919 2172 978 2240 21.
1004 2171 1079 2240 Post
1105 2193 1229 2240 annum
1254 2171 1450 2241 vicesimum
1476 2168 1638 2240 secundum

439 2296 529 2387 legis
546 2294 691 2365 Orchiae
709 2294 837 2365 Fannia
863 2295 919 2363 lex
945 2295 1012 2363 lata
1038 2304 1087 2363 est
1111 2317 1198 2364 anno
1227 2307 1300 2388 post
1324 2297 1464 2365 Romam
1492 2294 1639 2365 conditam

446 2418 629 2490 secundum
643 2417 743 2488 Gellii
757 2417 949 2509 opinionem
959 2419 1202 2488 DLXXXVlll.
1220 2420 1403 2490 Macrobius
1409 2419 1538 2489 Suturu.
1547 2417 1579 2497 2,
1590 2412 1638 2485 13.

446 2545 506 2613 22.
532 2545 583 2613 De
608 2553 799 2634 quartorum
826 2541 979 2611 ludomm
1006 2538 1240 2630 [secularium]
1282 2567 1371 2614 anno
1397 2555 1459 2613 etc.
1499 2567 1590 2636 supro
1612 2567 1639 2634 p.

446 2666 531 2749 294,
552 2665 613 2738 26.
714 2665 773 2736 23.
800 2667 844 2737 At
869 2688 945 2736 curn
967 2668 1059 2738 nulla
1085 2691 1183 2738 causa
1210 2679 1350 2760 cogente
1375 2668 1457 2763 quid
1482 2668 1545 2737 tale
1569 2667 1641 2736 dici·

447 2804 511 2873 tur,
538 2803 617 2860 tuuc
642 2788 802 2858 nimirum
829 2789 1059 2860 confitendum
1081 2803 1130 2860 est
1151 2792 1192 2861 de
1210 2816 1335 2876 errore,
1360 2803 1398 2862 ut
1418 2792 1509 2862 idem
1530 2791 1640 2862 Gellius

447 2918 481 2986 io
509 2913 726 3005 nonagesimo
751 2913 909 3007 septimo:
935 2916 1103 3007 portabas,
1130 2925 1163 2983 et
1182 2939 1276 2986 mox:
1303 2916 1451 2986 oleabus.
1492 2917 1641 2986 Clusinius

451 3041 482 3122 1,
500 3039 569 3120 ·17,
596 3038 630 3109 6.
732 3039 792 3107 et.
825 3039 951 3108 Gellius
976 3062 1057 3110 vero
1090 3062 1247 3131 rogerum
1282 3051 1314 3110 et
1339 3041 1525 3134 lapiderum
1559 3033 1642 3130 [dixit

447 3189 509 3259 pro
534 3187 653 3256 regum
680 3175 713 3233 et
737 3163 912 3257 lapidum]
964 3165 1128 3236 Cbon'sr'us
1158 3164 1189 3245 1,
1219 3163 1336 3245 11,1.
1371 3159 1476 3256 [Furi]
1508 3163 1640 3235 tabulata

448 3290 583 3360 navium
614 3301 647 3359 et
677 3313 808 3383 semper
844 3290 1033 3383 pluraliter,
1072 3293 1223 3383 quamvis
1255 3293 1380 3364 Gellius
1415 3294 1488 3362 lora
1521 3290 1637 3360 narium

449 3414 645 3484 neutraliter
671 3413 804 3485 dixerit.
846 3415 1010 3484 Charisius
1032 3413 1064 3496 1,
1094 3413 1150 3498 11,
1178 3413 1237 3487 33.
1284 3416 1395 3487 Verba
1422 3415 1581 3508 quaedam
1603 3435 1637 3482 cr

448 3537 575 3607 Naevio
591 3546 688 3629 pocla
705 3547 738 3606 et
753 3537 815 3608 Cn.
834 3537 942 3608 Gellio
960 3559 1027 3606 non
1053 3539 1170 3609 usitate
1189 3539 1360 3609 collocata.
1405 3539 1524 3609 Gellius
1538 3535 1571 3618 8,
1589 3530 1635 3604 14.

450 3659 576 3729 Gellio
590 3659 761 3729 annalium
788 3659 972 3753 deliquium
998 3661 1076 3730 solis
1102 3674 1135 3730 et
1151 3662 1377 3756 deliquionem
1395 3661 1486 3731 dicit.
1527 3660 1637 3730 Seruius

453 3785 498 3852 ad
529 3783 614 3873 Verp.
640 3785 718 3883 dorp
744 3780 780 3864 4,
807 3781 889 3856 390.

941 4083 1160 4092 -—-—--—-

684 4319 725 4404 X.
773 4319 913 4404 118108
936 4317 1126 4405 umus
1150 4321 1423 4408 §tumultus

529 4531 559 4600 1.
585 4533 650 4602 llos
667 4534 831 4603 Romanas
850 4529 984 4616 [Latino
1000 4527 1167 4624 sermone]
1194 4535 1317 4605 laudati
1337 4535 1514 4626 scriptores
1526 4557 1640 4605 memo-

453 4654 523 4723 riae
550 4654 757 4726 tradiderunt
782 4653 915 4724 Porcius
941 4656 1031 4738 Cato,
1066 4657 1188 4728 Fabius
1213 4659 1378 4730 Maximus
1408 4673 1471 4729 etc.
1504 4683 1595 4753 supro
1610 4681 1638 4750 p.
