3554 5600
365 660 437 729 236

363 859 525 932 Salustius
551 881 593 927 ex
619 857 677 926 tali
703 880 802 928 causa
827 857 939 926 vocari
964 856 1088 935 scribit,
1115 855 1247 926 dicens:
1280 857 1381 927 latiae
1408 858 1488 927 olim
1517 857 1572 926 Si-

362 983 476 1053 ciliam
505 981 714 1052 coniunctam
748 981 859 1060 luisse,
899 992 931 1051 et
955 981 1034 1052 dum
1067 991 1154 1051 esset
1184 1005 1252 1052 una
1278 983 1387 1064 tellus,
1422 982 1571 1051 medium

361 1107 505 1201 spatium
530 1119 586 1176 aut
611 1129 671 1199 per
696 1105 917 1175 bumilitatem
944 1106 1100 1176 obrutum
1126 1116 1173 1175 est
1199 1105 1306 1198 aquis,
1340 1117 1396 1176 aut
1421 1129 1481 1198 per
1507 1129 1573 1174 an-

362 1231 503 1323 gustiam
521 1230 669 1300 scissum.
701 1232 744 1300 Et
760 1229 839 1299 inde
860 1223 973 1323 ῥήγιον
993 1231 1211 1312 nominatum,
1230 1231 1310 1323 quia
1322 1252 1429 1322 graece
1443 1231 1573 1320 abrup-

363 1367 433 1426 tum
458 1355 521 1424 boc
546 1356 682 1424 nomine
709 1363 929 1444 nuncupatur.
972 1355 1030 1424 Est
1059 1365 1171 1424 autem
1203 1355 1433 1434 arctissimum,
1468 1352 1573 1422 trium

361 1478 493 1550 milium
527 1479 634 1572 spatio
671 1476 821 1549 Siciliam
855 1477 897 1547 ub
931 1478 1026 1547 ltalia
1060 1477 1220 1560 dividens,
1256 1479 1414 1548 sabulosis
1445 1476 1573 1545 infame

361 1605 524 1685 monstris,
543 1602 750 1696 quibushinc
768 1601 846 1671 inde
864 1601 974 1695 Scylla
994 1615 1026 1671 et
1043 1601 1226 1694 Charybdis
1243 1601 1435 1672 ostenditur.
1470 1601 1572 1693 Scyl-

361 1729 430 1798 lam
456 1728 577 1798 accolae
603 1749 720 1797 saxum
754 1727 787 1794 in
818 1725 904 1796 mari
929 1725 1097 1796 inminens
1122 1726 1303 1820 appellant,
1336 1725 1444 1795 simile
1478 1725 1575 1794 cele-

361 1855 464 1924 bratae
492 1854 605 1923 lormae
632 1853 748 1945 procul
773 1852 964 1922 visentibus.
1001 1852 1096 1924 Unde
1116 1863 1149 1922 et
1166 1865 1406 1922 monstruosam
1423 1850 1574 1942 speciem

362 1978 482 2049 labulae
508 1979 557 2049 illi
585 1979 757 2059 dederant,
783 1979 878 2072 quasi
900 1980 1041 2049 sormam
1067 1979 1210 2048 hominis
1234 1978 1394 2072 capitibus
1416 1976 1575 2046 succinc-

362 2102 596 2194 anserinis,
635 2103 716 2196 quia
748 2102 854 2171 collisi
889 2101 935 2171 ibi
970 2102 1089 2173 lluctus
1114 2104 1250 2172 latratus
1276 2100 1427 2170 videntur
1454 2099 1575 2191 expri-

362 2248 467 2296 mere.
511 2225 695 2318 Charybdis
714 2225 812 2307 dicta,
840 2225 929 2318 quod
953 2225 1140 2317 gurgitibus
1165 2226 1303 2295 occultis
1326 2247 1428 2294 naves
1452 2223 1575 2292 absor-

360 2349 448 2418 beat.
491 2351 551 2419 Est
576 2348 665 2418 enim
692 2371 784 2418 mare
801 2348 999 2418 vorticosum
1025 2361 1058 2418 et
1083 2348 1160 2418 inde
1186 2349 1232 2417 ibi
1254 2348 1379 2418 laniata
1396 2346 1574 2434 naufragia

362 2486 549 2566 emergunt.
592 2476 659 2544 Ter
684 2486 795 2545 autem
822 2474 857 2544 in
884 2475 938 2545 die
964 2475 1062 2566 erigit
1087 2475 1223 2557 fluctus,
1265 2487 1298 2544 et
1330 2485 1379 2543 ter
1405 2470 1572 2541 absorbet.

363 2602 448 2670 Nam
468 2599 588 2692 accipit
604 2622 709 2692 aquas
724 2610 758 2667 ut
770 2611 890 2681 vomat,
908 2600 1012 2670 vomit
1029 2609 1065 2668 ut
1081 2621 1196 2669 rursus
1213 2589 1379 2691 accipiat]
1414 2595 1473 2665 23.
1493 2589 1574 2685 [Pe-

360 2724 493 2806 lorium,
520 2723 782 2817 promontorium
809 2724 942 2804 Siciliae,
969 2724 1151 2817 respiciens
1176 2723 1219 2794 ad
1245 2723 1447 2818 aquilonem,
1478 2720 1573 2790 iuxta

362 2846 542 2916 Salustium
567 2847 691 2916 dictum
717 2870 738 2916 a
764 2847 988 2936 gubernatore
1012 2847 1212 2917 Hannibalis
1239 2846 1311 2916 illic
1334 2847 1485 2938 sepulto;
1513 2845 1572 2937 qui

361 2970 470 3040 luerat
494 2971 623 3040 occisus
648 2995 708 3063 per
734 2972 956 3061 ignorantiam
982 2973 1083 3062 regis,
1122 2995 1199 3041 cum
1231 2995 1267 3040 se
1293 2971 1365 3041 eius
1390 2969 1469 3040 dolo
1496 2992 1574 3039 cre-

361 3093 456 3164 deret
482 3117 552 3164 esse
578 3095 752 3188 deceptum
787 3097 924 3166 veniens
951 3097 992 3167 de
1017 3089 1161 3186 Petilia]
1204 3095 1263 3164 2d.
1298 3096 1407 3187 Atque
1440 3118 1481 3164 ea
1514 3119 1573 3164 co-

361 3229 477 3310 gentes
503 3241 570 3288 non
598 3229 744 3300 coactos,
787 3220 941 3290 scelestos
975 3221 1081 3311 magis
1112 3242 1213 3312 quam
1240 3221 1378 3290 miseros
1404 3218 1571 3310 distringi.

360 3341 419 3411 25.
456 3341 704 3434 lnlrequentem
739 3343 913 3412 stationem
944 3355 1091 3414 nostram
1123 3343 1393 3436 incuriosamque
1427 3353 1498 3412 tum
1528 3343 1569 3411 ab

361 3465 473 3535 mmis.
518 3466 576 3536 26.
612 3466 650 3534 16
677 3466 751 3560 quis
775 3467 965 3538 notissimus
999 3468 1142 3560 quisque
1172 3479 1229 3538 aut
1263 3469 1352 3538 malo
1378 3466 1570 3559 dependens

361 3588 611 3671 verberabatur,
638 3600 694 3660 aut
707 3590 908 3662 immutilato
924 3615 1064 3684 corpore
1084 3593 1118 3662 in
1130 3593 1235 3685 proris
1255 3593 1403 3685 patibulo
1418 3593 1570 3663 eminens

361 3715 583 3808 adligebatur.
627 3719 686 3788 27.
721 3717 784 3788 Ubi
817 3719 922 3788 multa
954 3719 1098 3789 nefande
1132 3743 1211 3789 casu
1241 3741 1341 3811 super
1370 3718 1442 3789 ausi
1468 3729 1568 3811 atque

359 3841 458 3934 passi.
500 3841 560 3910 28.
586 3841 781 3911 Exercitum
807 3841 942 3924 dimisit,
969 3853 1005 3912 ut
1028 3842 1174 3936 primum
1192 3844 1294 3936 Alpes
1311 3843 1482 3934 digressus
1509 3852 1565 3911 est

358 4095 490 4156 medium
512 4096 642 4172 spatium
664 4097 778 4174 impetu
811 4097 905 4157 maris
931 4097 1063 4159 divisum
1088 4103 1121 4159 et
1146 4115 1203 4176 per
1230 4099 1402 4177 angustiam
1430 4099 1565 4158 scissum.

359 4203 408 4262 23.
429 4201 501 4262 Isid.
523 4219 585 4261 xrv.
609 4205 636 4262 7.
660 4201 747 4263 Serv.
770 4204 810 4263 ad
831 4204 907 4264 Aen.
931 4207 957 4264 3.
979 4208 1047 4265 a11.
1090 4208 1138 4265 21.
1160 4205 1270 4266 Donat.
1299 4206 1338 4264 ad
1363 4205 1431 4282 Ter.
1454 4205 1565 4282 lleoyr.

359 4310 386 4367 4.
410 4311 436 4366 1.
459 4311 506 4368 21.
549 4311 597 4369 25.
620 4309 727 4370 Arrus.
751 4328 775 4370 s.
796 4328 827 4369 v.
849 4315 906 4370 tac.
927 4330 954 4389 p.
980 4313 1048 4372 212.
1091 4313 1138 4372 26.
1160 4311 1237 4372 Non.
1261 4313 1328 4372 366.
1352 4315 1388 4372 11
1417 4313 1448 4371 in
1478 4311 1565 4370 libris

359 4418 409 4474 est
428 4417 563 4492 improbt3
583 4420 614 4476 r'u
630 4421 733 4492 proris
754 4417 832 4494 conj.
853 4417 935 4498 Lips.
957 4419 1027 4479 Ant.
1049 4417 1133 4479 Leot.
1156 4420 1184 4494 d,
1207 4421 1233 4478 2.
1282 4421 1330 4478 22.
1352 4417 1448 4478 Prisc.
1472 4421 1518 4478 1-1.
1538 4421 1564 4477 t.

359 4522 427 4581 662.
455 4521 627 4598 „Salustius
641 4541 716 4583 vero
733 4525 762 4584 in
777 4525 922 4586 Historiis
937 4527 1115 4586 adverbium
1131 4526 1190 4585 boo
1207 4525 1348 4602 protulit:
1372 4525 1419 4584 ubi
1436 4530 1494 4585 etc.
1509 4525 1562 4584 sed

359 4627 432 4687 mibi
456 4630 580 4690 videtur
607 4630 758 4690 Salustius
783 4649 903 4708 quoque
932 4634 999 4692 loco
1029 4633 1258 4709 propositionis
1281 4632 1341 4692 boo
1374 4641 1564 4709 prepostero

358 4729 553 4810 protulisse.“
595 4740 641 4796 26.
666 4739 772 4798 Arrus.
796 4759 818 4798 s.
842 4759 868 4798 v.
891 4741 963 4816 depr.
986 4757 1013 4815 p.
1036 4733 1121 4798 223ss
