3582 5594
448 687 514 756 158

499 883 580 959 seed
607 906 673 953 non
700 882 822 953 inscius
847 904 957 976 neque
982 881 1163 974 inprudens
1188 903 1273 961 sum,
1300 904 1399 974 quom
1427 905 1467 952 ea
1489 902 1542 949 res
1564 902 1642 972 age·

443 1021 507 1090 tur,
537 1029 612 1101 quae
637 1007 762 1077 saevitia
786 1028 929 1100 quaeque
961 1016 1168 1098 tempestates
1200 1004 1373 1075 hominum
1405 1005 1567 1076 nobilium
1593 1007 1645 1075 lu-

443 1145 524 1206 turae
550 1133 627 1216 sint,
652 1155 753 1227 mum
780 1132 1051 1224 indignabuntur,
1078 1131 1191 1201 omnia
1216 1131 1363 1202 lunditus
1387 1133 1531 1210 misceri,
1559 1131 1644 1200 anti·

442 1259 518 1353 quis
543 1256 668 1328 civibus
687 1256 774 1326 hanc
795 1255 985 1326 servitutem
1003 1255 1130 1347 inponi,
1157 1275 1299 1346 regnum
1320 1254 1465 1346 denique
1480 1277 1523 1323 ex
1540 1254 1642 1325 libera

443 1383 573 1455 civitate
599 1382 756 1460 futurum,
787 1381 844 1450 ubi
870 1381 969 1450 unius
994 1401 1133 1449 munere
1160 1377 1337 1448 multitude
1361 1379 1477 1470 ingens
1503 1379 1538 1448 in
1565 1379 1645 1448 eivi-

443 1517 544 1578 tatem
568 1506 768 1599 pervenerit
810 1504 975 1596 Equidem
999 1526 1062 1595 ege
1087 1503 1135 1572 sie
1161 1502 1248 1595 apud
1273 1504 1422 1574 animum
1446 1525 1560 1574 meum
1582 1514 1645 1572 sta-

443 1641 521 1702 tue:
552 1629 675 1700 malum
702 1629 829 1700 facinus
855 1627 889 1696 in
916 1649 951 1696 se
977 1627 1162 1707 admittere,
1190 1628 1247 1719 qui
1275 1628 1484 1699 incommode
1507 1629 1560 1698 rei
1585 1651 1645 1721 pu-

442 1755 539 1826 ltlicse
553 1754 694 1846 gretiam
707 1752 771 1823 sibi
784 1751 956 1830 concilim
982 1751 1041 1822 ubi
1057 1751 1181 1822 henum
1195 1752 1364 1844 publicum
1380 1755 1479 1823 etiam
1491 1753 1643 1847 privatim

443 1878 517 1950 usui
536 1889 594 1960 est,
613 1877 647 1946 id
669 1900 748 1946 vere
765 1875 915 1946 dubitare
931 1875 1079 1966 adgredi,
1098 1876 1256 1962 socordiae
1275 1876 1373 1971 atque
1391 1878 1532 1969 ignaviae
1551 1878 1643 1948 duco.

442 2007 488 2078 tt.
514 2005 624 2074 Druse
649 2023 780 2093 semper
805 1998 979 2070 consilium
1007 2000 1068 2069 suit
1092 2000 1127 2070 in
1151 2001 1319 2072 tribunatu
1344 2024 1473 2072 summe
1498 2025 1563 2094 ope
1589 2003 1646 2072 niti

443 2151 505 2222 pre
529 2126 714 2205 nobilitate,
750 2145 859 2216 neque
891 2123 993 2193 ullam
1020 2146 1091 2194 rem
1118 2124 1152 2194 in
1178 2125 1342 2219 principio
1367 2148 1467 2217 agere
1493 2126 1643 2208 intendit,

442 2252 508 2322 nisi
534 2251 584 2322 illi
610 2259 759 2320 auctores
784 2248 926 2318 luerent.
973 2247 1039 2318 Sed
1064 2246 1217 2318 hemines
1242 2249 1382 2331 factiosi,
1409 2251 1530 2342 quibus
1551 2251 1645 2321 dolus

443 2387 542 2468 atque
567 2373 693 2445 malitia
719 2372 784 2443 fide
810 2370 939 2442 cariora
965 2382 1069 2454 erant,
1101 2372 1158 2442 ubi
1183 2372 1428 2454 intellexeruut,
1458 2397 1645 2467 perunum

443 2500 614 2572 hominem
639 2519 836 2568 maxumum
862 2494 1063 2566 beneficium
1089 2496 1200 2566 multis
1225 2497 1420 2568 mortalibus
1440 2497 1526 2580 dari,
1553 2500 1646 2569 vide·

443 2625 521 2696 lieet
546 2623 609 2694 sibi
634 2623 775 2715 quisque
801 2620 950 2690 conscius
975 2619 1064 2688 malo
1096 2631 1195 2713 atque
1225 2620 1328 2692 infide
1352 2623 1463 2693 auimo
1489 2647 1574 2706 esse,
1606 2624 1645 2694 de

442 2751 488 2822 tt.
515 2750 625 2819 Druse
659 2747 750 2816 iuxta
784 2768 824 2814 ac
853 2745 957 2814 dese
988 2744 1280 2815 existumaverunt.
1323 2747 1436 2840 ltaque
1463 2759 1565 2830 metu,
1605 2773 1645 2819 ne

443 2897 503 2966 per
528 2881 653 2943 tantam
679 2870 820 2961 gratiam
854 2869 943 2938 selus
973 2890 1087 2939 rerum
1112 2880 1292 2961 poteretur,
1336 2882 1450 2942 eontra
1474 2897 1552 2943 eum
1583 2875 1645 2942 nisi

443 3020 504 3068 sua
529 3007 562 3066 et
586 2994 708 3088 ipseius
741 2992 880 3063 consilia
911 2991 1186 3062 disturbaverunt.
1238 2993 1313 3076 Quo
1345 2993 1415 3075 tibi,
1454 2995 1644 3088 imperatur,

443 3121 569 3192 maiore
595 3143 676 3191 cura
701 3119 846 3212 fideique
872 3119 971 3188 amici
996 3129 1030 3187 et
1053 3118 1159 3188 multa
1183 3118 1338 3211 praeeidia
1362 3120 1509 3211 paranda
1534 3135 1621 3194 sunt.

518 3247 655 3315 Hostem
680 3243 856 3314 advorsum
886 3242 1074 3336 deprimere
1103 3253 1238 3313 suanno
1270 3243 1397 3314 humini
1430 3245 1520 3316 haud
1557 3246 1647 3317 dilli-

444 3370 557 3441 eilest:
596 3367 726 3438 occulta
750 3365 899 3459 pericula
924 3388 1034 3458 neque
1066 3367 1176 3436 iacere
1211 3389 1320 3460 neque
1357 3370 1462 3439 vitare
1486 3369 1584 3439 honis
1612 3373 1644 3439 in

443 3504 597 3589 promptu
613 3503 672 3562 est.
715 3491 832 3582 Igitur,
858 3492 916 3561 ubi
942 3515 997 3562 eos
1023 3493 1055 3561 iu
1083 3492 1248 3563 civitatem
1265 3493 1454 3576 adduxeris,
1485 3496 1646 3587 quoniam

443 3619 578 3714 quidem
603 3627 762 3688 renovata
786 3615 881 3709 plebs
907 3615 980 3698 erit,
1008 3616 1041 3684 in
1068 3639 1108 3686 ee
1133 3595 1170 3687 re
1195 3640 1352 3688 maxume
1377 3622 1524 3689 animum
1547 3644 1645 3690 exer-

444 3753 527 3824 eato,
558 3750 595 3811 ut
619 3741 771 3810 celantur
795 3739 875 3809 boni
903 3761 1025 3822 meres,
1061 3741 1239 3812 eoncordia
1263 3741 1349 3812 iuter
1372 3753 1500 3813 veteres
1526 3757 1560 3814 et
1584 3769 1646 3815 ue-

442 3889 500 3937 ves
525 3865 699 3936 coalescat.
743 3862 808 3933 Sed
833 3863 937 3933 multo
966 3886 1161 3934 maxumum
1194 3864 1316 3936 benum
1345 3867 1470 3957 patriae,
1506 3870 1644 3951 civibus,

443 3994 514 4075 tibi,
553 3993 678 4074 liberis,
715 4000 880 4083 pestremo
913 3990 1066 4062 humanae
1098 3992 1191 4082 genti
1219 3995 1400 4086 pepereris,
1439 3995 1467 4063 si
1500 3993 1645 4064 studium

441 4119 593 4214 pecunie
619 4127 677 4188 eut
700 4115 881 4195 sustuleris,
908 4127 975 4194 aut,
1002 4115 1112 4208 quoad
1137 4139 1190 4185 res
1207 4118 1301 4198 seret,
1326 4119 1497 4188 minueris.
1539 4118 1647 4188 Aliter

442 4267 552 4337 neque
583 4241 711 4335 privata
745 4261 798 4309 res
830 4261 940 4330 neque
968 4239 1103 4332 publice
1134 4262 1244 4332 neque
1270 4241 1493 4335 dominaque
1518 4241 1646 4311 militie

443 4369 516 4460 regi
540 4377 656 4461 petest.
700 4366 783 4434 Nam
809 4363 867 4432 ubi
893 4362 1013 4456 cupide
1038 4362 1228 4434 divitiarum
1253 4364 1383 4446 invasit,
1409 4387 1519 4457 neque
1546 4365 1645 4434 disei-

442 4492 535 4585 plina
565 4515 674 4586 neque
708 4499 793 4560 artes
825 4489 921 4558 bene
953 4511 1063 4582 neque
1097 4489 1271 4579 ingenium
1297 4491 1402 4562 ullum
1428 4490 1506 4561 satis
1532 4492 1643 4585 pollet,

442 4619 524 4712 quin
556 4619 687 4688 animus
719 4615 826 4706 magis
858 4623 916 4684 aut
945 4615 1056 4684 minus
1088 4625 1216 4686 mature
1241 4629 1408 4709 postremo
1432 4628 1544 4691 temen
1570 4647 1645 4693 suc-

443 4744 586 4815 cumbat.
630 4745 724 4835 Saepe
742 4739 808 4808 iam
825 4738 950 4824 andivi,
973 4738 1032 4831 qui
1048 4761 1155 4830 reges,
1178 4763 1252 4835 quae
1270 4743 1418 4812 civitates
1435 4747 1643 4827 mentiones,
