3526 5604
450 602 523 672 sss

450 802 492 872 ad
519 811 622 872 terras
648 799 752 871 modis
777 798 926 891 luppiter
951 810 1061 890 posset
1086 810 1118 869 et
1143 799 1315 869 sacrificiis
1341 799 1429 881 elici,
1465 808 1498 868 et
1520 811 1638 892 accepta
1727 775 1728 820 l

450 951 564 1022 regom
588 925 727 996 seientia
751 947 823 994 rem
849 925 882 992 in
909 924 1075 994 Aventino
1100 923 1216 993 fecisse
1250 923 1414 1005 divinam,
1449 923 1584 994 elexisse
1606 923 1639 992 ad
1727 943 1728 994 t

448 1067 571 1124 terram
596 1052 709 1120 lovem
735 1049 778 1119 ab
803 1071 910 1140 eoque
935 1048 1104 1141 quaesisse
1130 1049 1230 1120 ritum
1257 1031 1499 1142 procurationis
1524 1061 1554 1118 et
1577 1071 1640 1118 mo-

450 1201 532 1248 rem.
582 1179 694 1246 lovem
728 1173 784 1244 diu
819 1185 1009 1244 cunctatum
1035 1173 1196 1274 Expiabis
1232 1173 1311 1244 dixe
1341 1175 1448 1268 capite
1482 1175 1639 1267 bulguritn;
1727 1151 1728 1168 ³

450 1325 565 1394 regem
582 1299 810 1392 respondisse:
838 1298 1000 1390 caepicio;
1026 1300 1138 1369 lovem
1161 1321 1292 1369 rursus:
1319 1297 1480 1381 humanm
1506 1299 1640 1368 retulisse
1727 1259 1728 1340 l

449 1449 584 1518 regem:
609 1425 667 1496 sed
692 1421 857 1510 [scilicetl]
885 1424 1022 1515 capillo;
1049 1423 1149 1494 deum
1168 1435 1298 1494 contra:
1325 1424 1501 1502 animalia:
1528 1420 1638 1508 [anina

449 1551 589 1622 soiboot
623 1562 650 1618 et
684 1570 805 1618 menae
838 1547 886 1615 cel
919 1546 1018 1638 piscis
1056 1541 1192 1636 eddom]
1231 1546 1411 1618 subiecisse
1446 1548 1636 1641 Pompilium.
1727 1583 1728 1612 1

450 1677 544 1744 Tunc
569 1673 735 1763 ambiguis
761 1673 873 1741 lovem
905 1669 1184 1764 propositionibus
1215 1681 1349 1762 captum
1381 1673 1536 1743 extulisse
1565 1671 1637 1740 hanc
1727 1679 1728 1702 ³

451 1823 584 1869 vocem:
617 1796 777 1890 decepisti
799 1819 852 1864 me
870 1797 990 1876 Numa,
1018 1817 1094 1864 nam
1122 1816 1184 1886 ego
1209 1795 1365 1866 humanis
1390 1797 1548 1890 capitibus
1571 1819 1636 1888 pro-

451 1923 561 1994 curari
586 1921 822 1992 constitueram
849 1919 1020 2010 fulgurita,
1056 1941 1123 1988 non
1151 1921 1273 2013 capillo
1299 1921 1466 2014 caepicio;
1498 1921 1635 2014 qnoniam

452 2071 504 2117 me
531 2059 642 2116 tamen
668 2057 725 2116 tna
751 2044 967 2114 circumvenit
992 2045 1122 2125 astutia,
1155 2067 1255 2137 quern
1280 2046 1411 2116 voluisti
1439 2046 1554 2118 babeto
1575 2066 1636 2112 mo-

451 2195 534 2254 rem,
562 2183 593 2242 et
615 2171 666 2242 bis
689 2170 787 2240 rebus
813 2191 895 2262 quas
919 2179 1033 2261 pactus
1059 2191 1094 2237 es
1114 2170 1382 2259 procurationem
1405 2167 1636 2264 sempersnsci·

453 2299 525 2389 pies
551 2295 797 2386 fulguritorum.
849 2294 1011 2362 ,troobios
1035 2294 1109 2362 odo.
1135 2307 1239 2384 peotes
1260 2290 1295 2373 5,
1325 2293 1358 2364 1.
1388 2298 1447 2387 cfr.
1474 2294 1636 2364 Ptotorolm

452 2424 557 2492 Nomo
582 2417 639 2499 15,
666 2415 701 2489 3.
806 2419 863 2487 ld.
890 2416 1006 2488 Antias
1032 2426 1146 2486 auctor
1172 2395 1221 2487 est
1244 2418 1420 2489 duodecim
1447 2419 1543 2490 libros
1566 2439 1636 2509 pon·

452 2544 602 2624 tilicalm,
629 2542 805 2614 duodecim
827 2541 972 2611 Graecos
998 2553 1174 2634 praecepta
1199 2541 1430 2635 philosophiae
1455 2542 1634 2613 continentes

453 2671 486 2740 in
513 2692 591 2739 arca
617 2666 718 2737 inisse
744 2666 916 2758 repositos.
958 2665 1146 2734 Plutarchus
1165 2666 1271 2735 Nomo
1292 2664 1353 2746 22,
1381 2663 1415 2737 3.
1459 2665 1562 2737 Adicit
1576 2667 1635 2734 An-

455 2795 515 2863 tias
547 2791 701 2862 Valerius
733 2789 971 2888 Pythagoricos
996 2789 1108 2859 luisse.
1149 2793 1262 2861 Livius
1286 2789 1347 2870 40,
1378 2789 1439 2872 29,
1464 2789 1498 2863 8.
1539 2787 1633 2860 Antias

453 2916 610 2997 secundo,
637 2915 720 2985 dnos
747 2914 952 3007 pontificales
974 2923 1036 2982 etc.
1063 2913 1320 3008 supraptttt,
1343 2914 1402 2988 15.
1504 2917 1555 2986 ll.
1576 2915 1634 2984 An·
1727 2917 1728 2940 ¹

454 3065 530 3113 cnm
558 3061 760 3133 praenomen
787 3038 893 3108 Varro
929 3061 948 3106 a
974 3037 1105 3108 Sabinis
1135 3039 1331 3110 translatum
1360 3051 1470 3134 putat,
1507 3037 1633 3110 Valerius

453 3167 569 3239 Antias
600 3163 725 3242 scribit,
760 3161 848 3256 quod
881 3161 1027 3232 cubitum
1059 3163 1213 3234 vitiosum
1248 3164 1413 3245 habuerit,
1452 3166 1508 3259 qni
1531 3165 1632 3235 Graece

455 3291 557 3388 ἀγκών
585 3297 732 3358 vocatur.
766 3289 906 3358 Incertus
931 3288 969 3356 de
993 3288 1175 3357 nominibus
1197 3302 1269 3380 post
1293 3289 1452 3360 Volet-ium
1468 3289 1632 3360 nouom

454 3420 512 3508 cfr.
539 3414 623 3485 dicii
645 3412 740 3481 Nouo
765 3411 901 3480 collectio
919 3425 940 3480 t.
958 3408 980 3482 3
995 3436 1031 3504 p.
1045 3409 1105 3483 91.
1211 3413 1265 3482 l2.
1293 3415 1494 3507 Repentinus
1519 3413 1632 3484 existere

454 3542 548 3631 ignes
575 3550 607 3608 et
632 3537 666 3607 in
694 3534 789 3627 aquis
815 3547 847 3604 et
873 3535 907 3604 in
933 3536 1127 3628 corporibus
1153 3537 1253 3607 etiam
1286 3537 1457 3621 humanis,
1491 3537 1632 3609 Trasime-

453 3688 533 3735 num
559 3663 670 3734 lacum
696 3660 816 3733 arsisse
842 3672 957 3741 totum.
985 3663 1101 3733 Servio
1120 3663 1231 3734 Tullio
1256 3663 1432 3735 dormienti
1459 3667 1493 3735 in
1518 3655 1633 3758 pueritia

454 3813 498 3859 ex
522 3788 629 3880 capite
661 3787 831 3856 llammam
857 3785 1050 3867 emicuisse,
1084 3791 1123 3858 L.
1151 3787 1276 3860 biarcio
1302 3789 1336 3858 in
1363 3791 1522 3883 Hispania
1550 3788 1632 3856 inter·
1727 3771 1728 3842 i

455 3912 572 4005 emptis
597 3911 806 4004 Scipionibus
841 3910 1044 3981 contionanti
1076 3922 1108 3981 et
1136 3912 1258 3983 milites
1284 3914 1324 3983 ad
1351 3914 1510 3984 ultionem
1535 3909 1632 3981 erbor-

454 4038 536 4108 tanti
561 4035 679 4106 arsisse
706 4034 807 4104 simili
834 4035 932 4105 modo
959 4035 1111 4106 Valerius
1137 4037 1251 4107 Antias
1277 4048 1400 4108 namot.
1443 4039 1562 4108 Plinius
1580 4043 1631 4100 oot-

454 4164 527 4232 le‘st.
563 4159 598 4244 2,
637 4157 719 4241 107,
752 4156 836 4229 241.
892 4159 1046 4228 Nascitur
1078 4159 1180 4250 igitur
1214 4162 1361 4245 Servius,
1400 4159 1631 4246 dormientisqut

454 4285 586 4378 pueruli
619 4293 717 4375 caput
748 4282 856 4351 visum
887 4292 936 4350 est
968 4281 1063 4374 qnasi
1097 4282 1229 4373 bulgure
1259 4285 1387 4354 ardere.
1437 4286 1547 4356 Antias
1572 4297 1632 4348 vert
1727 4317 1728 4320 π

455 4433 521 4481 non
548 4409 593 4478 ita
617 4432 689 4478 rem
716 4408 878 4488 narravit,
911 4407 969 4477 sed
1001 4431 1075 4477 cum
1102 4432 1186 4478 uxor
1212 4410 1316 4480 Servii
1343 4407 1531 4504 [Tarquinii
1553 4399 1631 4480 Prisci

453 4551 531 4628 poto
563 4535 729 4626 scripserat
763 4534 893 4614 Antias,
929 4536 987 4625 css.
1021 4533 1198 4624 Dionysius
1227 4535 1333 4605 Helie.
1365 4534 1400 4617 4,
1434 4532 1469 4628 7]
1511 4529 1629 4626 Gegania
1727 4535 1728 4560 ¹

456 4659 552 4729 morti
578 4654 731 4750 proxima
757 4667 852 4735 esset,
884 4656 991 4748 ipsum
1018 4667 1191 4748 praesente
1219 4670 1323 4729 urtotre
1347 4683 1539 4754 oppressum
1561 4650 1631 4727 solli·
