3582 5594
725 1741 749 1810 1.

212 1941 273 2010 Pro
297 1963 377 2011 vero
401 1949 497 2010 antea
522 1939 705 2023 obtinebat,
740 1962 844 2032 regna
876 1948 975 2033 atque
1009 1941 1147 2034 imperia
1175 1941 1337 2010 fortunam

141 2065 225 2135 dono
239 2065 332 2148 dare,
358 2065 438 2134 item
460 2066 538 2148 alia,
565 2088 640 2159 quae
658 2088 719 2159 per
735 2064 906 2135 mortaleis
926 2064 1022 2135 avide
1039 2065 1234 2158 cupiuntur:
1258 2065 1338 2158 quia

140 2198 172 2258 et
195 2189 281 2281 apud
306 2189 460 2281 indignos
485 2211 574 2281 saepe
600 2197 705 2270 erant,
738 2189 833 2282 quasi
858 2211 918 2283 per
942 2187 1125 2258 lubidinem
1155 2187 1242 2270 data,
1277 2211 1338 2258 ne-

140 2337 202 2406 qne
226 2314 383 2408 cuiquam
409 2313 597 2407 incorrupta
617 2321 877 2407 permanserant.
917 2313 983 2384 Sed
1006 2334 1060 2383 res
1085 2312 1197 2383 docuit
1220 2311 1254 2380 id
1280 2335 1338 2382 vo-

140 2461 211 2508 rnm
236 2461 319 2521 esse,
353 2439 442 2532 quod
468 2439 503 2508 in
530 2438 733 2509 carminibus
757 2438 884 2532 Appius
915 2438 972 2519 ait,
1011 2437 1142 2508 fabrum
1173 2459 1244 2506 esse
1269 2459 1337 2506 suae

140 2586 303 2656 quemque
333 2563 492 2633 fortunas:
532 2572 630 2656 atque
664 2563 700 2633 in
731 2573 764 2632 te
797 2584 966 2645 maxume,
1004 2563 1063 2655 qui
1095 2572 1222 2632 tantum
1253 2560 1337 2632 aiios

141 2683 414 2781 praegressus'es‚
450 2698 485 2758 ut
515 2687 606 2781 prius
637 2686 757 2758 (leiensi
791 2677 866 2757 sint
884 2686 1035 2757 bomines
1060 2686 1227 2758 laudando
1252 2687 1337 2756 facta

141 2819 192 2880 tua
229 2833 328 2904 qoam
360 2823 395 2882 tu
429 2811 528 2882 laude
554 2810 654 2901 digna
683 2812 850 2883 faciundo.
898 2813 1064 2894 Ceterum,
1099 2821 1136 2882 ut
1167 2811 1337 2892 fabricata,

140 2935 184 3004 sie
207 2936 326 3006 virtute
355 2945 462 3031 parta,
496 2958 597 3029 quam
627 2958 748 3028 magna
782 2936 944 3008 industria
975 2936 1112 3007 baberei
1144 2935 1257 3016 decet:
1295 2958 1337 3004 ne

140 3059 263 3131 incuria
296 3059 523 3131 deformentur
554 3068 612 3129 aut
635 3071 796 3130 conruent
820 3061 997 3131 infirmata.
1039 3061 1145 3130 Nemo
1170 3061 1261 3131 enim
1286 3060 1339 3130 al·

140 3186 197 3255 teri
222 3185 397 3279 imperium
422 3184 537 3255 volens
563 3183 732 3266 coneedit3
768 3195 800 3254 et
825 3187 976 3279 quamvis
1005 3186 1112 3256 bonus
1144 3195 1242 3279 atque
1267 3185 1338 3255 cie-

140 3332 227 3380 meus
251 3310 305 3392 sit,
340 3309 400 3403 qui
424 3310 499 3403 pius
523 3320 639 3403 potest,
674 3319 797 3390 umen,
831 3310 910 3402 quia
934 3309 1024 3379 malo
1050 3332 1121 3378 esse
1146 3309 1235 3390 licet,
1269 3309 1339 3378 sor·

140 3435 311 3505 meidatur.
351 3433 388 3505 ld
411 3433 591 3516 eosvenit,
618 3434 697 3526 quia
714 3434 867 3528 plerique
884 3457 997 3505 rerum
1018 3445 1165 3529 potentes
1182 3457 1338 3528 pervorse

141 3561 322 3639 consulunt,
355 3569 388 3628 et
413 3581 453 3628 eo
478 3581 514 3628 se
539 3558 733 3628 munitiores
758 3570 885 3653 putant,
920 3583 987 3653 quo
1012 3560 1094 3642 illei,
1127 3560 1248 3653 quibus
1274 3561 1339 3630 im-

140 3684 289 3775 peritant.
316 3683 494 3776 nequiores
513 3683 619 3752 fuere.
666 3684 709 3753 At
734 3694 847 3754 contra
874 3684 908 3753 id
934 3683 1013 3753 eniti
1040 3683 1146 3763 deeet,
1172 3684 1338 3778 cumipse

139 3807 239 3879 bonus
266 3819 367 3901 atque
392 3819 545 3878 strenuus
570 3809 626 3888 sis,
659 3807 833 3902 utiquam
859 3809 1000 3902 optumis
1026 3809 1206 3900 imperitas.
1253 3809 1338 3878 Nam

139 3957 306 4026 panormo
331 3935 473 4028 quisque
502 3956 695 4028 asperrume
729 3944 891 4003 rectorem
922 3933 1055 4027 patitur.
1099 3932 1165 4003 Sed
1189 3933 1249 4002 tibi
1275 3932 1338 4003 boe

139 4059 268 4148 gravium
294 4069 354 4138 est,
392 4080 495 4151 qnam
521 4067 596 4126 aute
622 4068 654 4127 te
680 4057 845 4139 omnibus,
880 4058 979 4127 armis
1005 4067 1098 4150 parta
1123 4077 1337 4149 componere,

139 4182 219 4272 qnod
250 4180 377 4251 balium
404 4180 548 4250 aliorum
574 4203 656 4273 paee
682 4179 815 4250 mollius
842 4179 988 4272 gessisti:
1030 4179 1073 4254 ad
1102 4178 1166 4249 boo
1198 4181 1339 4249 victores

138 4305 280 4395 praedam
306 4315 433 4399 petunt,
470 4305 548 4375 victi
573 4305 661 4375 cives
686 4316 771 4375 sunt.
819 4307 908 4376 luter
933 4303 991 4374 bas
1017 4304 1225 4374 difficultates
1260 4326 1340 4373 eva-

139 4425 278 4499 dendum
296 4428 434 4509 esttibi,
461 4439 559 4522 atqm
586 4429 620 4498 in
647 4437 817 4522 posterum
843 4429 1006 4499 firmanda
1030 4427 1248 4520 respublica,
1270 4450 1338 4498 non

140 4555 236 4625 armis
258 4553 370 4638 modo,
397 4577 507 4648 neqne
533 4555 711 4626 advorsum
735 4556 849 4638 bostis,
877 4555 934 4626 sed
962 4555 1050 4648 qnod
1076 4553 1181 4624 multo
1205 4545 1337 4641 [maius]

139 4680 304 4772 unitoque
322 4681 473 4772 asperius
492 4691 550 4762 ast,
578 4681 668 4772 panis
686 4679 781 4750 bonis
800 4679 936 4750 artibus.
977 4681 1068 4770 Ergo
1085 4701 1199 4748 omnes
1218 4698 1340 4767 magna
