<?xml version="1.0" encoding="UTF-8"?>
<!DOCTYPE html PUBLIC "-//W3C//DTD XHTML 1.0 Transitional//EN"
    "http://www.w3.org/TR/xhtml1/DTD/xhtml1-transitional.dtd">
<html xmlns="http://www.w3.org/1999/xhtml" xml:lang="en" lang="en">
 <head>
  <title>
</title>
<meta http-equiv="Content-Type" content="text/html;charset=utf-8" />
  <meta name='ocr-system' content='tesseract 3.04.00' />
  <meta name='ocr-capabilities' content='ocr_page ocr_carea ocr_par ocr_line ocrx_word'/>
</head>
<body>
  <div class='ocr_page' id='page_1' title='image "./gaisalustiicris00rothgoog_0220.png"; bbox 0 0 3554 5600; ppageno 0'>
   <div class='ocr_carea' id='block_1_1' title="bbox 1297 622 1365 694">
    <p class='ocr_par' dir='ltr' id='par_1_1' title="bbox 1297 622 1365 694">
     <span class='ocr_line' id='line_1_1' title="bbox 1297 622 1365 694; baseline 0.015 -1"><span class='ocrx_word' id='word_1_1' title='bbox 1297 622 1365 694; x_wconf 83' lang='lat'><strong>183</strong></span> 
     </span>
    </p>
   </div>
   <div class='ocr_carea' id='block_1_2' title="bbox 157 822 1366 1145">
    <p class='ocr_par' dir='ltr' id='par_1_2' title="bbox 157 822 1366 1145">
     <span class='ocr_line' id='line_1_2' title="bbox 233 822 1365 904; baseline 0 -9"><span class='ocrx_word' id='word_1_2' title='bbox 233 847 280 895; x_wconf 85' lang='lat' dir='ltr'><strong>vr.</strong></span> <span class='ocrx_word' id='word_1_3' title='bbox 332 824 489 904; x_wconf 73' lang='lat' dir='ltr'><strong>Audistis,</strong></span> <span class='ocrx_word' id='word_1_4' title='bbox 516 823 653 904; x_wconf 89' lang='lat' dir='ltr'><strong>iudices,</strong></span> <span class='ocrx_word' id='word_1_5' title='bbox 679 825 757 894; x_wconf 88' lang='lat' dir='ltr'><strong>satis</strong></span> <span class='ocrx_word' id='word_1_6' title='bbox 774 822 953 904; x_wconf 87' lang='lat' dir='ltr'><strong>evidenter,</strong></span> <span class='ocrx_word' id='word_1_7' title='bbox 972 824 1172 904; x_wconf 89' lang='lat' dir='ltr'><strong>ntarbitror,</strong></span> <span class='ocrx_word' id='word_1_8' title='bbox 1191 825 1365 895; x_wconf 89' lang='lat' dir='ltr'><strong>consilium</strong></span> 
     </span>
     <span class='ocr_line' id='line_1_3' title="bbox 158 947 1366 1042; baseline -0.001 -22"><span class='ocrx_word' id='word_1_9' title='bbox 158 949 408 1022; x_wconf 73' lang='lat' dir='ltr'><strong>sceleratissimi</strong></span> <span class='ocrx_word' id='word_1_10' title='bbox 433 947 578 1021; x_wconf 92' lang='lat' dir='ltr'><strong>bominis</strong></span> <span class='ocrx_word' id='word_1_11' title='bbox 605 951 756 1022; x_wconf 75' lang='lat' dir='ltr'><strong>Catilinae</strong></span> <span class='ocrx_word' id='word_1_12' title='bbox 788 950 903 1042; x_wconf 89' lang='lat' dir='ltr'><strong>reique</strong></span> <span class='ocrx_word' id='word_1_13' title='bbox 930 949 1165 1040; x_wconf 80' lang='lat' dir='ltr'><strong>indignissima</strong></span> <span class='ocrx_word' id='word_1_14' title='bbox 1192 949 1366 1020; x_wconf 86' lang='lat' dir='ltr'><strong>miserabi-</strong></span> 
     </span>
     <span class='ocr_line' id='line_1_4' title="bbox 157 1070 1362 1145; baseline 0.002 -3"><span class='ocrx_word' id='word_1_15' title='bbox 157 1072 223 1142; x_wconf 87' lang='lat' dir='ltr'><strong>lem</strong></span> <span class='ocrx_word' id='word_1_16' title='bbox 248 1095 289 1142; x_wconf 91' lang='lat' dir='ltr'><strong>ac</strong></span> <span class='ocrx_word' id='word_1_17' title='bbox 314 1073 543 1144; x_wconf 88' lang='lat' dir='ltr'><strong>detestabilem</strong></span> <span class='ocrx_word' id='word_1_18' title='bbox 568 1072 807 1144; x_wconf 88' lang='lat' dir='ltr'><strong>crudelitatem.</strong></span> <span class='ocrx_word' id='word_1_19' title='bbox 851 1073 946 1143; x_wconf 90' lang='lat' dir='ltr'><strong>Nunc</strong></span> <span class='ocrx_word' id='word_1_20' title='bbox 972 1094 1050 1142; x_wconf 90' lang='lat' dir='ltr'><strong>vero</strong></span> <span class='ocrx_word' id='word_1_21' title='bbox 1075 1070 1242 1142; x_wconf 90' lang='lat' dir='ltr'><strong>audienda</strong></span> <span class='ocrx_word' id='word_1_22' title='bbox 1263 1097 1362 1145; x_wconf 91' lang='lat' dir='ltr'><strong>cansa</strong></span> 
     </span>
    </p>
   </div>
   <div class='ocr_carea' id='block_1_3' title="bbox 156 1194 1362 2036">
    <p class='ocr_par' dir='ltr' id='par_1_3' title="bbox 156 1194 1362 2036">
     <span class='ocr_line' id='line_1_5' title="bbox 158 1194 1361 1296; baseline -0.001 -30"><span class='ocrx_word' id='word_1_23' title='bbox 158 1208 209 1266; x_wconf 81' lang='lat' dir='ltr'><strong>est</strong></span> <span class='ocrx_word' id='word_1_24' title='bbox 232 1195 521 1288; x_wconf 81' lang='lat' dir='ltr'><strong>agnoscendaeque</strong></span> <span class='ocrx_word' id='word_1_25' title='bbox 547 1195 645 1296; x_wconf 83' lang='lat' dir='ltr'><strong>laces,</strong></span> <span class='ocrx_word' id='word_1_26' title='bbox 679 1196 798 1288; x_wconf 85' lang='lat' dir='ltr'><strong>quibus</strong></span> <span class='ocrx_word' id='word_1_27' title='bbox 824 1195 882 1265; x_wconf 88' lang='lat' dir='ltr'><strong>ille</strong></span> <span class='ocrx_word' id='word_1_28' title='bbox 908 1194 1060 1288; x_wconf 82' lang='lat' dir='ltr'><strong>llagravit</strong></span> <span class='ocrx_word' id='word_1_29' title='bbox 1084 1196 1126 1264; x_wconf 88' lang='lat' dir='ltr'><strong>ad</strong></span> <span class='ocrx_word' id='word_1_30' title='bbox 1150 1195 1361 1288; x_wconf 88' lang='lat' dir='ltr'><strong>cupiditatem</strong></span> 
     </span>
     <span class='ocr_line' id='line_1_6' title="bbox 159 1319 1362 1414; baseline -0.002 -22"><span class='ocrx_word' id='word_1_31' title='bbox 159 1319 351 1392; x_wconf 85' lang='lat' dir='ltr'><strong>huiusmodi</strong></span> <span class='ocrx_word' id='word_1_32' title='bbox 377 1320 528 1392; x_wconf 78' lang='lat' dir='ltr'><strong>scelerati</strong></span> <span class='ocrx_word' id='word_1_33' title='bbox 555 1322 711 1392; x_wconf 80' lang='lat' dir='ltr'><strong>facinoris</strong></span> <span class='ocrx_word' id='word_1_34' title='bbox 736 1321 942 1393; x_wconf 82' lang='lat' dir='ltr'><strong>obeundam:</strong></span> <span class='ocrx_word' id='word_1_35' title='bbox 978 1345 1060 1414; x_wconf 87' lang='lat' dir='ltr'><strong>quas</strong></span> <span class='ocrx_word' id='word_1_36' title='bbox 1091 1322 1118 1390; x_wconf 92' lang='lat' dir='ltr'><strong>si</strong></span> <span class='ocrx_word' id='word_1_37' title='bbox 1146 1322 1244 1414; x_wconf 88' lang='lat' dir='ltr'><strong>plane</strong></span> <span class='ocrx_word' id='word_1_38' title='bbox 1270 1343 1362 1390; x_wconf 88' lang='lat' dir='ltr'><strong>com-</strong></span> 
     </span>
     <span class='ocr_line' id='line_1_7' title="bbox 158 1444 1362 1540; baseline 0 -24"><span class='ocrx_word' id='word_1_39' title='bbox 158 1446 314 1538; x_wconf 85' lang='lat' dir='ltr'><strong>probatas</strong></span> <span class='ocrx_word' id='word_1_40' title='bbox 346 1446 452 1527; x_wconf 87' lang='lat' dir='ltr'><strong>vobis,</strong></span> <span class='ocrx_word' id='word_1_41' title='bbox 490 1457 525 1518; x_wconf 92' lang='lat' dir='ltr'><strong>nt</strong></span> <span class='ocrx_word' id='word_1_42' title='bbox 556 1446 710 1529; x_wconf 89' lang='lat' dir='ltr'><strong>arbitror,</strong></span> <span class='ocrx_word' id='word_1_43' title='bbox 749 1447 914 1540; x_wconf 85' lang='lat' dir='ltr'><strong>planeque</strong></span> <span class='ocrx_word' id='word_1_44' title='bbox 946 1445 1123 1518; x_wconf 90' lang='lat' dir='ltr'><strong>illustratas</strong></span> <span class='ocrx_word' id='word_1_45' title='bbox 1156 1444 1362 1516; x_wconf 87' lang='lat' dir='ltr'><strong>evidentibus</strong></span> 
     </span>
     <span class='ocr_line' id='line_1_8' title="bbox 157 1569 1360 1664; baseline -0.002 -24"><span class='ocrx_word' id='word_1_46' title='bbox 157 1570 262 1661; x_wconf 75' lang='lat' dir='ltr'><strong>signis</strong></span> <span class='ocrx_word' id='word_1_47' title='bbox 279 1572 430 1652; x_wconf 89' lang='lat' dir='ltr'><strong>attulero,</strong></span> <span class='ocrx_word' id='word_1_48' title='bbox 457 1571 541 1641; x_wconf 84' lang='lat' dir='ltr'><strong>nihil</strong></span> <span class='ocrx_word' id='word_1_49' title='bbox 558 1572 622 1642; x_wconf 88' lang='lat' dir='ltr'><strong>erit</strong></span> <span class='ocrx_word' id='word_1_50' title='bbox 638 1571 883 1664; x_wconf 89' lang='lat' dir='ltr'><strong>impedimento,</strong></span> <span class='ocrx_word' id='word_1_51' title='bbox 910 1571 990 1664; x_wconf 90' lang='lat' dir='ltr'><strong>quin</strong></span> <span class='ocrx_word' id='word_1_52' title='bbox 1009 1571 1135 1640; x_wconf 86' lang='lat' dir='ltr'><strong>hostem</strong></span> <span class='ocrx_word' id='word_1_53' title='bbox 1153 1570 1203 1640; x_wconf 91' lang='lat' dir='ltr'><strong>rei</strong></span> <span class='ocrx_word' id='word_1_54' title='bbox 1220 1569 1360 1663; x_wconf 88' lang='lat' dir='ltr'><strong>publicae</strong></span> 
     </span>
     <span class='ocr_line' id='line_1_9' title="bbox 157 1689 1361 1787; baseline -0.003 -23"><span class='ocrx_word' id='word_1_55' title='bbox 157 1694 426 1764; x_wconf 88' lang='lat' dir='ltr'><strong>crudelissimum</strong></span> <span class='ocrx_word' id='word_1_56' title='bbox 451 1704 549 1786; x_wconf 88' lang='lat' dir='ltr'><strong>atque</strong></span> <span class='ocrx_word' id='word_1_57' title='bbox 575 1693 821 1767; x_wconf 83' lang='lat' dir='ltr'><strong>infestissimum</strong></span> <span class='ocrx_word' id='word_1_58' title='bbox 847 1695 984 1765; x_wconf 89' lang='lat' dir='ltr'><strong>summis</strong></span> <span class='ocrx_word' id='word_1_59' title='bbox 1012 1694 1193 1787; x_wconf 87' lang='lat' dir='ltr'><strong>suppliciis,</strong></span> <span class='ocrx_word' id='word_1_60' title='bbox 1225 1689 1361 1762; x_wconf 89' lang='lat' dir='ltr'><strong>summis</strong></span> 
     </span>
     <span class='ocr_line' id='line_1_10' title="bbox 157 1815 1360 1896; baseline -0.001 -10"><span class='ocrx_word' id='word_1_61' title='bbox 157 1815 357 1890; x_wconf 76' lang='lat' dir='ltr'><strong>uncialibus</strong></span> <span class='ocrx_word' id='word_1_62' title='bbox 381 1817 589 1888; x_wconf 91' lang='lat' dir='ltr'><strong>multandum</strong></span> <span class='ocrx_word' id='word_1_63' title='bbox 614 1840 653 1888; x_wconf 90' lang='lat' dir='ltr'><strong>ac</strong></span> <span class='ocrx_word' id='word_1_64' title='bbox 678 1817 887 1888; x_wconf 89' lang='lat' dir='ltr'><strong>mactandum</strong></span> <span class='ocrx_word' id='word_1_65' title='bbox 904 1839 975 1886; x_wconf 86' lang='lat' dir='ltr'><strong>esse</strong></span> <span class='ocrx_word' id='word_1_66' title='bbox 994 1816 1144 1886; x_wconf 83' lang='lat' dir='ltr'><strong>lubeatis.</strong></span> <span class='ocrx_word' id='word_1_67' title='bbox 1188 1816 1278 1896; x_wconf 88' lang='lat' dir='ltr'><strong>Tria,</strong></span> <span class='ocrx_word' id='word_1_68' title='bbox 1305 1815 1360 1885; x_wconf 92' lang='lat' dir='ltr'><strong>iu·</strong></span> 
     </span>
     <span class='ocr_line' id='line_1_11' title="bbox 156 1938 1359 2036; baseline 0 -26"><span class='ocrx_word' id='word_1_69' title='bbox 156 1940 258 2022; x_wconf 88' lang='lat' dir='ltr'><strong>dices,</strong></span> <span class='ocrx_word' id='word_1_70' title='bbox 291 1941 456 2010; x_wconf 87' lang='lat' dir='ltr'><strong>sententia</strong></span> <span class='ocrx_word' id='word_1_71' title='bbox 480 1963 555 2010; x_wconf 92' lang='lat' dir='ltr'><strong>mea</strong></span> <span class='ocrx_word' id='word_1_72' title='bbox 586 1940 758 2023; x_wconf 87' lang='lat' dir='ltr'><strong>scelerata,</strong></span> <span class='ocrx_word' id='word_1_73' title='bbox 788 1940 952 2036; x_wconf 77' lang='lat' dir='ltr'><strong>crudelia,</strong></span> <span class='ocrx_word' id='word_1_74' title='bbox 992 1938 1167 2031; x_wconf 82' lang='lat' dir='ltr'><strong>flagitiosa,</strong></span> <span class='ocrx_word' id='word_1_75' title='bbox 1199 1938 1359 2020; x_wconf 88' lang='lat' dir='ltr'><strong>inaudita,</strong></span> 
     </span>
    </p>
   </div>
   <div class='ocr_carea' id='block_1_4' title="bbox 148 2064 1360 4774">
    <p class='ocr_par' dir='ltr' id='par_1_4' title="bbox 155 2064 1360 2386">
     <span class='ocr_line' id='line_1_12' title="bbox 156 2064 1360 2158; baseline 0 -25"><span class='ocrx_word' id='word_1_76' title='bbox 156 2085 233 2156; x_wconf 78' lang='lat' dir='ltr'><strong>qua</strong></span> <span class='ocrx_word' id='word_1_77' title='bbox 267 2075 414 2136; x_wconf 62' lang='lat' dir='ltr'><strong>menum</strong></span> <span class='ocrx_word' id='word_1_78' title='bbox 447 2065 598 2136; x_wconf 78' lang='lat' dir='ltr'><strong>Catilina</strong></span> <span class='ocrx_word' id='word_1_79' title='bbox 632 2088 763 2158; x_wconf 88' lang='lat' dir='ltr'><strong>semper</strong></span> <span class='ocrx_word' id='word_1_80' title='bbox 796 2065 1065 2143; x_wconf 86' lang='lat' dir='ltr'><strong>immoderatam,</strong></span> <span class='ocrx_word' id='word_1_81' title='bbox 1103 2085 1235 2156; x_wconf 88' lang='lat' dir='ltr'><strong>semper</strong></span> <span class='ocrx_word' id='word_1_82' title='bbox 1267 2064 1360 2134; x_wconf 89' lang='lat' dir='ltr'><strong>novis</strong></span> 
     </span>
     <span class='ocr_line' id='line_1_13' title="bbox 155 2187 1360 2281; baseline -0.002 -23"><span class='ocrx_word' id='word_1_83' title='bbox 155 2187 256 2259; x_wconf 52' lang='lat' dir='ltr'><strong>was</strong></span> <span class='ocrx_word' id='word_1_84' title='bbox 285 2189 472 2260; x_wconf 87' lang='lat' dir='ltr'><strong>studentem</strong></span> <span class='ocrx_word' id='word_1_85' title='bbox 510 2189 552 2260; x_wconf 90' lang='lat' dir='ltr'><strong>ad</strong></span> <span class='ocrx_word' id='word_1_86' title='bbox 588 2190 726 2260; x_wconf 84' lang='lat' dir='ltr'><strong>exitium</strong></span> <span class='ocrx_word' id='word_1_87' title='bbox 760 2189 876 2281; x_wconf 84' lang='lat' dir='ltr'><strong>patriae</strong></span> <span class='ocrx_word' id='word_1_88' title='bbox 913 2198 1174 2268; x_wconf 85' lang='lat' dir='ltr'><strong>commoverunt,</strong></span> <span class='ocrx_word' id='word_1_89' title='bbox 1221 2187 1360 2258; x_wconf 87' lang='lat' dir='ltr'><strong>dicenda</strong></span> 
     </span>
     <span class='ocr_line' id='line_1_14' title="bbox 155 2327 243 2386; baseline -0.023 0"><span class='ocrx_word' id='word_1_90' title='bbox 155 2327 243 2386; x_wconf 75' lang='lat' dir='ltr'><strong>mni.</strong></span> 
     </span>
    </p>

    <p class='ocr_par' dir='ltr' id='par_1_5' title="bbox 148 2437 1359 4774">
     <span class='ocr_line' id='line_1_15' title="bbox 229 2437 1359 2532; baseline -0.004 -22"><span class='ocrx_word' id='word_1_91' title='bbox 229 2461 289 2510; x_wconf 87' lang='lat' dir='ltr'><strong>vn.</strong></span> <span class='ocrx_word' id='word_1_92' title='bbox 341 2439 488 2509; x_wconf 88' lang='lat' dir='ltr'><strong>Primum</strong></span> <span class='ocrx_word' id='word_1_93' title='bbox 514 2440 599 2510; x_wconf 92' lang='lat' dir='ltr'><strong>ratio</strong></span> <span class='ocrx_word' id='word_1_94' title='bbox 624 2439 775 2532; x_wconf 75' lang='lat' dir='ltr'><strong>quaedam</strong></span> <span class='ocrx_word' id='word_1_95' title='bbox 801 2439 900 2510; x_wconf 86' lang='lat' dir='ltr'><strong>tristis</strong></span> <span class='ocrx_word' id='word_1_96' title='bbox 929 2439 1116 2518; x_wconf 76' lang='lat' dir='ltr'><strong>simultatio,</strong></span> <span class='ocrx_word' id='word_1_97' title='bbox 1150 2460 1216 2530; x_wconf 89' lang='lat' dir='ltr'><strong>qua</strong></span> <span class='ocrx_word' id='word_1_98' title='bbox 1243 2437 1359 2508; x_wconf 91' lang='lat' dir='ltr'><strong>ductus</strong></span> 
     </span>
     <span class='ocr_line' id='line_1_16' title="bbox 154 2563 1359 2657; baseline -0.002 -25"><span class='ocrx_word' id='word_1_99' title='bbox 154 2575 203 2632; x_wconf 85' lang='lat' dir='ltr'><strong>est</strong></span> <span class='ocrx_word' id='word_1_100' title='bbox 227 2564 421 2636; x_wconf 87' lang='lat' dir='ltr'><strong>universnm</strong></span> <span class='ocrx_word' id='word_1_101' title='bbox 446 2566 603 2640; x_wconf 88' lang='lat' dir='ltr'><strong>Senatum</strong></span> <span class='ocrx_word' id='word_1_102' title='bbox 629 2588 671 2635; x_wconf 85' lang='lat' dir='ltr'><strong>ex</strong></span> <span class='ocrx_word' id='word_1_103' title='bbox 697 2566 861 2636; x_wconf 87' lang='lat' dir='ltr'><strong>memoria</strong></span> <span class='ocrx_word' id='word_1_104' title='bbox 887 2566 1027 2657; x_wconf 79' lang='lat' dir='ltr'><strong>repulsa</strong></span> <span class='ocrx_word' id='word_1_105' title='bbox 1053 2563 1242 2634; x_wconf 90' lang='lat' dir='ltr'><strong>consulatus</strong></span> <span class='ocrx_word' id='word_1_106' title='bbox 1267 2563 1359 2654; x_wconf 90' lang='lat' dir='ltr'><strong>capi-</strong></span> 
     </span>
     <span class='ocr_line' id='line_1_17' title="bbox 155 2686 1358 2783; baseline -0.003 -25"><span class='ocrx_word' id='word_1_107' title='bbox 155 2687 265 2758; x_wconf 88' lang='lat' dir='ltr'><strong>taliter</strong></span> <span class='ocrx_word' id='word_1_108' title='bbox 280 2686 382 2758; x_wconf 86' lang='lat' dir='ltr'><strong>inisse</strong></span> <span class='ocrx_word' id='word_1_109' title='bbox 398 2709 529 2780; x_wconf 91' lang='lat' dir='ltr'><strong>semper</strong></span> <span class='ocrx_word' id='word_1_110' title='bbox 545 2688 751 2760; x_wconf 88' lang='lat' dir='ltr'><strong>imeotatum.</strong></span> <span class='ocrx_word' id='word_1_111' title='bbox 790 2688 943 2760; x_wconf 89' lang='lat' dir='ltr'><strong>Secundo</strong></span> <span class='ocrx_word' id='word_1_112' title='bbox 959 2689 1069 2758; x_wconf 89' lang='lat' dir='ltr'><strong>rabies</strong></span> <span class='ocrx_word' id='word_1_113' title='bbox 1085 2687 1237 2783; x_wconf 79' lang='lat' dir='ltr'><strong>quaedam</strong></span> <span class='ocrx_word' id='word_1_114' title='bbox 1254 2698 1358 2755; x_wconf 88' lang='lat' dir='ltr'><strong>teme·</strong></span> 
     </span>
     <span class='ocr_line' id='line_1_18' title="bbox 154 2810 1358 2906; baseline -0.003 -24"><span class='ocrx_word' id='word_1_115' title='bbox 154 2811 253 2882; x_wconf 76' lang='lat' dir='ltr'><strong>rariaa</strong></span> <span class='ocrx_word' id='word_1_116' title='bbox 275 2812 477 2894; x_wconf 85' lang='lat' dir='ltr'><strong>ambitionis,</strong></span> <span class='ocrx_word' id='word_1_117' title='bbox 510 2814 624 2883; x_wconf 87' lang='lat' dir='ltr'><strong>sitiens</strong></span> <span class='ocrx_word' id='word_1_118' title='bbox 652 2813 837 2884; x_wconf 83' lang='lat' dir='ltr'><strong>immodicae</strong></span> <span class='ocrx_word' id='word_1_119' title='bbox 863 2813 978 2904; x_wconf 84' lang='lat' dir='ltr'><strong>gloriae</strong></span> <span class='ocrx_word' id='word_1_120' title='bbox 1004 2833 1204 2906; x_wconf 86' lang='lat' dir='ltr'><strong>prorsusque</strong></span> <span class='ocrx_word' id='word_1_121' title='bbox 1225 2810 1358 2881; x_wconf 87' lang='lat' dir='ltr'><strong>inllam-</strong></span> 
     </span>
     <span class='ocr_line' id='line_1_19' title="bbox 154 2935 1356 3030; baseline 0 -24"><span class='ocrx_word' id='word_1_122' title='bbox 154 2946 243 3006; x_wconf 90' lang='lat' dir='ltr'><strong>mata</strong></span> <span class='ocrx_word' id='word_1_123' title='bbox 280 2947 442 3030; x_wconf 88' lang='lat' dir='ltr'><strong>perpetua</strong></span> <span class='ocrx_word' id='word_1_124' title='bbox 477 2938 624 3030; x_wconf 81' lang='lat' dir='ltr'><strong>quadam</strong></span> <span class='ocrx_word' id='word_1_125' title='bbox 666 2948 698 3007; x_wconf 89' lang='lat' dir='ltr'><strong>et</strong></span> <span class='ocrx_word' id='word_1_126' title='bbox 734 2937 896 3029; x_wconf 85' lang='lat' dir='ltr'><strong>singulari</strong></span> <span class='ocrx_word' id='word_1_127' title='bbox 940 2937 1116 3030; x_wconf 83' lang='lat' dir='ltr'><strong>cupiditate</strong></span> <span class='ocrx_word' id='word_1_128' title='bbox 1152 2935 1356 3006; x_wconf 92' lang='lat' dir='ltr'><strong>dominandi.</strong></span> 
     </span>
     <span class='ocr_line' id='line_1_20' title="bbox 154 3060 1359 3156; baseline 0.002 -26"><span class='ocrx_word' id='word_1_129' title='bbox 154 3063 324 3134; x_wconf 70' lang='lat' dir='ltr'><strong>Posbemo</strong></span> <span class='ocrx_word' id='word_1_130' title='bbox 349 3073 453 3134; x_wconf 80' lang='lat' dir='ltr'><strong>cotun</strong></span> <span class='ocrx_word' id='word_1_131' title='bbox 477 3063 618 3134; x_wconf 86' lang='lat' dir='ltr'><strong>infames</strong></span> <span class='ocrx_word' id='word_1_132' title='bbox 648 3065 913 3156; x_wconf 87' lang='lat' dir='ltr'><strong>turpissimorum</strong></span> <span class='ocrx_word' id='word_1_133' title='bbox 940 3062 1125 3145; x_wconf 91' lang='lat' dir='ltr'><strong>hominum,</strong></span> <span class='ocrx_word' id='word_1_134' title='bbox 1160 3084 1224 3131; x_wconf 93' lang='lat' dir='ltr'><strong>non</strong></span> <span class='ocrx_word' id='word_1_135' title='bbox 1259 3060 1359 3132; x_wconf 92' lang='lat' dir='ltr'><strong>modo</strong></span> 
     </span>
     <span class='ocr_line' id='line_1_21' title="bbox 154 3185 1357 3277; baseline -0.002 -21"><span class='ocrx_word' id='word_1_136' title='bbox 154 3185 282 3277; x_wconf 77' lang='lat' dir='ltr'><strong>fatigati</strong></span> <span class='ocrx_word' id='word_1_137' title='bbox 319 3185 477 3256; x_wconf 88' lang='lat' dir='ltr'><strong>diuturno</strong></span> <span class='ocrx_word' id='word_1_138' title='bbox 515 3188 603 3256; x_wconf 94' lang='lat' dir='ltr'><strong>malo</strong></span> <span class='ocrx_word' id='word_1_139' title='bbox 637 3187 825 3258; x_wconf 78' lang='lat' dir='ltr'><strong>domesticae</strong></span> <span class='ocrx_word' id='word_1_140' title='bbox 860 3186 1076 3266; x_wconf 88' lang='lat' dir='ltr'><strong>necessitatis,</strong></span> <span class='ocrx_word' id='word_1_141' title='bbox 1117 3185 1357 3256; x_wconf 86' lang='lat' dir='ltr'><strong>verumetiam</strong></span> 
     </span>
     <span class='ocr_line' id='line_1_22' title="bbox 154 3308 1358 3404; baseline -0.004 -22"><span class='ocrx_word' id='word_1_142' title='bbox 154 3311 272 3382; x_wconf 87' lang='lat' dir='ltr'><strong>imbuti</strong></span> <span class='ocrx_word' id='word_1_143' title='bbox 303 3311 439 3404; x_wconf 79' lang='lat' dir='ltr'><strong>flagitiis</strong></span> <span class='ocrx_word' id='word_1_144' title='bbox 470 3335 510 3382; x_wconf 90' lang='lat' dir='ltr'><strong>ac</strong></span> <span class='ocrx_word' id='word_1_145' title='bbox 542 3314 778 3386; x_wconf 89' lang='lat' dir='ltr'><strong>consuetudine</strong></span> <span class='ocrx_word' id='word_1_146' title='bbox 803 3313 979 3393; x_wconf 89' lang='lat' dir='ltr'><strong>scelerum,</strong></span> <span class='ocrx_word' id='word_1_147' title='bbox 1013 3312 1213 3403; x_wconf 88' lang='lat' dir='ltr'><strong>sempiterna</strong></span> <span class='ocrx_word' id='word_1_148' title='bbox 1238 3308 1358 3379; x_wconf 88' lang='lat' dir='ltr'><strong>comite</strong></span> 
     </span>
     <span class='ocr_line' id='line_1_23' title="bbox 153 3435 1357 3532; baseline -0.002 -26"><span class='ocrx_word' id='word_1_149' title='bbox 153 3445 187 3506; x_wconf 86' lang='lat' dir='ltr'><strong>et</strong></span> <span class='ocrx_word' id='word_1_150' title='bbox 211 3437 382 3527; x_wconf 75' lang='lat' dir='ltr'><strong>genetrice</strong></span> <span class='ocrx_word' id='word_1_151' title='bbox 407 3439 627 3530; x_wconf 87' lang='lat' dir='ltr'><strong>pessimarum</strong></span> <span class='ocrx_word' id='word_1_152' title='bbox 657 3439 890 3532; x_wconf 68' lang='lat' dir='ltr'><strong>cupiditatum</strong></span> <span class='ocrx_word' id='word_1_153' title='bbox 925 3438 1015 3530; x_wconf 87' lang='lat' dir='ltr'><strong>quod</strong></span> <span class='ocrx_word' id='word_1_154' title='bbox 1048 3459 1152 3528; x_wconf 74' lang='lat' dir='ltr'><strong>genis</strong></span> <span class='ocrx_word' id='word_1_155' title='bbox 1184 3435 1357 3505; x_wconf 93' lang='lat' dir='ltr'><strong>bominum</strong></span> 
     </span>
     <span class='ocr_line' id='line_1_24' title="bbox 153 3559 1357 3634; baseline -0.002 -3"><span class='ocrx_word' id='word_1_156' title='bbox 153 3561 333 3632; x_wconf 86' lang='lat' dir='ltr'><strong>Catilinam</strong></span> <span class='ocrx_word' id='word_1_157' title='bbox 359 3583 458 3634; x_wconf 93' lang='lat' dir='ltr'><strong>suum</strong></span> <span class='ocrx_word' id='word_1_158' title='bbox 483 3562 585 3632; x_wconf 88' lang='lat' dir='ltr'><strong>etiam</strong></span> <span class='ocrx_word' id='word_1_159' title='bbox 609 3562 828 3634; x_wconf 90' lang='lat' dir='ltr'><strong>dormientem</strong></span> <span class='ocrx_word' id='word_1_160' title='bbox 850 3585 1002 3633; x_wconf 91' lang='lat' dir='ltr'><strong>esomno</strong></span> <span class='ocrx_word' id='word_1_161' title='bbox 1028 3561 1187 3632; x_wconf 80' lang='lat' dir='ltr'><strong>facillime</strong></span> <span class='ocrx_word' id='word_1_162' title='bbox 1212 3559 1357 3630; x_wconf 81' lang='lat' dir='ltr'><strong>excitare</strong></span> 
     </span>
     <span class='ocr_line' id='line_1_25' title="bbox 152 3684 1357 3779; baseline -0.002 -25"><span class='ocrx_word' id='word_1_163' title='bbox 152 3686 321 3756; x_wconf 81' lang='lat' dir='ltr'><strong>valuisset.</strong></span> <span class='ocrx_word' id='word_1_164' title='bbox 363 3685 426 3756; x_wconf 89' lang='lat' dir='ltr'><strong>llis</strong></span> <span class='ocrx_word' id='word_1_165' title='bbox 443 3695 555 3759; x_wconf 86' lang='lat' dir='ltr'><strong>autem</strong></span> <span class='ocrx_word' id='word_1_166' title='bbox 581 3688 719 3764; x_wconf 89' lang='lat' dir='ltr'><strong>ostensis</strong></span> <span class='ocrx_word' id='word_1_167' title='bbox 743 3687 888 3759; x_wconf 85' lang='lat' dir='ltr'><strong>breviter</strong></span> <span class='ocrx_word' id='word_1_168' title='bbox 909 3709 1054 3779; x_wconf 88' lang='lat' dir='ltr'><strong>saneque</strong></span> <span class='ocrx_word' id='word_1_169' title='bbox 1071 3684 1257 3765; x_wconf 81' lang='lat' dir='ltr'><strong>confutatis,</strong></span> <span class='ocrx_word' id='word_1_170' title='bbox 1282 3705 1357 3776; x_wconf 79' lang='lat' dir='ltr'><strong>qua</strong></span> 
     </span>
     <span class='ocr_line' id='line_1_26' title="bbox 151 3807 1357 3902; baseline -0.002 -22"><span class='ocrx_word' id='word_1_171' title='bbox 151 3831 210 3901; x_wconf 93' lang='lat' dir='ltr'><strong>pro</strong></span> <span class='ocrx_word' id='word_1_172' title='bbox 245 3808 441 3880; x_wconf 80' lang='lat' dir='ltr'><strong>defensione</strong></span> <span class='ocrx_word' id='word_1_173' title='bbox 475 3810 676 3902; x_wconf 82' lang='lat' dir='ltr'><strong>flagitiorum</strong></span> <span class='ocrx_word' id='word_1_174' title='bbox 710 3835 844 3882; x_wconf 92' lang='lat' dir='ltr'><strong>snorum</strong></span> <span class='ocrx_word' id='word_1_175' title='bbox 874 3812 977 3882; x_wconf 87' lang='lat' dir='ltr'><strong>nostri</strong></span> <span class='ocrx_word' id='word_1_176' title='bbox 1011 3810 1192 3883; x_wconf 88' lang='lat' dir='ltr'><strong>adversarii</strong></span> <span class='ocrx_word' id='word_1_177' title='bbox 1218 3807 1357 3879; x_wconf 90' lang='lat' dir='ltr'><strong>dicenda</strong></span> 
     </span>
     <span class='ocr_line' id='line_1_27' title="bbox 151 3931 1357 4026; baseline -0.002 -24"><span class='ocrx_word' id='word_1_178' title='bbox 151 3955 222 4002; x_wconf 83' lang='lat' dir='ltr'><strong>esse</strong></span> <span class='ocrx_word' id='word_1_179' title='bbox 248 3942 459 4025; x_wconf 83' lang='lat' dir='ltr'><strong>putaverunt,</strong></span> <span class='ocrx_word' id='word_1_180' title='bbox 485 3932 586 4003; x_wconf 87' lang='lat' dir='ltr'><strong>finem</strong></span> <span class='ocrx_word' id='word_1_181' title='bbox 612 3934 729 4005; x_wconf 88' lang='lat' dir='ltr'><strong>adesse</strong></span> <span class='ocrx_word' id='word_1_182' title='bbox 750 3935 845 4004; x_wconf 93' lang='lat' dir='ltr'><strong>nobis</strong></span> <span class='ocrx_word' id='word_1_183' title='bbox 867 3933 1072 4026; x_wconf 83' lang='lat' dir='ltr'><strong>intelligetis.</strong></span> <span class='ocrx_word' id='word_1_184' title='bbox 1115 3932 1208 4002; x_wconf 90' lang='lat' dir='ltr'><strong>Bello</strong></span> <span class='ocrx_word' id='word_1_185' title='bbox 1224 3931 1357 4004; x_wconf 89' lang='lat' dir='ltr'><strong>lllitbri-</strong></span> 
     </span>
     <span class='ocr_line' id='line_1_28' title="bbox 149 4056 1356 4151; baseline -0.005 -23"><span class='ocrx_word' id='word_1_186' title='bbox 149 4058 270 4142; x_wconf 91' lang='lat' dir='ltr'><strong>datico,</strong></span> <span class='ocrx_word' id='word_1_187' title='bbox 308 4056 450 4140; x_wconf 88' lang='lat' dir='ltr'><strong>ludices,</strong></span> <span class='ocrx_word' id='word_1_188' title='bbox 490 4059 686 4150; x_wconf 80' lang='lat' dir='ltr'><strong>longissimo</strong></span> <span class='ocrx_word' id='word_1_189' title='bbox 720 4058 856 4151; x_wconf 90' lang='lat' dir='ltr'><strong>quidem</strong></span> <span class='ocrx_word' id='word_1_190' title='bbox 893 4058 1042 4127; x_wconf 90' lang='lat' dir='ltr'><strong>omnium</strong></span> <span class='ocrx_word' id='word_1_191' title='bbox 1081 4066 1113 4124; x_wconf 88' lang='lat' dir='ltr'><strong>et</strong></span> <span class='ocrx_word' id='word_1_192' title='bbox 1150 4056 1221 4125; x_wconf 91' lang='lat' dir='ltr'><strong>sine</strong></span> <span class='ocrx_word' id='word_1_193' title='bbox 1255 4056 1356 4126; x_wconf 90' lang='lat' dir='ltr'><strong>dubio</strong></span> 
     </span>
     <span class='ocr_line' id='line_1_29' title="bbox 149 4181 1356 4276; baseline -0.002 -24"><span class='ocrx_word' id='word_1_194' title='bbox 149 4194 222 4275; x_wconf 88' lang='lat' dir='ltr'><strong>post</strong></span> <span class='ocrx_word' id='word_1_195' title='bbox 247 4183 411 4257; x_wconf 83' lang='lat' dir='ltr'><strong>Punicum</strong></span> <span class='ocrx_word' id='word_1_196' title='bbox 437 4183 734 4276; x_wconf 87' lang='lat' dir='ltr'><strong>periculosissimo,</strong></span> <span class='ocrx_word' id='word_1_197' title='bbox 770 4206 845 4253; x_wconf 91' lang='lat' dir='ltr'><strong>cum</strong></span> <span class='ocrx_word' id='word_1_198' title='bbox 871 4181 993 4253; x_wconf 90' lang='lat' dir='ltr'><strong>diutins</strong></span> <span class='ocrx_word' id='word_1_199' title='bbox 1019 4183 1052 4254; x_wconf 92' lang='lat' dir='ltr'><strong>in</strong></span> <span class='ocrx_word' id='word_1_200' title='bbox 1078 4193 1193 4252; x_wconf 90' lang='lat' dir='ltr'><strong>senatu</strong></span> <span class='ocrx_word' id='word_1_201' title='bbox 1227 4182 1268 4250; x_wconf 91' lang='lat' dir='ltr'><strong>de</strong></span> <span class='ocrx_word' id='word_1_202' title='bbox 1293 4182 1356 4251; x_wconf 89' lang='lat' dir='ltr'><strong>eli·</strong></span> 
     </span>
     <span class='ocr_line' id='line_1_30' title="bbox 148 4306 1356 4400; baseline -0.001 -24"><span class='ocrx_word' id='word_1_203' title='bbox 148 4307 259 4400; x_wconf 76' lang='lat' dir='ltr'><strong>gendo</strong></span> <span class='ocrx_word' id='word_1_204' title='bbox 284 4307 492 4399; x_wconf 85' lang='lat' dir='ltr'><strong>imperatore</strong></span> <span class='ocrx_word' id='word_1_205' title='bbox 510 4307 693 4380; x_wconf 90' lang='lat' dir='ltr'><strong>dubitatum</strong></span> <span class='ocrx_word' id='word_1_206' title='bbox 719 4306 844 4388; x_wconf 85' lang='lat' dir='ltr'><strong>luisset,</strong></span> <span class='ocrx_word' id='word_1_207' title='bbox 874 4308 1039 4400; x_wconf 89' lang='lat' dir='ltr'><strong>planeque</strong></span> <span class='ocrx_word' id='word_1_208' title='bbox 1065 4328 1180 4376; x_wconf 89' lang='lat' dir='ltr'><strong>omnes</strong></span> <span class='ocrx_word' id='word_1_209' title='bbox 1205 4306 1356 4398; x_wconf 80' lang='lat' dir='ltr'><strong>ambige-</strong></span> 
     </span>
     <span class='ocr_line' id='line_1_31' title="bbox 151 4431 1356 4525; baseline -0.002 -21"><span class='ocrx_word' id='word_1_210' title='bbox 151 4443 236 4514; x_wconf 89' lang='lat' dir='ltr'><strong>rent,</strong></span> <span class='ocrx_word' id='word_1_211' title='bbox 262 4433 418 4524; x_wconf 86' lang='lat' dir='ltr'><strong>quisnam</strong></span> <span class='ocrx_word' id='word_1_212' title='bbox 443 4433 657 4525; x_wconf 84' lang='lat' dir='ltr'><strong>sagacissimo</strong></span> <span class='ocrx_word' id='word_1_213' title='bbox 681 4431 753 4523; x_wconf 85' lang='lat' dir='ltr'><strong>regi</strong></span> <span class='ocrx_word' id='word_1_214' title='bbox 787 4433 1019 4524; x_wconf 79' lang='lat' dir='ltr'><strong>sagacissimus</strong></span> <span class='ocrx_word' id='word_1_215' title='bbox 1043 4443 1153 4502; x_wconf 90' lang='lat' dir='ltr'><strong>noster</strong></span> <span class='ocrx_word' id='word_1_216' title='bbox 1178 4431 1356 4523; x_wconf 82' lang='lat' dir='ltr'><strong>imperator</strong></span> 
     </span>
     <span class='ocr_line' id='line_1_32' title="bbox 150 4555 1353 4650; baseline -0.003 -22"><span class='ocrx_word' id='word_1_217' title='bbox 150 4567 391 4650; x_wconf 86' lang='lat' dir='ltr'><strong>opponeretur:</strong></span> <span class='ocrx_word' id='word_1_218' title='bbox 431 4557 608 4630; x_wconf 82' lang='lat' dir='ltr'><strong>Catilinam</strong></span> <span class='ocrx_word' id='word_1_219' title='bbox 634 4559 720 4630; x_wconf 88' lang='lat' dir='ltr'><strong>inter</strong></span> <span class='ocrx_word' id='word_1_220' title='bbox 749 4579 863 4626; x_wconf 89' lang='lat' dir='ltr'><strong>omnes</strong></span> <span class='ocrx_word' id='word_1_221' title='bbox 896 4557 1125 4649; x_wconf 86' lang='lat' dir='ltr'><strong>competitores</strong></span> <span class='ocrx_word' id='word_1_222' title='bbox 1168 4555 1353 4626; x_wconf 89' lang='lat' dir='ltr'><strong>incredibili</strong></span> 
     </span>
     <span class='ocr_line' id='line_1_33' title="bbox 151 4680 1354 4774; baseline -0.003 -22"><span class='ocrx_word' id='word_1_223' title='bbox 151 4683 294 4774; x_wconf 85' lang='lat' dir='ltr'><strong>quadam</strong></span> <span class='ocrx_word' id='word_1_224' title='bbox 313 4682 503 4752; x_wconf 90' lang='lat' dir='ltr'><strong>ambitionis</strong></span> <span class='ocrx_word' id='word_1_225' title='bbox 521 4685 751 4774; x_wconf 81' lang='lat' dir='ltr'><strong>magnitudine</strong></span> <span class='ocrx_word' id='word_1_226' title='bbox 772 4682 1021 4774; x_wconf 82' lang='lat' dir='ltr'><strong>deflagrantcm,</strong></span> <span class='ocrx_word' id='word_1_227' title='bbox 1048 4702 1161 4751; x_wconf 92' lang='lat' dir='ltr'><strong>omnes</strong></span> <span class='ocrx_word' id='word_1_228' title='bbox 1183 4680 1354 4750; x_wconf 76' lang='lat' dir='ltr'><strong>senatoria</strong></span> 
     </span>
    </p>
   </div>
   <div class='ocr_carea' id='block_1_5' title="bbox 0 0 1782 5600">
    <p class='ocr_par' dir='ltr' id='par_1_6' title="bbox 0 0 1782 5600">
     <span class='ocr_line' id='line_1_34' title="bbox 0 0 1782 5600; baseline 0 3"><span class='ocrx_word' id='word_1_229' title='bbox 0 0 1782 5600; x_wconf 95' lang='lat' dir='ltr'><strong> </strong></span> 
     </span>
    </p>
   </div>
  </div>
 </body>
</html>
