3702 5600
434 633 506 704 530

433 851 539 894 omnes
559 833 628 895 lere
650 834 835 910 interpretes
856 833 979 893 Wsssii
1003 834 1211 895 coniecturam
1230 842 1422 914 receperunt
1462 837 1503 900 Et
1523 840 1641 901 dixerit

430 942 558 1016 aliquis,
590 939 666 1000 satis
695 937 888 1016 probabilem
918 938 1001 998 illam
1028 956 1099 999 csse
1127 941 1348 1016 coniecturam,
1384 943 1465 1020 quod
1494 944 1639 1004 monachi

431 1046 507 1106 illud
533 1046 669 1120 verbum,
695 1045 777 1120 quod
802 1045 884 1104 teste
907 1023 1092 1112 Quintiliano
1114 1065 1178 1104 vm.
1199 1049 1227 1106 3.
1249 1050 1289 1106 44
1310 1048 1389 1107 mala
1414 1051 1638 1110 consuetudine

432 1154 460 1212 in
488 1153 654 1214 obscenum
680 1153 869 1214 intellectum
904 1153 1056 1214 detortum
1083 1160 1158 1230 erat
1194 1159 1246 1214 aut
1274 1156 1456 1217 deleverunt
1487 1162 1540 1219 aut
1572 1159 1638 1218 alio

430 1261 527 1321 verbo
554 1267 781 1338 expresserunt
817 1261 879 1320 Sed
903 1279 957 1320 cur
984 1261 1032 1320 illi
1060 1261 1142 1321 idem
1169 1262 1316 1322 intactum
1337 1264 1526 1339 reliquerunt
1547 1265 1636 1330 Catil.

431 1369 477 1428 ts.
496 1370 544 1428 33.
562 1369 610 1426 56.
636 1366 658 1424 l.
681 1368 728 1426 22.
751 1368 798 1425 70.
820 1369 889 1426 sec
925 1366 1044 1435 Quare
1072 1367 1208 1427 concidit
1228 1368 1284 1427 illa
1304 1370 1489 1429 coniectura.
1527 1370 1637 1446 Neque

428 1473 511 1550 quod
531 1474 643 1550 aliquis
664 1475 889 1551 animadvertit,
907 1493 1053 1552 peragere
1079 1476 1162 1535 nullo
1192 1477 1253 1536 alio
1275 1477 1346 1538 loco
1367 1479 1449 1556 spud
1469 1479 1635 1540 Salustium

427 1582 500 1660 legi,
521 1583 610 1643 nobis
629 1583 689 1643 erit
704 1584 926 1660 impedimento,
949 1601 1009 1660 quo
1030 1586 1129 1644 minus
1146 1585 1312 1646 lectionem
1332 1589 1514 1664 optimorum
1532 1587 1635 1647 libro-

426 1706 493 1749 rom
512 1689 705 1766 recipiamus.
732 1688 941 1750 librariorum
970 1691 1084 1751 incuria
1107 1693 1233 1752 verbum
1263 1694 1430 1769 exciderat,
1456 1697 1488 1754 et
1508 1695 1547 1753 ab
1570 1695 1635 1754 alio

425 1793 519 1854 eliter
539 1794 713 1855 restitutum
734 1797 810 1872 erat
837 1795 869 1854 id
891 1797 970 1871 quod
993 1796 1087 1874 paulo
1107 1797 1187 1856 inira
1208 1797 1320 1857 iterum
1340 1798 1371 1858 iu
1393 1799 1556 1877 participio
1578 1800 1633 1858 de-

424 1907 505 1960 serto
525 1899 637 1962 lactum
657 1903 733 1962 erat.
754 1902 875 1961 beneco
892 1919 942 1961 res
961 1903 1008 1962 uli
1027 1907 1119 1962 comit
1132 1905 1295 1964 verborum
1310 1906 1425 1983 positio
1439 1907 1633 1984 insolentior,

426 2024 515 2084 quem
535 2026 601 2068 cum
622 2009 703 2069 liber
724 2011 856 2087 optimus
878 2011 1032 2087 exhibeat,
1056 2012 1284 2088 exprimendam
1307 2013 1421 2074 curavi
1451 2013 1542 2074 Cuius
1561 2015 1633 2090 qui-

425 2114 493 2174 dem
509 2113 725 2175 collocationis
739 2115 888 2192 praeclare
902 2116 962 2174 viri
977 2117 1060 2176 docti
1076 2117 1225 2177 industria
1246 2119 1312 2178 lraec
1326 2120 1467 2196 exempla
1487 2120 1632 2199 collegit:

425 2219 565 2282 Statilius
587 2224 620 2281 et
644 2220 792 2281 Gabinius
817 2227 851 2281 ut
871 2240 938 2282 cum
962 2241 1069 2300 magna
1091 2241 1179 2284 manu
1202 2224 1363 2284 duodecim
1387 2227 1443 2285 etc.
1470 2224 1560 2286 Catil.
1582 2230 1632 2286 43.

425 2327 525 2402 deque
546 2345 582 2388 ca
604 2345 638 2389 re
660 2329 817 2406 postulant
845 2334 878 2388 ut
898 2329 1053 2403 reseratur
1075 2332 1122 2390 48.
1151 2330 1288 2390 fortasse
1317 2331 1408 2391 etiam
1436 2349 1461 2392 c.
1486 2337 1512 2391 1.
1535 2334 1633 2393 vitam

425 2435 547 2496 silentio
574 2451 612 2495 ne
642 2439 808 2495 transeant.
839 2436 900 2513 lug.
923 2439 970 2495 25.
1000 2437 1039 2495 de
1069 2436 1215 2512 iugurtha
1237 2438 1355 2496 interea
1384 2439 1427 2497 uti
1448 2439 1631 2500 consulere-

424 2547 481 2602 tur.
498 2543 537 2602 29
558 2547 650 2616 atque
671 2541 700 2600 in
724 2541 910 2601 deditionem
932 2542 976 2601 uti
997 2542 1199 2618 acciperetur.
1221 2545 1260 2602 65
1279 2546 1397 2620 petenti
1418 2562 1504 2605 more
1525 2564 1645 2624 regum·

424 2648 469 2708 uti
499 2648 578 2708 sella
605 2649 688 2706 iuxta
714 2650 890 2723 poneretur.
919 2650 968 2707 91.
1003 2649 1035 2706 et
1061 2665 1101 2706 ex
1129 2650 1225 2708 coriis
1256 2653 1342 2710 utres
1368 2652 1413 2711 uti
1441 2651 1560 2713 fierent.
1593 2671 1646 2719 ne,

424 2771 450 2814 c.
473 2757 519 2814 31.
550 2754 710 2831 postulare
735 2756 839 2830 patres
863 2753 1031 2831 conscripti
1053 2772 1092 2814 ne
1114 2755 1248 2830 quidde
1270 2773 1305 2816 se
1327 2763 1443 2817 temere
1465 2760 1631 2822 crederent

424 2866 472 2922 58.
501 2863 576 2922 Nam
599 2863 760 2922 multitudo
781 2863 916 2922 hostium
937 2879 975 2921 ne
997 2863 1220 2923 circumvenire
1241 2869 1342 2939 queat.
1364 2865 1386 2924 l.
1411 2869 1448 2926 13
1470 2873 1630 2944 postremo

424 2987 491 3045 quae
522 2971 640 3046 possint
664 2970 825 3048 largiundo
852 2989 1031 3049 comparare
1060 2989 1099 3030 ne
1125 2977 1310 3032 cunctentur.
1344 2991 1409 3051 quo.
1436 2975 1457 3033 l.
1485 2980 1525 3037 94
1547 2995 1630 3056 pon-

424 3082 508 3141 deris
529 3084 629 3157 gratia
651 3084 741 3144 simul
763 3089 794 3144 et
809 3085 926 3144 offensa
946 3102 1005 3159 quo
1021 3085 1120 3144 levius
1140 3087 1323 3162 streperent
1350 3092 1418 3164 proin
1439 3087 1470 3146 G.
1490 3089 1536 3143 lt.
1558 3085 1631 3145 huic

424 3190 494 3264 quia
523 3190 611 3250 borrae
636 3193 721 3250 artes
751 3192 868 3250 desunt.
895 3191 971 3268 quod
991 3190 1022 3249 G.
1044 3193 1072 3250 9.
1095 3192 1124 3250 in
1151 3209 1228 3268 pace
1258 3210 1332 3252 vero
1362 3194 1445 3268 quod
1469 3193 1630 3254 beneficiis

424 3315 513 3372 quam
534 3301 615 3358 metu
636 3299 795 3375 imperium
817 3300 982 3376 agitabant.
1015 3319 1078 3360 corn
1100 3300 1131 3360 G.
1153 3303 1201 3360 22.
1220 3302 1293 3361 inde
1314 3320 1379 3362 cum
1400 3307 1472 3378 post
1494 3317 1628 3360 execra-

423 3405 535 3464 tionem
557 3423 664 3467 omucs
689 3409 913 3485 degustassent.
941 3411 989 3468 29.
1015 3427 1051 3468 ea
1081 3427 1147 3469 cum
1169 3409 1311 3470 Ciceroni
1336 3412 1557 3470 nuntiarentur.
1579 3413 1628 3469 35.

422 3511 511 3590 plura
542 3531 608 3573 cum
644 3515 782 3575 scribere
808 3516 930 3576 vellem.
971 3519 1005 3576 ni.
1040 3516 1063 3576 1.
1089 3519 1136 3576 42.
1165 3518 1223 3578 sed
1247 3519 1285 3577 de
1312 3518 1421 3578 studiis
1442 3519 1574 3596 partium
1596 3523 1630 3578 et

422 3620 520 3679 omnis
541 3621 677 3683 civitatis
697 3625 834 3684 moribus
857 3626 884 3684 si
898 3643 1003 3702 parem
1018 3626 1180 3685 disserere.
1196 3629 1244 3686 64.
1267 3625 1391 3686 dimidia
1412 3643 1485 3704 pars
1501 3629 1629 3688 exerci-

421 3727 472 3784 tus
493 3725 520 3784 si
542 3727 603 3785 sibi
623 3729 860 3804 permitteretur.
888 3735 954 3791 oiri.
976 3729 1006 3790 C.
1029 3733 1077 3791 52.
1116 3732 1181 3792 lloc
1202 3733 1262 3792 nisi
1286 3733 1460 3810 provideris
1482 3750 1520 3793 ne
1542 3735 1628 3793 scri-

422 3831 484 3891 dst.
505 3833 561 3892 ott
583 3851 607 3893 c.
630 3835 677 3893 36.
699 3835 765 3894 haec
787 3836 837 3894 ubi
859 3836 961 3897 Romae
983 3844 1140 3914 comperta
1165 3843 1235 3899 sunt
1257 3839 1313 3898 cir.
1334 3843 1382 3899 40.
1405 3843 1452 3900 59.
1473 3847 1629 3918 postqum

401 3933 442 3996 Ἰ.
465 3940 512 3998 36.
534 3943 624 4015 atque
646 3940 790 4016 paulatim
812 3943 988 4020 temptando
1013 3951 1175 4022 postquam
1197 3952 1365 4023 oportunus
1388 3947 1449 4006 sibi
1471 3947 1627 4024 cognovit

420 4053 449 4105 ct
465 4046 610 4123 fornicati.
630 4045 701 4107 Bas.
731 4055 801 4108 cta
830 4048 967 4108 librariis
1000 4052 1222 4128 interpositum,
1254 4054 1335 4128 quod
1364 4058 1436 4114 sotis
1456 4071 1563 4129 mopso
1582 4057 1627 4112 cis

421 4154 590 4214 iunxerunt.
616 4159 644 4212 et
670 4153 736 4212 alde
763 4155 831 4214 Bas.
854 4156 963 4216 mendo
991 4159 1151 4235 scripturae
1179 4177 1236 4235 pro
1264 4161 1331 4220 aliis
1359 4191 1399 4202 -
1421 4165 1554 4236 proeciroe
1581 4161 1627 4219 ita

421 4277 543 4335 quoque
569 4263 667 4320 Paris.
691 4279 775 4321 oxa.
805 4271 980 4340 corruptum
1007 4269 1136 4344 propter
1163 4285 1294 4343 sequens
1317 4273 1414 4329 ciuem
1431 4299 1469 4311 ·-
1492 4269 1564 4328 Com
1584 4285 1628 4329 σω

419 4365 503 4426 Leid.
526 4369 558 4428 L.
573 4369 671 4428 Paris.
693 4389 719 4428 z.
740 4387 777 4429 m.
800 4373 818 4429 2
839 4389 903 4430 cum
918 4371 1007 4446 poulo
1022 4372 1090 4432 Tur.
1113 4391 1153 4432 esc
1163 4375 1254 4449 plone
1268 4374 1354 4435 Leid.
1376 4375 1400 4435 l.
1414 4374 1514 4433 Gueli.
1529 4375 1558 4432 3.
1576 4376 1626 4433 10.

417 4475 535 4547 peritum
555 4476 685 4536 Curtius.
706 4481 830 4556 poterat
851 4481 965 4558 corrigi
985 4499 1035 4556 co,
1058 4483 1114 4541 scd
1132 4483 1230 4558 poulo,
1254 4483 1335 4558 quod
1354 4501 1414 4542 non
1429 4483 1540 4543 nemini
1565 4483 1625 4541 du-

420 4581 501 4640 bium
535 4601 607 4643 csse
638 4584 813 4662 videbatur,
847 4587 1041 4646 confirmatur
1067 4606 1124 4648 usu
1149 4587 1306 4663 loquendi.
1335 4588 1391 4648 cir.
1419 4588 1492 4648 Gaes.
1523 4588 1556 4647 B.
1589 4587 1624 4646 G.

419 4705 469 4747 vu.
499 4691 545 4748 45.
569 4689 735 4770 Legionem
760 4723 799 4733 —
826 4694 919 4771 paulo
950 4711 1147 4772 progressam
1173 4696 1322 4758 inferiore
1354 4695 1513 4755 constituit
1542 4695 1623 4755 loco.
