3610 5592
380 595 388 610 ’
487 639 508 708 s

487 839 521 906 in
546 836 653 919 bello,
680 835 737 906 ubi
762 858 828 928 pax
853 845 1023 915 evenerat,
1050 832 1203 925 aequitate
1228 855 1330 926 seque
1355 857 1493 926 remque
1518 833 1679 926 publicam

486 963 655 1035 curabant.
694 961 845 1044 Quarum
864 980 976 1029 rerum
998 979 1062 1050 ego
1086 979 1242 1028 maxuma
1263 957 1458 1030 documenta
1475 959 1547 1030 baec
1567 959 1680 1038 babeo,

487 1089 574 1180 quod
600 1088 634 1156 in
660 1085 750 1156 bello
774 1084 893 1177 saepius
927 1081 1127 1154 vindicatum
1154 1093 1203 1152 est
1231 1083 1264 1151 in
1292 1105 1365 1164 eos,
1395 1083 1453 1176 qui
1483 1095 1595 1154 contra
1620 1083 1682 1151 im-

487 1213 617 1307 perium
637 1211 670 1280 in
694 1208 821 1280 bostem
838 1217 1085 1299 pugnaverant,
1112 1205 1240 1304 quique
1261 1206 1385 1276 tardius
1407 1207 1551 1277 revocati
1571 1207 1684 1300 praelio

488 1342 714 1412 excesserant,
744 1353 844 1424 quam
870 1330 928 1424 qui
953 1329 1048 1422 signa
1072 1329 1262 1422 relinquere
1279 1341 1336 1399 aut
1359 1329 1445 1423 pulsi
1471 1330 1545 1399 loco
1569 1331 1684 1402 endere

487 1461 559 1532 ausi
577 1469 686 1540 erant;
714 1458 748 1526 in
765 1479 847 1549 paco
864 1479 960 1537 vero,
987 1455 1076 1549 quod
1094 1455 1265 1526 beneficiis
1282 1478 1383 1549 quam
1401 1466 1491 1525 metu
1510 1455 1683 1549 imperium

487 1585 672 1676 agitabant,
695 1593 727 1652 et
747 1591 881 1674 accepta
894 1580 1014 1652 iniuria
1027 1580 1199 1670 ignoscere
1215 1603 1317 1672 quam
1340 1581 1495 1674 persequi
1508 1553 1684 1652 malebant.

561 1731 596 1778 x.
647 1707 711 1778 Sed
737 1707 793 1776 ubi
818 1706 932 1776 labore
957 1717 1057 1797 atque
1082 1704 1206 1774 iustitia
1230 1727 1283 1776 res
1300 1704 1434 1798 publica
1451 1706 1566 1786 crevit,
1592 1727 1686 1798 reges

487 1832 602 1925 magni
626 1831 714 1903 bello
740 1829 868 1910 domiti,
895 1829 1043 1899 nationes
1077 1829 1156 1900 seru
1182 1840 1213 1899 et
1238 1829 1353 1923 populi
1378 1831 1525 1922 ingentes
1551 1831 1582 1900 vi
1608 1831 1687 1900 sub-

487 1957 570 2036 acti,
605 1954 792 2046 Karthago,
827 1953 947 2024 aemula
980 1954 1112 2047 imperii
1141 1955 1300 2037 Romani,
1334 1955 1376 2026 ab
1410 1955 1512 2049 stirpe
1555 1955 1686 2036 interiit,

488 2091 606 2153 cuncta
640 2079 743 2150 maria
777 2089 938 2171 terraeque
963 2079 1137 2171 patebant:
1173 2079 1288 2150 sevire
1323 2080 1454 2150 lomuua
1485 2101 1525 2150 ac
1549 2079 1689 2149 miseere

488 2205 600 2276 omnia
631 2204 739 2296 erepit.
791 2203 857 2287 Qui
887 2202 1035 2283 labores,
1073 2202 1238 2295 pericula,
1270 2201 1387 2273 dubias
1424 2213 1523 2295 atque
1557 2225 1689 2297 asperas

487 2353 540 2400 res
573 2329 671 2400 facile
696 2329 929 2408 toleraverant,
959 2327 1011 2399 bis
1044 2327 1148 2397 otium
1185 2326 1393 2420 divitiaeque,
1427 2326 1577 2422 optandae
1602 2329 1689 2410 aliis,

487 2455 581 2526 oneri
606 2454 815 2547 miseriaeque
839 2454 943 2525 luere.
987 2452 1091 2543 lgitur
1114 2451 1222 2545 primo
1239 2453 1409 2544 pecuniae,
1436 2453 1556 2523 deinde
1582 2453 1691 2545 impc-

487 2580 527 2650 rii
554 2578 674 2673 cupido
699 2578 820 2658 crevit:
855 2599 895 2646 ca
920 2577 1015 2668 quasi
1040 2576 1195 2646 materies
1220 2577 1368 2647 omnium
1395 2577 1558 2648 malorum
1584 2577 1689 2646 fraere.

487 2705 639 2794 Namque
667 2701 805 2772 avaritia
822 2698 937 2782 fidem,
960 2701 1157 2793 probitatem
1180 2711 1371 2794 ceterasque
1388 2712 1475 2772 artes
1492 2701 1594 2772 bonas
1610 2702 1692 2771 sub-

488 2826 599 2908 vertit,
625 2848 686 2919 pro
704 2825 756 2896 bis
772 2823 979 2918 superbiam,
1006 2823 1248 2907 crudelitatem,
1266 2825 1345 2896 deos
1361 2826 1560 2918 neglegere,
1578 2825 1693 2895 omnia

488 2950 617 3020 venalia
643 2949 767 3021 babere
793 2949 935 3019 edocuit.
985 2947 1132 3018 Ambitio
1165 2949 1283 3019 multos
1309 2951 1463 3020 mortales
1489 2950 1590 3020 falsos
1618 2947 1693 3018 lieri

487 3074 633 3166 subegit;
661 3073 752 3144 aliud
778 3074 931 3143 clausum
956 3071 990 3140 in
1009 3083 1159 3165 pectore,
1185 3073 1337 3144 aliud-in
1364 3073 1478 3167 lingua
1504 3085 1692 3168 promptum

487 3199 628 3279 baberc;
655 3197 817 3270 amicitias
842 3197 1098 3290 inimicitiasque
1123 3219 1188 3266 nen
1215 3221 1335 3279 exre,
1366 3199 1423 3269 scd
1449 3221 1491 3268 ex
1517 3197 1694 3268 commodo

486 3335 660 3394 aestumare
695 3321 867 3413 magisque
899 3320 1024 3390 voltum
1057 3343 1158 3412 quam
1189 3321 1362 3412 ingenium
1399 3322 1525 3392 bonum
1554 3321 1693 3392 babere.

487 3449 569 3518 Haec
593 3447 702 3540 primo
734 3444 893 3539 paulatim
919 3467 1085 3527 creseere,
1120 3445 1284 3515 interdum
1310 3445 1489 3516 vindicari:
1515 3457 1605 3539 post,
1633 3445 1695 3516 ubi

487 3571 640 3661 contagio
670 3570 766 3664 quasi
790 3568 976 3662 pestilentia
1006 3567 1144 3650 invasit,
1171 3568 1284 3638 civitas
1308 3569 1488 3649 inmutata,
1514 3568 1696 3662 imperium

487 3717 529 3764 ex
554 3693 742 3765 iustissumo
767 3703 866 3786 atque
891 3701 1026 3784 optumo
1055 3691 1190 3762 crudele
1221 3691 1530 3785 intolerandumque
1557 3693 1695 3762 lactum.

561 3841 608 3888 xr.
659 3817 724 3888 Sed
749 3817 857 3910 primo
874 3815 981 3907 magis
998 3815 1134 3886 ambitio
1155 3837 1256 3909 qnam
1273 3816 1411 3886 avaritia
1428 3816 1556 3886 animos
1581 3817 1698 3888 bomi-

486 3964 567 4014 num
602 3940 797 4020 exereebat;
832 3939 920 4033 quod
954 3951 1064 4010 umen
1099 3939 1214 4010 vitium
1252 3940 1388 4033 propius
1421 3940 1575 4011 virtutem
1609 3953 1695 4010 crat.

487 4069 573 4137 Nam
598 4065 760 4158 gloriam,
794 4063 976 4146 bonorem,
1007 4063 1186 4157 imperium
1224 4065 1330 4136 benus
1368 4077 1401 4134 et
1425 4064 1565 4156 ignavus
1597 4087 1697 4158 aeque

486 4191 550 4262 sibi
576 4199 750 4282 exoptant:
776 4189 833 4260 sed
850 4188 907 4258 ille
931 4211 1009 4260 vera
1033 4189 1088 4260 via
1107 4188 1241 4270 nititur;
1269 4187 1346 4259 buic
1370 4188 1450 4281 quia
1485 4188 1580 4260 bonae
1607 4199 1698 4259 artes

433 4373 436 4378 .
486 4315 624 4397 desunt,
672 4315 755 4384 dolis
794 4325 893 4406 atque
932 4313 1072 4384 fallaciis
1117 4310 1293 4382 contendit.
1357 4312 1504 4384 Avaritia
1540 4311 1698 4405 pecunias

487 4439 631 4510 studium
662 4439 781 4521 babet,
820 4461 920 4530 quam
955 4459 1053 4508 nemo
1091 4438 1221 4531 sapiens
1255 4436 1460 4529 concupivit;
1499 4459 1558 4517 ea,
1598 4436 1698 4529 quasi

487 4564 620 4634 venenis
654 4564 749 4634 malis
783 4563 920 4644 inbuta,
945 4585 1062 4654 corpus
1097 4563 1313 4654 animumque
1352 4561 1481 4632 virilem
1514 4560 1697 4640 effeminat,

486 4711 616 4781 semper
655 4689 795 4768 infinita,
835 4687 1030 4758 insatiabilis
1064 4697 1125 4764 est,
1167 4709 1276 4779 neque
1313 4687 1406 4778 copia
1439 4709 1547 4779 neque
1581 4685 1700 4776 inopia
