3576 5602
1323 633 1395 702 lm

187 848 255 890 eum
277 831 448 890 litterarum
479 834 596 890 tractus
626 831 723 906 magis
747 833 843 889 iuncto
870 846 959 904 quam
988 834 1083 888 macte
1111 828 1285 904 defendant,
1319 829 1396 889 illud

187 939 293 1012 utique
314 935 539 1013 praelcrendum
566 941 623 996 est.
656 935 731 994 Nam
758 939 879 1012 inopere
904 941 1004 1010 retem,
1030 943 1153 1011 pontem,
1178 938 1283 1010 trades,
1309 940 1396 1012 dono,

187 1045 298 1104 roboro
326 1042 453 1118 proprie
479 1040 593 1101 dicitur
619 1042 649 1100 in
678 1042 895 1116 architectura,
927 1059 945 1100 a
976 1043 1086 1116 quibus
1112 1045 1222 1101 vincire
1245 1041 1333 1117 dolio,
1365 1047 1397 1100 et

187 1150 326 1226 operculo
343 1150 459 1224 plumbo
480 1153 574 1208 uincto
599 1148 654 1208 cfr.
677 1148 743 1208 biv.
765 1167 812 1207 nu.
834 1151 883 1208 29.
906 1150 999 1226 plane
1026 1151 1151 1210 diversa
1173 1153 1259 1225 sunt3
1278 1155 1311 1210 et
1331 1154 1397 1210 otn-

187 1262 250 1316 cire
271 1259 309 1316 de
331 1263 483 1317 structura
505 1273 629 1316 comere
649 1271 687 1315 ne
715 1255 777 1314 dici
800 1257 923 1330 quidem
948 1274 1046 1333 posse
1072 1258 1203 1318 videtur.
1231 1275 1289 1333 qua
1309 1259 1340 1316 in
1361 1275 1397 1317 re

184 1367 373 1440 precepero,
403 1362 527 1440 ollipore
553 1362 648 1422 multo
674 1367 747 1422 sunt
772 1363 935 1422 usitatiora
962 1363 1016 1422 cfr.
1044 1363 1118 1424 Stat.
1144 1363 1220 1424 silv.
1241 1367 1269 1423 4.
1292 1367 1318 1424 3.
1341 1367 1395 1424 52:

187 1487 269 1530 aare
292 1471 383 1547 lipont
403 1485 532 1546 opusque
552 1475 655 1527 locunt
673 1474 755 1527 cocto
770 1468 892 1543 paleare
915 1469 969 1528 cir.
992 1469 1098 1530 Sencc.
1120 1469 1175 1547 llp.
1197 1473 1245 1530 9⁰.
1266 1471 1397 1547 ollipcrc.

188 1578 500 1653 mmetooptimorum
527 1576 665 1634 codicum
687 1574 792 1649 lectio,
815 1590 905 1649 quam
927 1593 981 1635 cur
995 1576 1200 1651 relinquamus
1221 1578 1304 1636 nulla
1320 1580 1398 1638 satis

189 1685 299 1744 idonea
322 1701 414 1743 causa
437 1689 494 1743 est.
516 1683 578 1742 nisi
606 1683 633 1740 si
659 1683 728 1757 quis
750 1681 850 1741 omnia
873 1698 911 1742 eo
932 1683 1029 1760 magis
1051 1683 1224 1743 Salustiana
1246 1702 1317 1744 esse
1339 1703 1398 1762 pu-

189 1797 242 1868 tet,
264 1809 324 1867 quo
346 1791 467 1868 longius
489 1807 507 1848 a
528 1790 678 1848 communi
699 1807 756 1848 usu
777 1787 900 1847 dicendi
922 1789 1078 1848 recedunt.
1108 1790 1164 1849 sed
1190 1791 1297 1851 inculte
1318 1793 1397 1852 duo-

191 1901 254 1973 bus,
277 1899 387 1973 quibus
403 1899 538 1957 occurrit
559 1898 646 1970 locis,
669 1897 732 1956 alio
754 1913 844 1955 sensu
867 1896 988 1972 dicitur,
1010 1897 1030 1955 i.
1044 1915 1070 1955 e.
1093 1914 1149 1974 per
1169 1899 1398 1975 negligentiam,

189 2007 236 2066 cui
259 2006 309 2064 lrio
329 2005 422 2066 locus
437 2021 496 2064 non
520 2009 576 2063 est.
598 2006 750 2081 practerea
773 2003 966 2062 substantiva
981 2003 1138 2063 defectiva
1158 2004 1280 2065 casibus
1302 2007 1398 2065 aliter

189 2129 346 2189 usurpare,
377 2129 466 2187 quam
493 2112 628 2186 ipsorum
658 2110 841 2186 scriptorum
869 2110 1053 2169 auctoritate
1080 2111 1254 2170 confirmari
1283 2117 1395 2189 potest,

188 2237 247 2279 non
262 2220 353 2278 modo
375 2217 571 2278 temerarium
593 2222 642 2275 est
663 2217 719 2275 sed
740 2215 830 2292 plane
844 2215 1040 2276 Latinitatem
1061 2220 1224 2296 pervertit.
1254 2219 1396 2280 Ceterum

187 2325 295 2385 decedo
314 2355 350 2364 -
364 2326 443 2402 fredo
464 2355 503 2367 —
522 2323 660 2383 terribilia
689 2323 769 2382 bene
799 2339 869 2381 sese
900 2323 1056 2400 excipiunt
1084 2331 1115 2385 ut
1141 2343 1234 2402 supra
1264 2326 1328 2386 loco
1348 2331 1397 2386 in·-

187 2433 273 2507 cultc,
301 2433 380 2509 fode
409 2437 495 2508 atque
512 2430 707 2506 formidolose
731 2445 756 2488 c.
779 2430 819 2486 52
857 2428 961 2489 Nolim
987 2436 1087 2490 tamen
1116 2431 1251 2492 incudum
1274 2435 1397 2494 tenebris

189 2541 323 2614 iungere,
347 2541 407 2598 etsi
430 2537 559 2597 Ovidius
581 2537 696 2597 inculte
715 2537 797 2612 sonte
816 2553 898 2612 pente
912 2536 993 2596 dixit
1013 2535 1139 2597 lleroid.
1159 2555 1222 2596 viu.
1246 2540 1294 2598 64.
1316 2547 1397 2599 tene-

187 2647 247 2705 dn's
275 2647 354 2704 enim
376 2649 408 2704 et
430 2645 522 2703 odore
541 2645 657 2703 arctius
680 2642 761 2702 inter
782 2659 817 2701 se
840 2642 1005 2702 coherent.
1031 2644 1140 2703 indices
1167 2661 1226 2704 rer.
1247 2662 1308 2721 cop.
1328 2647 1397 2706 Bas.

188 2755 244 2812 sed
272 2753 455 2813 vocabulum
481 2751 570 2811 initio
600 2751 690 2808 lineae
718 2749 860 2826 positum,
893 2749 935 2808 ita
964 2757 995 2810 ut
1020 2749 1125 2809 littera
1154 2750 1282 2811 initialis
1306 2753 1397 2812 facile

188 2860 287 2920 omitti
321 2859 472 2937 potuerit3
504 2859 558 2918 alii
587 2858 709 2932 iudicem
745 2858 872 2916 mediceo
900 2856 991 2933 pauci
1023 2855 1096 2915 libri
1126 2873 1153 2915 e.
1182 2874 1227 2933 gr.
1260 2857 1292 2916 B.
1324 2859 1396 2918 Pub.

188 2967 317 3026 Wassii.

268 3091 294 3133 c.
310 3076 358 3133 56.
380 3074 446 3133 dom
467 3075 562 3134 Romo
587 3079 729 3149 parentur
750 3071 807 3148 spl.
829 3071 891 3131 lec
918 3069 988 3129 Bae.
1012 3087 1078 3146 quae
1100 3071 1193 3130 lectio
1219 3087 1277 3130 non
1300 3074 1396 3132 minus

187 3179 360 3252 probabilis
383 3198 472 3255 quam
494 3181 627 3256 vulgata.
647 3197 782 3253 mooere;
811 3179 922 3238 scilicet
945 3183 977 3236 ot
993 3179 1134 3254 soliporet
1154 3179 1304 3238 Antonium
1333 3197 1397 3238 com

186 3289 256 3346 cuis.
273 3287 339 3345 lraec
354 3287 450 3346 verba
473 3288 503 3345 in
525 3289 640 3346 textum
657 3303 682 3345 c.
697 3284 769 3345 Bas.
790 3287 917 3362 recepta
939 3285 994 3343 sed
1019 3291 1051 3343 ut
1072 3286 1176 3361 spuria
1198 3289 1302 3344 notata
1320 3291 1396 3346 suut

187 3393 310 3451 Seruilio
330 3393 506 3467 repudiabat,
528 3397 612 3451 cuiue
631 3395 711 3451 initio
737 3394 795 3451 ete.
818 3393 849 3450 in
871 3393 996 3469 optimis
1024 3391 1114 3450 libris
1139 3392 1224 3450 nulla
1245 3395 1395 3472 varietas;

189 3518 288 3576 neque
310 3501 445 3561 dubitari
465 3506 571 3578 potest
592 3500 790 3574 delectione,
813 3517 902 3575 quarn
918 3501 1095 3560 Priscianus
1117 3500 1167 3559 his
1183 3501 1287 3562 verbis
1310 3519 1395 3563 com-

187 3611 339 3668 mentatus
362 3611 418 3668 est.
440 3609 495 3668 cir.
518 3608 550 3667 L.
569 3627 642 3668 xvir.
665 3625 690 3667 c.
714 3609 753 3666 2⁰
775 3626 802 3684 p.
824 3609 862 3665 81
886 3609 933 3667 ed.
956 3607 1022 3666 Kc:
1057 3609 1165 3683 „Cuius
1186 3609 1265 3667 enirn
1287 3609 1395 3687 singu·

187 3714 247 3773 lari
267 3715 307 3773 ad
328 3732 392 3773 rem
414 3715 528 3790 retulit,
558 3715 588 3773 id
615 3716 664 3773 est
685 3715 771 3774 cuius
793 3715 839 3774 rei
861 3708 1085 3774 servitiorum.“

269 3821 410 3881 Pertinet
434 3821 484 3880 hic
512 3821 600 3880 locus
633 3821 672 3880 ad
702 3821 899 3898 multiplicem
927 3821 1117 3898 pronominis
1144 3821 1269 3880 relativi
1297 3839 1396 3896 usum,

187 3927 240 4001 qui
261 3927 393 3986 nondum
415 3927 493 3987 satis
521 3927 692 3987 illustratus
720 3932 775 3986 est.
818 3926 859 3986 Et
878 3927 1074 3986 attractionis
1101 3927 1232 4003 quidem,
1254 3945 1320 4003 quae
1343 3930 1393 3988 di-

188 4035 274 4107 citur,
295 4033 348 4092 lex
370 4040 402 4092 et
422 4021 610 4093 constructio
630 4035 670 4094 ad
692 4051 814 4093 sensum
837 4035 913 4093 satis
935 4037 1006 4094 nota
1029 4037 1106 4093 sunt.
1149 4031 1212 4091 Sed
1227 4032 1393 4094 Salustium

189 4142 279 4200 etiam
301 4142 331 4200 in
353 4144 506 4201 structura
522 4143 711 4217 pronominis
726 4143 850 4202 relativi
862 4141 1001 4218 vulgaris
1017 4159 1090 4200 usus
1107 4141 1183 4199 fines
1199 4157 1270 4200 esse
1286 4143 1392 4200 trans-

187 4265 327 4324 gressum
349 4249 529 4308 documento
545 4255 624 4324 sunt,
647 4265 712 4323 quae
728 4266 821 4325 supra
837 4266 860 4308 c.
880 4251 924 4308 18.
942 4249 1099 4326 leguntur:
1126 4247 1198 4322 „scd
1215 4253 1306 4306 antea
1321 4249 1393 4308 item

189 4358 391 4416 coniuravere
412 4357 510 4434 pauci,
542 4357 571 4416 in
602 4357 711 4432 quibus
736 4357 794 4416 suit
815 4354 955 4428 Catilina,
979 4355 1018 4414 de
1040 4341 1099 4429 eiua
1121 4371 1210 4429 qoam
1232 4353 1394 4414 verissime

187 4473 297 4543 potero
327 4463 433 4525 dicam.
457 4481 546 4540 quam
576 4464 766 4541 anaphoram
795 4461 933 4539 appellat
962 4459 1126 4520 Diomedes
1149 4479 1179 4518 n.
1202 4478 1232 4536 p.
1262 4463 1332 4520 440.
1357 4461 1397 4520 ed

189 4573 309 4632 Putsch.
332 4575 413 4649 quod
436 4593 475 4639 ox
497 4574 593 4632 verbo
622 4575 813 4631 coniuravere
838 4569 992 4628 notionem
1020 4567 1204 4627 substantivi
1230 4567 1334 4627 hausit
1362 4571 1394 4626 et

187 4687 226 4745 ad
244 4688 285 4760 id,
307 4686 387 4761 quod
410 4687 511 4745 mente
526 4683 666 4753 tinxerat,
691 4681 873 4737 structuram
896 4676 1115 4735 accomodavit.
1159 4674 1272 4734 Nostro
1294 4683 1392 4734 autem

1169 4777 1230 4838 w
