3582 5594
470 610 536 678 116

465 831 505 879 ea
530 805 758 900 properantius
782 827 883 899 quam
909 826 953 876 aes
978 815 1130 874 mutuum
1158 803 1314 888 reddere;
1349 805 1418 897 ipse
1442 826 1463 874 a
1486 803 1578 876 nullo
1601 827 1653 874 rs-

464 942 587 1026 petere‚
612 929 719 1020 magis
735 929 770 1000 id
787 927 950 1012 laborare,
976 939 1013 999 ut
1033 929 1081 1000 illi
1107 952 1207 1020 quam
1229 929 1363 1022 plurimi
1383 927 1559 1011 deberent;
1585 929 1656 999 ioca

462 1067 562 1150 atque
594 1053 680 1125 seria
714 1076 789 1124 cnm
815 1051 1020 1124 humillumis
1049 1075 1166 1146 agere:
1201 1053 1235 1122 in
1259 1051 1426 1146 operibus,
1464 1051 1655 1144 inagmine

452 1191 561 1274 atque
585 1178 627 1249 ad
651 1177 782 1270 vigilias
806 1177 928 1248 multus
954 1175 1086 1256 adesse;
1126 1199 1235 1269 neque
1266 1176 1409 1259 interim,
1443 1177 1532 1270 qnod
1556 1199 1656 1271 prava

462 1303 598 1374 ambitio
628 1301 721 1384 solet,
760 1301 903 1371 consulis
936 1311 993 1370 aut
1026 1301 1220 1394 cuiusquam
1252 1301 1331 1372 boni
1363 1303 1484 1372 lamam
1514 1301 1653 1384 laedere;

463 1426 690 1499 tantummodo
715 1447 824 1518 neque
850 1424 987 1495 consilio
1011 1447 1121 1517 neque
1145 1447 1246 1496 manu
1272 1425 1416 1519 priorem
1441 1427 1544 1497 alium
1572 1427 1654 1520 pati:

461 1553 635 1647 plerosque
669 1549 870 1620 antevenire.
914 1548 1043 1632 Quibus
1074 1547 1174 1620 rebus
1205 1559 1237 1619 et
1267 1549 1391 1620 artibus
1423 1549 1517 1620 brevi
1549 1549 1655 1621 blario

460 1675 686 1769 militibusque
711 1673 909 1744 carissumus
935 1674 1048 1744 lactus.

532 1821 710 1871 cxxxxvu.
759 1799 802 1869 At
822 1797 993 1888 Iugurtha,
1019 1807 1191 1892 postquam
1215 1797 1373 1892 oppidum
1390 1797 1529 1890 Capsam
1553 1797 1658 1867 alios-

460 1947 524 2018 que
549 1924 639 1994 locos
664 1922 807 1994 munitos
832 1933 865 1991 ct
887 1919 950 1992 sibi
975 1921 1072 1992 utiles
1106 1921 1205 1992 simul
1238 1932 1270 1991 at
1300 1942 1454 2014 magnam
1480 1921 1655 2016 pecuniam

460 2050 625 2132 amiserat,
651 2049 694 2120 ad
710 2045 878 2118 Roccbum
896 2045 1028 2116 nuntios
1054 2044 1161 2128 mittit,
1187 2046 1455 2140 quamprimum
1481 2047 1514 2116 in
1536 2045 1657 2116 Numi-

459 2175 548 2246 diam
573 2173 684 2268 copias
709 2170 897 2251 adduceret,
923 2169 1028 2262 praelii
1055 2168 1201 2238 faciundi
1226 2180 1352 2265 tempus
1378 2171 1503 2240 adesse.
1544 2170 1656 2254 Quem

459 2298 516 2371 nbi
551 2297 699 2368 cunctari
737 2293 863 2388 accepit
896 2302 928 2362 et
965 2292 1101 2364 dubium
1132 2292 1213 2362 belli
1249 2305 1348 2387 atque
1381 2295 1472 2387 pacis
1509 2295 1656 2366 rationes

458 2423 601 2504 trabere,
639 2443 763 2502 rursus,
802 2418 850 2488 nti
880 2427 988 2498 antea,
1029 2439 1209 2510 proxumos
1242 2417 1312 2489 ains
1345 2418 1440 2489 donis
1473 2421 1657 2513 corrumpit

458 2549 587 2642 ipsique
611 2547 727 2618 ldauro
751 2542 925 2639 pollicetur
948 2541 1112 2612 Numidiae
1137 2552 1264 2635 partem
1289 2543 1431 2627 tertiam,
1456 2543 1484 2613 si
1508 2555 1565 2614 aut
1584 2545 1657 2614 llo-

457 2671 548 2743 mani
572 2669 686 2742 Africa
711 2667 851 2762 expulsi,
885 2676 941 2735 aut
966 2665 1102 2757 integris
1127 2666 1194 2737 suis
1219 2667 1340 2739 linibus
1364 2667 1490 2739 bellum
1516 2691 1657 2762 compo-

458 2795 556 2866 situm
581 2795 676 2865 iuret.
725 2794 776 2863 Eo
800 2791 937 2886 praemio
966 2789 1103 2862 inlectus
1128 2791 1277 2862 Bocobus
1309 2815 1385 2863 cum
1416 2815 1538 2886 magna
1563 2794 1657 2864 mul-

457 2919 595 2991 titudine
619 2915 812 3010 Iugurtham
837 2913 974 2986 accedit.
1021 2915 1070 2984 ltu
1101 2915 1275 2986 amborum
1305 2916 1452 2988 exercitu
1477 2917 1656 2988 coniuncto

457 3043 599 3116 Marium
625 3041 691 3112 iam
717 3040 751 3110 in
776 3037 916 3110 biberua
939 3038 1211 3132 proficiscentem,
1237 3039 1294 3112 vix
1318 3039 1447 3111 decima
1471 3051 1563 3134 parte
1585 3041 1657 3112 diei

457 3167 597 3260 reliqua,
629 3164 797 3246 invadunt,
822 3163 884 3234 rati
909 3175 1051 3245 noctem,
1076 3186 1151 3258 quu
1176 3164 1242 3234 iam
1268 3165 1391 3247 aderat,
1416 3175 1448 3234 et
1471 3165 1565 3236 victis
1588 3165 1658 3236 sibi

456 3291 660 3361 munimento
682 3289 753 3359 lore
778 3297 820 3370 ot,
855 3286 883 3356 si
913 3286 1076 3368 vicissent,
1109 3288 1202 3359 nullo
1226 3288 1460 3381 inpedimento,
1494 3289 1574 3383 quia
1599 3289 1657 3360 lo-

456 3437 570 3485 oorum
603 3413 742 3484 scientes
772 3420 885 3494 crant;
923 3423 1036 3482 conus
1065 3411 1223 3482 Romanis
1255 3423 1432 3505 utrumque
1469 3436 1581 3492 casum
1617 3415 1656 3484 iu

455 3537 600 3610 tenebris
625 3535 844 3607 difficiliorem
870 3536 952 3605 lore.
1001 3535 1107 3628 Igitur
1131 3535 1229 3608 simul
1263 3539 1378 3608 consul
1404 3561 1446 3608 ex
1471 3539 1582 3610 multis
1608 3539 1655 3609 de

454 3661 596 3734 bostium
627 3660 770 3733 adventu
804 3660 967 3752 cognovit,
1005 3669 1037 3730 et
1065 3659 1128 3754 ipsi
1154 3660 1262 3732 bostes
1293 3661 1444 3744 aderant;
1482 3673 1515 3734 et
1538 3663 1656 3757 prius-

455 3809 556 3880 quam
581 3785 744 3856 exercitus
777 3795 835 3855 aut
865 3783 983 3854 instrui
1019 3794 1075 3854 aut
1107 3785 1252 3855 sarcinas
1289 3785 1458 3878 colligere,
1504 3787 1655 3882 danique

453 3921 629 4005 antequam
646 3909 778 4001 signum
802 3919 859 3980 aut
874 3908 1050 4002 imperium
1067 3908 1172 3979 ullum
1193 3909 1343 4003 accipere
1360 3909 1527 4003 quivisset,
1551 3912 1657 4005 equi-

452 4048 500 4107 tes
524 4033 633 4107 blauri
658 4043 757 4127 atqm
783 4033 902 4103 Gutuli
926 4054 993 4103 non
1018 4032 1088 4102 acie
1115 4054 1223 4125 neque
1247 4033 1317 4104 ullo
1341 4055 1434 4106 more
1458 4035 1566 4129 praelii
1589 4038 1656 4108 sed

452 4158 655 4241 catervatim,
679 4157 727 4228 uti
752 4178 899 4250 quosque
918 4156 985 4225 lors
1006 4156 1270 4249 conglobaverat,
1298 4156 1333 4226 in
1353 4169 1483 4230 nostros
1504 4183 1656 4232 coneur-

450 4297 537 4369 runt,
564 4283 622 4380 qui
642 4303 757 4352 omues
775 4278 894 4373 trepidi
914 4279 1080 4374 inproviso
1102 4292 1202 4364 motu,
1229 4303 1268 4351 ao
1293 4292 1401 4352 tumen
1424 4283 1553 4355 obtutis
1573 4307 1656 4354 me—

450 4433 571 4492 mores,
605 4419 662 4478 aut
694 4427 786 4476 arma
818 4403 993 4497 capiebant
1025 4415 1082 4475 aut
1114 4405 1280 4498 capientes
1311 4406 1393 4476 alios
1426 4407 1468 4477 ab
1500 4407 1656 4480 hostibus

450 4533 678 4605 defensabant:
709 4551 785 4623 pars
811 4550 913 4621 equos
939 4529 1128 4612 ascendere,
1154 4528 1284 4600 obviam
1309 4529 1358 4600 ire
1383 4529 1551 4614 bostibus;
1580 4557 1657 4628 pu-

451 4681 515 4750 gna
540 4654 713 4728 latrocinio
743 4651 850 4743 magis
876 4675 975 4746 quam
1007 4653 1122 4747 praelio
1153 4653 1270 4726 similis
1303 4654 1394 4727 lieris
1429 4655 1501 4728 sine
1529 4659 1652 4753 signis,
