3610 5592
1064 672 1122 719 vul

486 845 646 961 pudore
692 846 831 927 tueris.
896 844 1042 957 ltaque
1075 875 1166 957 quae
1202 844 1372 929 honoris
1411 846 1586 960 insignia
1621 848 1684 930 alii

487 992 621 1105 prima
650 992 892 1097 babuerunt,
925 991 980 1074 ad
1008 1019 1100 1103 quae
1129 991 1302 1073 summis
1330 990 1543 1074 laboribus
1571 1005 1685 1104 atquo

487 1137 680 1250 perieulis
706 1137 1021 1242 contenderunt,
1052 1165 1100 1218 ea
1126 1135 1196 1217 'l'u
1229 1135 1441 1248 despicere
1465 1148 1506 1220 et
1531 1167 1608 1250 pro
1633 1139 1686 1219 ni·

488 1283 574 1364 bilo
599 1292 741 1396 putare
766 1281 929 1365 videris.
974 1281 1045 1364 llli
1076 1283 1185 1365 enim
1209 1281 1342 1365 laudis
1365 1283 1502 1366 studio
1528 1283 1686 1366 trabun-

487 1439 570 1532 tur,
598 1425 673 1509 sed
702 1436 815 1509 tanta
840 1426 935 1508 Tua
958 1439 1022 1510 est
1048 1428 1253 1510 modestia
1276 1440 1471 1542 tantaque
1497 1429 1686 1512 comitate

488 1570 653 1658 condita
678 1572 875 1684 gravitas,
901 1583 946 1654 ut
964 1570 1131 1654 laudum
1156 1573 1342 1655 'l'uarum
1365 1575 1574 1688 praeconia
1597 1603 1688 1687 pro·

487 1719 630 1803 bibeas
659 1729 701 1801 et
727 1718 847 1800 novis
877 1748 1006 1830 usque
1036 1719 1195 1802 meritis
1223 1729 1264 1801 et
1291 1718 1501 1800 benefieiis
1532 1719 1689 1800 animos

487 1863 700 1946 bominum
729 1862 771 1944 T
772 1863 832 1947 ihi
871 1861 1067 1947 concilies
1102 1876 1224 1977 atque
1260 1862 1481 1947 (lovincias.
1537 1863 1602 1944 Ea
1629 1865 1690 1945 vis

488 2007 751 2092 humanitatis
781 2019 859 2113 est,
890 2037 1012 2120 quem
1046 2009 1432 2120 praestantissimum
1459 2009 1689 2091 studiorum

486 2153 738 2267 antiquitatis
776 2153 954 2236 fructum
991 2153 1238 2266 percipiunt,
1289 2153 1358 2266 qui
1398 2166 1510 2238 easta
1551 2165 1691 2236 mente

486 2329 636 2382 numen
664 2297 881 2382 Musarum
910 2299 1095 2383 adorant
1150 2301 1315 2408 Quodsi
1350 2300 1476 2412 igitur
1509 2300 1691 2382 humani·

487 2446 584 2527 tatis
622 2446 830 2559 praeoipua
876 2475 974 2559 pars
1014 2457 1077 2528 est
1115 2446 1449 2529 honestissimum
1489 2473 1693 2557 quemque

488 2590 707 2704 complecti
735 2604 856 2705 atque
885 2592 942 2674 ita
971 2623 995 2673 a
1020 2591 1249 2675 minoribus
1279 2592 1424 2698 amari,
1453 2604 1498 2675 ut
1522 2589 1645 2674 simul
1670 2619 1695 2671 a

487 2736 741 2847 principibus
770 2736 958 2850 diligam,
987 2737 1176 2851 profecto
1199 2737 1294 2819 Tua
1318 2737 1496 2823 felicitas
1519 2735 1694 2819 summis

488 2880 677 2963 laudibus
694 2882 938 2965 celebranda
954 2895 1033 2988 est,
1058 2882 1180 2994 quiin
1198 2884 1310 2966 omni
1324 2913 1474 2994 genere
1491 2882 1694 2965 doetrinae

488 3038 529 3109 et
559 3026 787 3111 litterarum
819 3028 955 3111 studio
987 3039 1190 3132 versatus,
1223 3027 1267 3110 id
1303 3041 1516 3111 assecutus
1549 3057 1611 3132 es,
1650 3038 1696 3108 ut

488 3172 629 3255 Tuum
666 3204 817 3256 nomen
847 3176 1038 3257 omnibus
1077 3204 1217 3257 earum
1250 3174 1319 3281 sit,
1358 3174 1511 3257 nullam
1545 3175 1696 3256 babeat

363 3395 365 3402 .
489 3319 695 3401 iuvidiam.

571 3462 640 3547 Sit
654 3464 778 3575 igitur
799 3464 894 3547 Tua
915 3466 1011 3571 vita,
1038 3497 1161 3579 quam
1180 3465 1221 3547 in
1237 3422 1448 3576 praeclaris
1462 3462 1696 3564 laboribus,

487 3611 530 3691 in
559 3610 727 3722 optimis
756 3611 918 3717 studiis,
950 3612 993 3692 in
1022 3615 1127 3694 bene
1156 3609 1365 3715 faciendo,
1401 3610 1444 3690 in
1474 3613 1579 3691 bene
1610 3637 1698 3688 me·

490 3753 621 3838 rendo
653 3756 877 3861 consumis,
903 3756 1094 3838 omnibus
1125 3755 1247 3838 bonis
1269 3754 1487 3858 cumulata,
1519 3782 1611 3864 quae
1638 3751 1698 3833 vi-

488 3901 545 3983 ris
558 3900 741 3984 honestis
760 3915 801 3986 et
816 3904 1067 4015 sapientibus
1086 3902 1324 4015 contingere
1339 3910 1525 4014 possunt.
1561 3896 1697 3979 Cuius

488 4044 656 4156 quidem
686 4047 770 4129 voti
798 4061 843 4131 ut
872 4079 938 4131 me
967 4060 1202 4161 compotem
1232 4047 1370 4152 iaciat,
1407 4046 1544 4128 Deum
1575 4055 1699 4157 optu-

488 4222 600 4274 mum
629 4223 863 4275 maxumum
885 4193 1076 4277 omnibus
1105 4194 1297 4308 precibus
1327 4221 1405 4275 oro
1434 4201 1476 4274 et
1502 4194 1698 4273 obsecro.

874 4630 1294 4676 -ωψψνθῠςθῇεω--ω
1304 4653 1306 4656 -
