3526 5604
460 647 532 720 322

460 846 776 928 morimonianus,
809 846 913 917 multo
938 847 1149 938 maximeque
1174 847 1313 927 Ennius,
1347 867 1488 940 eumque
1514 844 1636 914 studiose

460 969 644 1040 aemulatus
670 971 709 1039 L.
729 969 875 1053 Coelius,
902 993 963 1040 nco
985 993 1051 1038 non
1070 971 1213 1040 Naevius
1236 979 1299 1040 etc.
1338 971 1455 1040 Fronto
1474 969 1555 1061 epist.
1571 965 1636 1050 4,3
1734 983 1735 986 ’

457 1117 491 1184 p.
518 1090 566 1165 95
590 1091 681 1160 Rom.

648 1551 717 1695 rr.
766 1611 1116 1699 emorrannum
1140 1612 1300 1700 unum
1324 1611 1466 1697 monn

537 1826 568 1892 l.
593 1823 681 1894 Eece
705 1831 817 1894 autem
842 1847 1029 1897 successere
1055 1824 1133 1896 huie
1160 1827 1250 1897 hello
1282 1818 1482 1918 [Antipatro]
1513 1823 1638 1900 Clodius,
1736 1897 1737 1900 ,

458 1947 604 2018 Asellio:
629 1949 714 2020 nihil
740 1951 782 2020 ad
808 1951 970 2034 Caelium,
997 1953 1054 2024 sed
1080 1953 1187 2045 potius
1213 1953 1253 2022 ad
1280 1951 1493 2043 antiquorum
1516 1951 1640 2041 languo-

460 2094 533 2141 rem
558 2083 658 2166 atque
684 2075 859 2146 inscitiam.
899 2076 1002 2148 Cicero
1031 2079 1069 2147 de
1095 2075 1269 2168 reptaret,
1294 2074 1330 2156 2,
1357 2073 1393 2147 6.
1499 2077 1532 2144 2.
1556 2075 1639 2143 llunr
1736 2091 1737 2096 ’

461 2196 661 2266 Pleminium
687 2198 822 2269 Clodius
848 2198 995 2294 licinius
1030 2193 1214 2290 [Licinusl]
1249 2199 1283 2268 in
1315 2198 1402 2269 libro
1427 2199 1522 2268 tertio
1544 2219 1639 2268 remn

459 2321 686 2391 Romanarum
712 2322 813 2392 refert
837 2321 924 2393 ludis
943 2322 1072 2403 votivis,
1098 2346 1181 2414 quos
1197 2323 1321 2391 ltomae
1339 2321 1517 2391 Africanus
1539 2322 1640 2390 iterum

459 2444 575 2515 consul
592 2445 744 2526 iaciebat,
770 2459 926 2517 conatum
953 2470 1013 2539 per
1027 2446 1200 2539 quosdam,
1227 2469 1310 2539 quos
1330 2447 1439 2539 pretio
1455 2455 1640 2538 corruperat,

459 2569 586 2662 aliquot
609 2568 693 2640 locis
715 2569 833 2639 urlrem
859 2569 1049 2649 incendere,
1074 2579 1112 2638 ut
1135 2568 1310 2660 frangendi
1332 2567 1475 2638 carceris
1493 2565 1642 2659 logicum

460 2715 525 2784 que
551 2691 690 2764 haberet
714 2694 939 2776 occasionem
970 2695 1133 2786 patefacto
1158 2693 1235 2764 dein
1260 2695 1385 2764 scelere
1411 2691 1640 2786 delegatnmin

460 2815 654 2887 Tullianum
677 2840 719 2886 ex
742 2828 875 2887 senatus
902 2819 1062 2889 consulto.
1102 2820 1214 2888 licius
1233 2816 1293 2900 29,
1314 2816 1375 2900 22,
1396 2816 1453 2888 10.
1473 2821 1530 2910 οβ’.
1548 2817 1641 2886 llutos

461 2935 520 3020 34,
546 2936 606 3022 44,
634 2938 744 3033 lisqq.
850 2942 883 3012 3.
912 2941 1070 3012 Claudius
1102 2964 1214 3012 rerum
1244 2941 1471 3010 Romanarum
1503 2939 1558 3010 lib.
1575 2939 1640 3008 xll:

460 3063 608 3157 quinque
635 3064 743 3157 pristis
768 3065 938 3157 navigium
962 3089 1002 3136 ea
1028 3066 1136 3136 lorma
1160 3089 1180 3134 a
1212 3065 1341 3136 marina
1366 3065 1464 3135 belua
1490 3065 1572 3134 dicta
1593 3071 1641 3132 est

460 3187 584 3256 Nouius
608 3211 640 3279 p.
670 3185 755 3271 535,
787 3186 847 3260 25.
878 3193 1011 3282 fortuma
1043 3189 1258 3279 &adoperti
1288 3202 1341 3257 ert.
1449 3187 1484 3256 4.
1514 3185 1642 3257 Licinius

462 3303 646 3400 [Licinus‘l]
672 3333 783 3380 rerum
809 3313 1032 3382 Romanarum
1059 3311 1145 3381 libro
1170 3312 1264 3381 XXI:
1292 3311 1439 3402 deligato
1463 3310 1506 3380 ad
1528 3308 1642 3402 patibu-

461 3434 525 3513 los;
551 3433 742 3525 deligantur
766 3447 798 3504 et
823 3436 1110 3518 circumferuntur,
1138 3437 1228 3506 cruci
1254 3436 1453 3528 deliguntur.
1488 3437 1601 3506 lt'ooior
1613 3457 1640 3525 p.

460 3557 546 3641 221,
563 3558 619 3630 11.
651 3563 784 3651 fortasse
799 3563 903 3632 Moeri
928 3577 980 3632 est.
1081 3562 1116 3631 5.
1143 3565 1201 3633 Est
1226 3563 1325 3632 etiarn
1351 3561 1392 3632 de
1418 3563 1545 3632 Numae
1567 3556 1641 3648 regit

461 3684 663 3776 temporibus
691 3686 807 3778 ingens
838 3687 1012 3767 dissensio,
1047 3710 1247 3781 quamquam
1279 3689 1482 3758 familiarum
1514 3684 1641 3776 origines

463 3807 504 3876 ad
530 3807 619 3877 hunc
644 3808 796 3878 ultimum
824 3833 927 3903 usque
949 3809 1109 3880 deductae
1132 3811 1244 3881 volunt
1264 3811 1527 3881 accuratissimae
1542 3806 1641 3880 rideri.

463 3931 526 4001 Sed
552 3931 687 4002 Clodius
713 3933 846 4023 qnidam
873 3934 907 4002 in
935 3957 1078 4004 censura
1103 3929 1249 4034 [ἐλέγχῳ]
1277 3947 1462 4028 temporum
1488 3929 1546 4024 (sic
1569 3931 1641 4002 enim

462 4055 566 4125 sermo
594 4055 621 4124 is
646 4055 731 4126 liber
756 4056 932 4148 inscriptus
957 4053 1016 4148 est)
1049 4070 1175 4130 veteres
1202 4060 1274 4129 illos
1305 4059 1434 4130 libellos
1467 4059 1499 4126 in
1525 4054 1642 4128 Gallicis

463 4178 554 4251 urhis
587 4181 829 4254 calamitatibus
862 4183 1012 4254 interisse
1041 4184 1087 4254 ait
1119 4195 1152 4253 et
1180 4184 1237 4277 qui
1266 4205 1354 4254 nunc
1380 4185 1527 4254 serantur
1551 4181 1588 4251 ab
1610 4179 1642 4248 iis

463 4303 631 4385 confictos,
662 4305 721 4396 qui
753 4318 882 4397 gratum
914 4307 1084 4377 nonnullis
1113 4308 1232 4378 laeturi
1261 4317 1355 4378 erant
1386 4307 1518 4378 intrusis
1542 4323 1642 4374 corun

462 4428 652 4499 nominihus
687 4431 721 4500 in
750 4432 969 4504 nobilissimas
1002 4432 1045 4504 ab
1070 4435 1263 4528 antiquitate
1295 4444 1410 4524 gentes
1442 4433 1524 4504 nihil
1550 4430 1587 4499 ad
1614 4447 1643 4495 se

463 4552 676 4645 pertinentes.
719 4556 905 4626 Plutarchus
928 4561 965 4628 iu
989 4559 1095 4628 Numa
1122 4556 1154 4640 1,
1188 4556 1219 4629 1.
1328 4559 1361 4628 6.
1394 4559 1482 4628 Ante
1511 4549 1642 4626 Caesaris

464 4685 613 4770 tempora
638 4679 791 4769 Tigurini
816 4681 942 4750 Pisonis
968 4693 1000 4752 et
1021 4682 1125 4754 Cassii
1152 4683 1333 4754 exereitum
1358 4683 1571 4775 interceptum
1592 4672 1642 4743 solt
