3582 5594
459 636 505 704 76

457 832 599 905 Albinus
624 854 667 901 ex
684 830 806 901 delicto
831 830 939 900 fratris
956 830 1114 901 invidiam
1138 853 1177 900 ac
1195 829 1314 900 deinde
1331 829 1516 921 pericolum
1540 829 1657 898 timens

458 966 608 1027 senatum
646 956 687 1026 de
724 955 848 1026 loedere
884 954 1088 1038 consulebat,
1128 965 1160 1024 et
1191 965 1299 1026 tamen
1338 954 1469 1025 interim
1501 953 1657 1022 exercitui

458 1081 724 1174 supplementum
748 1080 910 1161 scribere,
951 1078 992 1149 ab
1029 1078 1126 1148 sociis
1164 1089 1197 1148 et
1230 1078 1365 1148 nomiae
1390 1078 1508 1148 Latino
1534 1076 1657 1147 auxilia

458 1228 646 1286 accersere,
681 1204 824 1298 denique
850 1203 1003 1273 omuibus
1032 1202 1138 1272 modis
1164 1203 1330 1273 festinare.
1382 1204 1519 1271 &nanu
1545 1201 1588 1270 ita
1613 1200 1657 1269 uti

459 1352 519 1423 par
544 1329 650 1400 luerat
675 1327 840 1406 decernit,
866 1350 926 1397 suo
952 1337 1049 1418 atque
1074 1325 1188 1419 populi
1212 1325 1338 1396 iniussu
1363 1324 1493 1395 nullum
1518 1325 1659 1418 potuisse

460 1452 566 1523 landus
600 1452 684 1523 lieri.
736 1451 858 1522 Consul
890 1450 1054 1543 inpeditus
1087 1473 1107 1520 a
1141 1449 1281 1520 tribunis
1309 1449 1435 1542 plebis,
1477 1471 1540 1532 ne,
1579 1471 1659 1541 quas

459 1585 632 1670 paraverat
656 1576 784 1668 copias,
819 1598 931 1646 secum
962 1584 1123 1668 portaret,
1160 1573 1273 1667 paucis
1305 1574 1420 1645 diebus
1453 1573 1486 1643 in
1511 1572 1660 1643 abicam

460 1701 696 1795 proficiscitur;
728 1724 805 1772 nam
830 1700 937 1771 omnis
963 1699 1143 1782 exercitus,
1182 1699 1230 1769 uti
1256 1707 1471 1780 convenerat,
1505 1695 1661 1768 Numidia

460 1824 619 1896 deductus
644 1825 679 1894 in
704 1824 875 1918 provincia
899 1824 1077 1894 hiemabat.
1130 1826 1306 1916 Postquam
1332 1846 1372 1892 eo
1396 1821 1504 1902 venit,
1542 1841 1661 1913 quam·

461 1972 561 2042 quam
587 1950 741 2042 persequi
766 1948 959 2041 lugurtbam
985 1958 1018 2018 et
1050 1948 1176 2018 mederi
1209 1948 1360 2018 fraternae
1394 1945 1525 2016 invidiae
1551 1944 1662 2014 animo

462 2072 615 2154 ardebat,
643 2072 781 2164 cognitis
806 2073 977 2154 militibus,
1003 2095 1085 2166 quos
1110 2081 1230 2165 prater
1254 2071 1367 2162 fingam
1392 2070 1500 2155 soluto
1525 2068 1663 2160 imperio

460 2196 595 2267 licentia
620 2207 718 2291 atque
743 2197 878 2268 lascivia
904 2205 1113 2289 corruperat,
1140 2219 1181 2266 ex
1206 2195 1300 2288 copia
1325 2216 1437 2265 rerum
1463 2193 1573 2264 statuit
1601 2190 1663 2261 sibi

461 2320 547 2391 nibil
573 2320 774 2413 agitandum.

535 2467 592 2516 xa.
643 2445 777 2516 Interim
794 2448 909 2518 llomae
926 2447 965 2516 G.
984 2446 1151 2517 Mamilius
1167 2445 1360 2516 Limetanus
1387 2440 1665 2534 tribunusplebis

462 2571 667 2660 rogationem
699 2570 741 2640 ad
775 2571 934 2664 populum
965 2570 1171 2664 promulgat,
1210 2571 1256 2640 uti
1291 2576 1494 2662 quaereretur
1527 2567 1563 2636 in
1598 2587 1665 2647 eos,

464 2717 606 2786 quorum
632 2695 769 2764 consilio
794 2694 952 2786 lugurtba
976 2703 1107 2765 senatus
1139 2693 1268 2764 decreta
1293 2692 1506 2785 neglegissot,
1541 2690 1666 2784 quique

465 2817 506 2886 ab
532 2841 571 2889 eo
598 2817 632 2887 in
658 2817 876 2908 legationibus
901 2825 957 2888 aut
987 2817 1135 2910 imperiis
1167 2817 1324 2910 pecunias
1349 2816 1570 2909 accepissent,
1610 2813 1669 2907 qui

465 2939 658 3034 elephantos
693 2941 818 3035 quique
852 2942 1007 3035 perfirgas
1039 2941 1265 3024 tradidissent,
1307 2941 1386 3010 item
1419 2940 1478 3034 qui
1512 2940 1554 3010 de
1587 2963 1670 3032 pace

464 3075 520 3136 aut
553 3064 642 3134 bello
675 3088 750 3135 cum
784 3065 931 3136 bostibus
964 3067 1135 3159 pactiones
1168 3065 1331 3137 fecissent.
1384 3066 1471 3136 Huic
1504 3063 1671 3154 rogationi

464 3189 584 3282 partim
609 3189 732 3258 conscii
758 3188 839 3271 sibi,
873 3190 930 3260 alii
956 3191 1164 3284 expertium
1190 3189 1315 3260 invidia
1340 3188 1489 3282 pericula
1513 3197 1672 3258 metuen-

464 3323 528 3392 tes,
555 3311 713 3404 quoniam
739 3321 851 3407 aperte
876 3313 1028 3385 resistere
1052 3338 1119 3385 non
1145 3325 1310 3408 poterant,
1346 3313 1427 3408 quin
1459 3313 1518 3384 illa
1545 3322 1578 3381 et
1603 3313 1674 3383 alia

463 3436 543 3505 talia
566 3435 698 3528 placere
724 3437 788 3509 sibi
812 3437 1010 3520 faterentur,
1046 3440 1173 3510 occulte
1205 3463 1266 3532 per
1299 3438 1422 3508 amicos
1447 3460 1487 3507 ac
1511 3459 1674 3507 maxume

465 3583 524 3654 per
557 3558 709 3630 homines
743 3561 883 3631 nominis
916 3561 1027 3631 Latini
1059 3573 1091 3632 et
1127 3563 1232 3633 socios
1265 3563 1395 3634 ltalicos
1432 3559 1675 3655 impedimenta

465 3683 638 3777 parabant.
682 3684 745 3754 Sed
771 3684 886 3778 plebes
912 3686 1107 3757 incredibile
1132 3698 1317 3758 memoratu
1343 3697 1392 3756 est
1417 3709 1519 3778 quam
1546 3685 1678 3754 intenta

466 3805 565 3877 buerit
590 3816 778 3901 quantmue
810 3809 842 3878 vi
867 3811 1073 3902 rogationem
1101 3810 1247 3894 iusserit,
1285 3810 1482 3892 decreverit,
1513 3808 1676 3889 voluerit;

465 3930 572 4022 magis
597 3930 672 4000 odio
697 3932 891 4015 nobilitatis,
926 3933 980 4003 cui
1005 3935 1093 4005 mala
1124 3934 1183 4004 illa
1211 3935 1429 4026 parabantur,
1464 3955 1565 4026 quam
1592 3955 1679 4003 cura

466 4055 516 4126 rei
552 4055 711 4149 publicae3
749 4065 839 4126 unta
875 4056 988 4127 lubido
1026 4058 1060 4127 in
1094 4058 1241 4151 partibus
1279 4068 1360 4128 erat.
1411 4057 1516 4148 Igitur
1554 4056 1679 4127 ceteris

466 4189 555 4250 metu
581 4178 756 4272 perculsis,
783 4181 827 4251 Μ.
846 4181 1003 4262 Scaurus,
1030 4203 1131 4273 mom
1148 4181 1293 4272 legatum
1310 4182 1429 4252 Bestiae
1447 4181 1546 4252 luisse
1572 4202 1681 4273 supra

467 4302 658 4384 docuimus,
678 4301 763 4373 inter
776 4302 922 4373 laetitiam
940 4303 1046 4395 plebis
1064 4313 1096 4374 et
1113 4327 1248 4376 suorum
1265 4305 1397 4396 lugam,
1424 4303 1554 4397 trepida
1571 4305 1680 4374 etiam

468 4438 538 4498 tum
564 4427 711 4509 civitate,
744 4449 820 4496 cum
846 4449 888 4495 ex
912 4427 1039 4499 lllamili
1065 4428 1237 4520 rogatione
1263 4437 1329 4498 tres
1354 4429 1547 4522 quesitores
1572 4450 1680 4520 roga-

467 4561 596 4632 rentur,
624 4551 796 4631 eliecerat,
822 4549 870 4619 uti
894 4548 965 4641 ipse
991 4550 1082 4622 ineo
1107 4574 1247 4622 numero
1265 4561 1443 4622 crearetur.
1487 4552 1551 4622 Sed
1579 4575 1681 4646 quae·

469 4675 530 4744 stio
551 4676 697 4746 exercita
722 4697 838 4766 aspere
865 4674 1090 4768 violenterque
1108 4699 1150 4744 ex
1172 4698 1304 4747 rumore
1330 4686 1362 4746 et
1379 4675 1530 4748 lubidine
1548 4677 1679 4770 plebis;
