3554 5600
541 1644 565 1728 l
595 1643 736 1730 lutus
766 1643 919 1730 l’ldl'llll

207 1875 236 1942 l.
267 1875 350 1942 Erat
376 1871 511 1942 historia
541 1871 624 1942 nihil
658 1873 749 1943 aliud
783 1875 847 1943 nisi
877 1874 1050 1944 annalium
1083 1875 1332 1945 conlectio...

138 1995 214 2066 hanc
238 1997 489 2067 similitudinem
520 1997 686 2067 scribendi
714 1999 807 2067 multi
833 1999 935 2068 secuti
962 2009 1049 2079 sunt,
1085 2000 1142 2092 qui
1166 1999 1238 2069 sine
1256 2001 1334 2069 ullis

138 2121 328 2191 ornamentis
353 2130 568 2190 monumenta
592 2121 700 2190 solnm
726 2131 923 2215 temporum,
952 2120 1135 2203 hominum,
1171 2123 1332 2204 locorum,

139 2259 294 2334 gestarum
322 2269 434 2315 rorum
459 2246 666 2337 reliquerunt
685 2299 693 2314 .
712 2297 721 2314 .
740 2299 747 2314 .
767 2245 841 2315 talis
868 2223 978 2316 noster
1004 2247 1086 2317 Cato
1113 2257 1145 2317 et
1168 2248 1277 2317 Pictor
1302 2256 1334 2316 et

138 2370 212 2452 Piso,
244 2374 303 2464 qui
329 2395 439 2465 neque
464 2382 578 2442 tenent
608 2371 729 2464 quibus
760 2371 859 2442 rebus
891 2385 1028 2444 ornetur
1053 2375 1221 2443 oratio..
1246 2428 1253 2442 .
1289 2384 1334 2454 et,

139 2493 208 2564 dom
243 2495 449 2586 intelligatur
477 2494 557 2586 quid
589 2493 716 2576 dicant,
756 2517 858 2564 unam
890 2495 1021 2565 dicendi
1055 2497 1187 2567 laudem
1219 2507 1334 2591 putant

138 2641 201 2687 cssc
224 2617 428 2689 brevitatem.
476 2620 581 2689 Giano
613 2621 651 2688 de
677 2633 800 2689 oratore
824 2619 860 2701 2,
890 2619 946 2702 12,
974 2620 1022 2693 52
1049 2645 1094 2713 sq.
1144 2624 1230 2692 Nam
1261 2634 1334 2716 post

138 2747 262 2816 annales
287 2747 483 2840 pontificum
508 2746 747 2828 maximorum,
785 2746 904 2841 quibus
931 2747 1015 2818 nilril
1050 2757 1253 2840 potestesse
1279 2747 1334 2817 iu·

138 2869 276 2953 condius,
303 2871 330 2940 si
356 2869 480 2940 autad
506 2869 646 2939 Fabium
671 2881 728 2939 aut
753 2870 878 2939 ad...
906 2871 1064 2940 Catonem
1091 2871 1214 2941 autad
1240 2871 1334 2940 l’iso-

138 3014 206 3062 nem
230 3005 285 3063 aut
309 2993 351 3064 ad
368 2994 534 3064 Fannium
560 2992 674 3063 autad
692 2993 882 3063 Vcnonium
909 2993 1031 3076 venias,
1059 3017 1262 3088 quamquam
1289 3017 1332 3063 cx

138 3115 183 3185 his
206 3119 288 3188 alius
314 3119 380 3189 alio
405 3119 480 3212 plus
506 3117 605 3188 habet
625 3117 758 3198 virium,
786 3129 895 3187 tamen
922 3119 1002 3212 quid
1028 3129 1095 3187 tam
1121 3118 1209 3188 exile
1230 3139 1331 3211 quam

137 3239 183 3311 isti
198 3243 329 3314 omnesl
355 3244 459 3314 Cicero
481 3246 520 3313 dc
534 3243 652 3333 laqibur
672 3241 704 3323 1,
722 3242 757 3323 2,
784 3240 819 3313 6.
858 3243 1041 3312 Historiam
1068 3239 1229 3335 [scripsit]
1256 3243 1332 3312 Pic-

136 3375 181 3436 tor
204 3369 379 3439 incondite.
423 3369 541 3438 diocto
565 3369 609 3437 od
640 3367 749 3436 Verum
776 3392 809 3460 p.
837 3365 907 3438 170
933 3369 1025 3438 Rom.
1068 3370 1137 3438 Nec
1163 3366 1332 3437 absimiles

137 3489 277 3562 historias
295 3491 471 3561 ediderunt
487 3499 647 3584 quotquot
664 3490 807 3560 Romani
824 3488 976 3560 homines
993 3491 1085 3562 urbis
1102 3513 1181 3562 suae
1199 3511 1251 3559 res
1269 3511 1332 3558 an-

136 3613 232 3706 tiquas
254 3617 382 3686 Graeco
407 3637 559 3684 sermone
585 3613 798 3705 scripserunt.
842 3613 994 3695 Quorum
1021 3614 1231 3684 vetustissimi
1257 3622 1332 3683 sunt

137 3735 173 3818 Q.
190 3740 305 3810 Fabius
323 3749 356 3807 et
377 3740 416 3807 L.
434 3737 582 3817 Cincius,
608 3734 707 3805 ambo
733 3737 890 3827 aequales
915 3736 1013 3807 hellis
1035 3738 1183 3819 Punicis;
1211 3737 1331 3809 horum

136 3871 262 3956 uterque
280 3885 320 3931 ea
337 3860 458 3954 quibos
475 3861 547 3953 ipse
565 3859 723 3941 interluit,
741 3871 777 3928 ut
793 3858 897 3952 probe
914 3860 977 3929 sibi
990 3861 1134 3948 cognita,
1153 3861 1332 3953 diligenter

136 3987 290 4058 mandavit
315 3989 446 4070 litteris;
472 4010 559 4079 quae
585 4009 665 4056 vero
691 3985 772 4055 olim
797 3997 871 4078 post
896 3986 1014 4057 urbem
1040 3987 1207 4057 conditam
1233 3987 1332 4057 dein·

136 4134 203 4205 caps
238 4127 414 4186 consecuta
453 4127 542 4197 sunt,
586 4123 757 4183 contentus
795 4113 857 4182 luit
894 4115 1085 4185 summatim
1123 4134 1329 4207 percurrere.

136 4237 301 4332 Dionysius
318 4243 424 4314 Holr'c.
447 4241 477 4322 l,
505 4240 539 4313 6.
640 4246 674 4312 2.
700 4244 898 4336 Reportores
916 4243 1101 4312 litterarum
1118 4238 1263 4310 Cadmus
1288 4259 1330 4305 ex

136 4361 287 4435 Phoenice
322 4367 356 4435 in
383 4367 557 4437 Graeciam
589 4378 621 4435 et
649 4365 807 4436 Euander
839 4366 881 4436 ad
911 4387 971 4434 nos
1007 4363 1327 4434 transtulerunt...

135 4481 247 4557 litteras
272 4511 411 4560 numero
436 4489 671 4559 sedecim...
702 4512 744 4559 ex
770 4489 894 4559 nostris
915 4488 1060 4566 Cincius,
1086 4485 1221 4564 Fabios,
1248 4484 1329 4554 Gel-

135 4606 190 4680 lius
216 4616 427 4686 tradiderunt.
463 4617 588 4686 Marius
618 4617 794 4685 lictorique
819 4618 899 4685 ortis
923 4639 1060 4706 qramm.
1084 4613 1155 4705 lp.
1176 4607 1273 4682 2468
1292 4610 1328 4678 P.

137 4733 165 4800 3.
190 4739 304 4808 Fabios
322 4741 429 4808 Pictor
454 4740 543 4820 dicit,
571 4740 660 4832 quod
688 4742 808 4808 Amata
835 4738 945 4808 inedia
972 4761 1005 4804 se
1032 4735 1208 4805 interemit.
1255 4735 1330 4801 Sar-
