3582 5594
1316 609 1363 678 75

157 805 304 896 legatos,
341 805 411 898 ipse
443 805 538 899 quasi
572 805 768 876 vitabundus
801 827 861 898 per
885 807 1028 877 saltuosa
1063 807 1136 878 loca
1161 816 1194 876 et
1217 809 1363 880 tramites

157 931 341 1001 exercitum
376 930 524 1002 ductare.
574 931 727 1025 Denique
760 932 886 1004 Aulum
918 955 976 1024 spe
1009 933 1168 1026 pactionis
1207 934 1362 1026 perpulit,

158 1056 207 1126 uti
240 1057 359 1126 relicto
394 1057 531 1128 Suthule
563 1057 598 1128 in
624 1057 750 1129 abditas
782 1059 937 1150 regiones
962 1080 1033 1128 sese
1063 1059 1166 1129 veluti
1194 1058 1366 1128 cedentem

158 1181 406 1273 insequeretur;
438 1183 482 1250 ita
509 1181 627 1253 delicta
651 1182 832 1253 occultiora
857 1183 961 1253 fuere.
1012 1185 1143 1254 luterea
1166 1205 1227 1276 per
1251 1181 1364 1251 bomi-

158 1327 218 1373 nes
251 1304 389 1375 callidos
423 1304 477 1374 die
510 1316 675 1398 noctuque
709 1305 890 1375 exercitum
923 1304 1117 1397 temptabat,
1154 1306 1363 1377 centuriones

157 1427 325 1522 ducesque
352 1439 533 1502 turmarum
558 1431 679 1524 partim
706 1431 753 1502 uti
783 1432 1028 1522 transfugerent
1046 1453 1278 1524 corrumpere,
1304 1430 1363 1501 alii

158 1555 254 1646 signo
279 1556 357 1626 dato
382 1556 491 1626 locum
515 1558 563 1628 uti
587 1557 788 1627 desererent.
831 1558 915 1641 Qum
940 1566 1111 1650 postquam
1137 1580 1179 1626 ex
1204 1555 1364 1626 sententia

159 1679 305 1762 instruit,
332 1683 526 1777 intempesta
550 1693 645 1753 nocte
670 1683 711 1753 dc
725 1683 894 1776 inproviso
918 1683 1362 1754 multitudineNnmidarum

159 1804 237 1874 Auli
271 1815 376 1874 casua
414 1806 640 1876 circumvenit.
691 1806 811 1877 llilites
840 1806 1001 1886 Romani,
1039 1805 1183 1899 perculsi
1219 1805 1363 1876 tumultu

158 1929 309 2010 insolito,
334 1951 428 1999 arma
445 1952 564 2022 capere
588 1931 663 2009 alii,
690 1929 746 2000 alii
773 1953 808 1999 se
825 1930 966 2009 abdere,
992 1953 1068 2022 pars
1085 1931 1214 2000 territos
1239 1929 1363 2000 confir-

158 2076 271 2134 mare,
308 2052 472 2147 trepidare
500 2055 654 2126 omnibus
690 2054 787 2124 locist
818 2055 867 2124 vis
900 2077 1022 2146 magna
1048 2053 1209 2134 bostium,
1244 2053 1361 2124 calum

158 2187 254 2248 nocte
279 2190 380 2271 atque
404 2178 549 2248 nubibus
574 2179 800 2260 obscuratum,
827 2180 1013 2272 periculum
1032 2201 1168 2271 anceps,
1195 2189 1363 2272 postremo

159 2301 275 2394 lugere
301 2324 344 2371 an
377 2324 514 2371 manere
548 2303 649 2372 tutius
683 2302 768 2372 toret
798 2303 833 2372 in
868 2304 992 2374 incerto
1021 2313 1101 2372 erat.
1153 2303 1218 2373 Sed
1253 2325 1296 2372 ex
1321 2324 1363 2371 eo

158 2447 311 2505 numero,
337 2447 421 2516 quos
446 2425 546 2517 paulo
565 2436 641 2495 ante
659 2436 828 2516 corruptos
853 2424 1011 2508 diximus,
1039 2425 1156 2496 cobors
1173 2449 1240 2496 una
1256 2426 1363 2518 Ligu-

158 2573 230 2620 rum
257 2571 334 2620 cum
361 2547 490 2619 duabus
515 2548 631 2618 turmis
657 2547 821 2621 Thracum
852 2561 885 2618 et
917 2549 1033 2643 paucis
1059 2549 1221 2641 gregariis
1246 2550 1363 2620 militi-

158 2674 217 2744 bus
241 2673 406 2743 transiere
430 2672 472 2744 ad
497 2693 627 2764 regem:
654 2683 687 2742 et
711 2673 859 2744 centurio
884 2673 983 2766 primi
1008 2673 1067 2767 pili
1093 2675 1197 2743 tertiae
1222 2673 1363 2763 legionis

156 2823 215 2894 per
239 2799 475 2880 munitionem,
501 2822 602 2891 mam
628 2800 675 2870 uti
701 2799 891 2870 defenderet
908 2810 1095 2892 acceperat,
1123 2799 1232 2869 locum
1258 2797 1363 2869 bosti-

156 2925 217 2995 bus
244 2923 435 2994 introeundi
460 2923 563 2994 dedit:
594 2946 700 3017 eaque
725 2924 877 2995 Numidae
906 2924 1016 2994 cuncti
1041 2923 1202 3016 irrupere.
1252 2922 1362 2992 Nostri

155 3048 242 3118 lusda
269 3049 348 3141 fuga
373 3050 525 3144 plerique
551 3050 685 3120 abiectis
711 3050 811 3120 armis
840 3072 1040 3142 proxumum
1073 3050 1191 3119 collem
1217 3071 1363 3141 occupa·

155 3184 287 3244 rerunt.
331 3175 405 3245 Nox
424 3185 522 3268 atque
539 3172 652 3268 praeda
671 3183 850 3244 caseorum
865 3173 986 3255 hostes,
1013 3196 1079 3266 quo
1096 3172 1206 3244 minus
1223 3172 1361 3242 victoria

155 3307 345 3376 uterentur,
380 3308 543 3366 remorata
568 3306 654 3367 sunt.
704 3295 835 3367 Deinde
860 3297 1021 3388 Iugurtha
1050 3307 1182 3389 postero
1207 3296 1261 3366 die
1286 3317 1362 3365 cum

157 3422 244 3492 bulo
268 3421 304 3491 in
330 3421 496 3514 colloquio
527 3420 628 3492 verba
660 3420 758 3491 lecit:
797 3421 926 3491 tametsi
962 3421 1071 3515 ipsum
1103 3442 1178 3490 cum
1213 3420 1362 3490 exercitu

157 3545 242 3616 lame
269 3553 303 3616 et
327 3544 417 3614 terro
441 3544 591 3615 clausum
616 3553 722 3626 tenet,
756 3554 921 3613 tamense
946 3565 1127 3614 memorem
1141 3541 1362 3614 humanarum

158 3692 288 3752 rerum,
321 3670 350 3739 si
376 3693 488 3741 secum
513 3671 619 3742 loedus
644 3672 786 3752 laceret,
819 3671 1000 3740 incolumes
1026 3669 1134 3739 omnis
1159 3668 1220 3739 sub
1245 3670 1362 3761 iugum

159 3795 351 3866 missurum:
389 3805 549 3888 praeterea
586 3796 636 3866 uti
673 3794 790 3866 diebus
828 3797 944 3866 decem
975 3793 1133 3866 Numidia
1165 3793 1360 3864 discederet.

161 3920 241 4002 One
266 3943 469 4016 quamquam
496 3923 612 4014 gavia
643 3933 675 3993 et
709 3922 825 4013 flagitii
859 3923 958 4015 plena
993 3933 1096 4001 erant,
1134 3929 1243 3990 tamen
1284 3919 1363 4011 quia

162 4044 270 4114 mortis
296 4053 387 4114 metu
411 4045 640 4128 mutabantur,
667 4045 760 4116 sicuti
787 4047 861 4136 regi
887 4046 1054 4126 lubuerat,
1081 4065 1147 4137 pax
1173 4043 1335 4114 convenit.

229 4190 354 4238 xxxix.
405 4168 469 4240 Sed
494 4170 553 4240 ubi
586 4191 627 4239 ea
652 4171 766 4240 Romae
801 4182 968 4262 comperta
999 4180 1090 4250 sunt,
1129 4179 1361 4260 metuantque

161 4315 274 4363 maror
298 4294 465 4364 civitatem
485 4295 652 4366 invasere:
685 4317 760 4389 pars
785 4296 897 4367 dolere
915 4319 975 4389 pro
992 4295 1099 4387 gloria
1116 4291 1259 4386 imperii,
1285 4313 1361 4383 pars

162 4415 287 4489 insolita
312 4442 426 4490 rerum
452 4420 646 4492 bellicarum
673 4421 789 4492 timere
807 4422 965 4502 libertati,
1002 4422 1088 4493 Aulo
1113 4439 1228 4491 omnes
1252 4416 1361 4486 infesti

162 4563 197 4610 ac
221 4565 377 4615 maxume
409 4544 467 4637 qui
500 4543 589 4614 bello
622 4565 709 4636 sepe
735 4545 886 4637 preclari
912 4545 1060 4625 fuerant,
1093 4543 1182 4636 quod
1217 4551 1361 4610 armatus

163 4663 316 4737 dedecore
333 4668 441 4758 potius
459 4689 558 4759 mam
576 4689 679 4737 manu
704 4668 841 4737 salntem
860 4668 1064 4760 quesiverat.
1108 4665 1162 4737 Ob
1179 4689 1218 4735 ea
1244 4663 1360 4735 consul
