3610 5592
781 671 817 722 xl

273 849 464 941 Sequuntur
497 849 626 919 minora
660 850 792 920 Salustii
824 849 1023 941 fragmenta,
1061 850 1170 921 denno
1203 853 1399 934 examinata,

199 989 313 1060 multis
344 989 425 1060 lueis
458 989 632 1060 emendata
664 1001 698 1058 et
725 989 848 1082 passim
881 991 1001 1062 melius
1031 991 1198 1084 disposita.
1249 993 1301 1064 lid
1330 995 1400 1066 cal-

199 1129 366 1201 cemlibri
383 1130 506 1202 addere
527 1130 650 1223 placuit
667 1139 816 1200 veterum
830 1131 1073 1222 Histerieorum
1087 1115 1324 1216 Romanorum,
1342 1133 1400 1228 qui

199 1271 275 1340 inde
309 1271 351 1341 ab
382 1271 615 1365 antiquissimis
650 1271 851 1363 temporibus
885 1295 989 1366 usque
1023 1273 1064 1344 ad
1094 1275 1235 1366 Augusti
1269 1284 1399 1346 ntalem

199 1410 354 1492 llornere,
378 1409 537 1503 reliquias
562 1410 720 1482 aGarole
737 1411 904 1483 budovino
921 1413 1052 1498 liotbio,
1078 1415 1152 1484 viro
1170 1415 1251 1486 mibi
1268 1416 1401 1486 amicis-

195 1551 281 1621 simo
298 1563 331 1622 et
348 1552 581 1622 communitate
596 1551 780 1624 studiorum
798 1555 1077 1649 conjunctissimo,
1104 1555 1163 1650 qni
1183 1557 1216 1626 in
1239 1579 1322 1626 nova
1336 1555 1400 1626 bac

196 1692 330 1762 Salustii
347 1692 490 1762 editione
515 1693 660 1786 paranda
685 1693 894 1765 utilissimam
914 1717 1049 1788 operam
1066 1695 1149 1765 mibi
1170 1695 1398 1776 commodavit,

195 1833 363 1912 collectas,
381 1845 504 1915 aumas,
519 1834 707 1904 emendatas
721 1843 754 1902 et
763 1845 836 1927 apte
846 1834 1030 1928 dispositas,
1048 1836 1094 1906 ita
1107 1841 1142 1906 ut
1154 1835 1267 1905 omnis
1280 1837 1398 1907 veteris

195 1972 352 2042 ilistoriae
369 1975 527 2044 Romame
544 1984 758 2046 monumenta
779 1973 855 2044 inde
871 1997 892 2044 a
909 1973 952 2057 Q.
970 1974 1073 2045 Fabio
1087 1975 1215 2044 Pictore
1232 1999 1336 2069 usque
1355 1975 1397 2046 ad

194 2111 306 2184 'litum
326 2115 458 2185 Liviam
484 2117 652 2188 modicum
677 2139 795 2208 corpus
821 2115 1012 2198 conficiant,
1039 2115 1251 2186 utilissimum
1278 2115 1395 2188 burum

194 2255 378 2325 litterarum
403 2255 583 2328 cultoribus
609 2257 876 2338 instrumentum,
904 2255 996 2327 cuius
1021 2277 1084 2349 ope
1102 2255 1142 2326 de
1161 2257 1314 2327 Historia
1328 2259 1397 2327 lio-

194 2417 302 2466 manae
336 2396 437 2466 initiis
471 2408 504 2465 ct
536 2395 748 2466 incrementis
776 2397 896 2466 rectius
930 2396 1089 2467 iudicium
1124 2397 1233 2466 lacere
1260 2397 1395 2488 possint.

194 2538 231 2606 ln
258 2537 479 2607 Adnetntione
504 2535 627 2628 Gripiea
650 2535 764 2607 omnia
790 2538 861 2606 loca
892 2536 1083 2629 diligentius
1109 2538 1308 2618 examinavi,
1338 2537 1394 2608 ubi

195 2677 295 2746 lectio
319 2676 421 2747 dubia
446 2698 517 2745 esse
543 2676 726 2757 videbatur,
763 2677 831 2746 sive
857 2678 898 2748 ab
926 2678 1116 2749 auctoritate
1142 2677 1273 2748 Codicis
1299 2679 1395 2748 ani-

193 2816 307 2886 liensis
340 2816 561 2886 recedendum
602 2818 760 2910 locusque
796 2818 984 2888 coniectura
1021 2819 1186 2888 sanandus
1218 2818 1288 2898 luit,
1326 2817 1394 2888 sive

191 2957 398 3050 reliquorum
425 2958 638 3051 interpretum
665 2959 796 3028 inventa
822 2958 1048 3051 impugnanda
1070 2969 1102 3028 ct
1125 2956 1304 3027 reiicicnda
1322 2979 1393 3026 esse

192 3099 361 3190 putabam.
413 3099 488 3182 Oua
514 3099 646 3191 quidem
674 3100 769 3169 inre
794 3099 857 3168 bec
875 3099 1021 3170 instituto
1041 3121 1118 3169 usus
1135 3119 1220 3178 sam,
1247 3107 1282 3166 nt
1306 3095 1393 3165 inte·

190 3261 254 3332 gra
280 3237 411 3310 Codicis
436 3240 625 3310 basiliensis
650 3239 747 3309 lectio
772 3261 848 3309 cum
874 3237 1064 3309 notabiliori
1090 3237 1206 3330 optimi
1232 3237 1392 3331 cuiusque

192 3381 270 3450 libri
301 3380 522 3474 discrepantia
548 3381 769 3452 exhiberetur.
820 3377 885 3450 Sed
905 3401 1008 3471 quam
1030 3377 1203 3448 habuerim
1229 3378 1390 3467 regulam,

191 3545 258 3614 qna
284 3522 318 3590 in
343 3522 491 3591 oratione
512 3520 645 3592 Salustii
670 3543 748 3591 vcra
773 3533 806 3590 et
831 3519 913 3590 falsa
940 3518 1174 3600 iudicarentur,
1198 3519 1322 3610 optime
1349 3541 1391 3589 ex

191 3661 428 3730 commentario
453 3659 494 3731 dc
520 3661 716 3753 proprietate
737 3659 804 3730 stili
825 3658 1003 3730 Salustiani
1025 3658 1238 3751 intelligetur,
1264 3658 1298 3728 in
1324 3679 1391 3750 qno

192 3813 260 3871 toto
288 3801 361 3872 eins
389 3801 520 3871 dicendi
554 3824 676 3894 genere
703 3800 901 3881 examinato,
936 3799 1047 3869 omnia
1073 3799 1205 3890 collegi,
1240 3821 1315 3891 qnae
1348 3797 1390 3868 ad

193 3941 389 4012 Salustinnae
416 3943 608 4014 elocutionis
636 3943 799 4012 rationem
829 3940 1071 4034 explanandam
1097 3941 1206 4010 facere
1230 3938 1390 4010 videban-

191 4092 254 4153 tur.
306 4083 478 4153 Accedunt
501 4082 645 4175 deniqne
670 4082 810 4164 ludices,
836 4082 980 4174 primum
1008 4080 1191 4162 historicus,
1220 4102 1332 4151 rerum
1358 4090 1390 4148 et

194 4225 376 4306 nominum,
399 4223 457 4317 qui
473 4223 666 4293 memoriam
685 4245 796 4293 rerum
815 4233 983 4313 gestarum
995 4220 1165 4298 retineret;
1193 4231 1262 4290 tum
1275 4242 1390 4310 gratu»

192 4365 340 4447 malicus,
366 4387 434 4457 qno
458 4363 635 4434 verborum
661 4363 768 4455 copia,
795 4361 966 4432 collocatio
992 4374 1024 4430 et
1049 4361 1275 4443 conformatio,
1312 4384 1389 4430 sen-

193 4507 367 4576 tentiarum
397 4517 590 4574 ornamenta
621 4514 654 4572 et
684 4501 865 4572 dictionum
899 4503 982 4572 ratio
1015 4501 1247 4572 contineretur.
1306 4501 1389 4572 Cum

190 4647 278 4716 enim
306 4646 349 4716 de
383 4644 521 4734 siugulis
547 4643 656 4714 verbis
691 4666 873 4736 eorumque
900 4641 1076 4714 structuris
1105 4641 1248 4735 plurima
1273 4641 1389 4714 obser·
