3526 5604
422 644 493 712 3tt

418 842 476 913 sed
493 844 554 913 iste
571 844 642 937 ipse
659 843 791 916 Caelius
809 869 918 939 neque
940 847 1089 917 distinxit
1106 847 1278 919 historiam
1296 851 1456 920 varietate
1479 853 1621 922 locorum

418 990 529 1060 neque
552 969 729 1039 verborum
756 971 975 1040 collocatione
1001 984 1033 1041 et
1056 980 1160 1042 tractu
1180 973 1340 1042 orationis
1361 973 1430 1044 leni
1453 984 1485 1044 et
1501 999 1621 1068 aequa-

418 1091 478 1162 bili
503 1092 680 1184 perpolivit
709 1092 793 1162 illud
825 1116 925 1186 opus,
965 1095 1022 1164 sed
1050 1106 1085 1164 nt
1110 1093 1210 1165 homo
1239 1119 1349 1188 neque
1377 1097 1492 1167 dactus
1517 1123 1621 1192 neque

419 1217 564 1288 maxime
588 1230 683 1311 aptus
708 1219 749 1289 ad
776 1219 953 1290 dicendum
980 1221 1064 1290 sicut
1096 1221 1203 1312 patuit
1229 1222 1365 1304 dolavit3
1403 1225 1479 1293 vicit
1503 1234 1619 1304 tamen,
1731 1257 1732 1262 ¹

418 1351 456 1411 ut
481 1341 575 1422 dicis,
605 1342 803 1433 superiores.
852 1343 958 1413 Cicera
983 1347 1021 1412 da
1046 1359 1170 1414 oratam
1195 1343 1229 1426 2,
1260 1343 1317 1426 13,
1345 1344 1404 1418 54.
1432 1369 1516 1416 uano
1540 1346 1620 1418 662.

419 1470 456 1538 L.
484 1466 617 1538 Caelius
641 1468 814 1560 Antipater
839 1469 988 1560 scriptor,
1023 1470 1304 1562 quemadmodum
1336 1473 1468 1553 ridetis,
1506 1472 1565 1542 fuit
1588 1483 1621 1540 ut

418 1593 622 1686 temporibus
641 1593 706 1662 illis
724 1595 924 1672 luculentus,
951 1595 1032 1665 iuris
1052 1598 1149 1667 valde
1166 1599 1302 1690 peritus,
1327 1599 1509 1668 multorum
1525 1596 1619 1664 etiam

420 1725 458 1786 ut
475 1719 514 1787 L.
531 1713 642 1789 Crassi
661 1713 747 1802 [auti
759 1716 943 1806 anaoutt]
961 1721 1131 1812 magister.
1171 1722 1277 1792 &cera
1292 1725 1328 1792 io
1344 1724 1448 1793 Brimo
1465 1720 1523 1803 26,
1543 1719 1618 1790 102.

419 1839 497 1909 Fuit
521 1841 638 1910 eodem
664 1851 812 1934 tempore
838 1853 871 1911 et
896 1843 1030 1914 Coelius
1056 1846 1247 1939 Antipater3
1286 1847 1343 1936 qui
1369 1844 1521 1915 historias
1544 1868 1619 1914 con-

418 1964 559 2056 scripsit,
576 1968 634 2037 sed
650 1969 725 2059 plus
743 1969 952 2062 eloqrrentiae
970 1992 1072 2061 quam
1090 1972 1248 2042 scientiae
1266 1971 1346 2042 iuris
1363 1995 1501 2064 operam
1518 1971 1617 2050 dedit:

420 2091 519 2160 etiam
551 2094 589 2162 L.
622 2093 759 2164 Crassus
792 2105 853 2165 etc.
908 2098 1100 2189 Pomponius
1128 2099 1165 2167 ia
1196 2098 1338 2189 Dipratis
1367 2096 1400 2179 1,
1434 2095 1470 2178 2,
1501 2097 1534 2178 2,
1562 2093 1616 2166 46.

418 2214 600 2285 Historiam
616 2216 777 2308 scripsere
804 2271 869 2288 ...
896 2218 1006 2290 verbis
1023 2220 1106 2291 Catu
1128 2221 1322 2312 multiiugis,
1349 2221 1485 2292 Caelius
1509 2221 1617 2310 singn-

419 2339 471 2409 lis.
514 2339 630 2411 Fronto
656 2345 700 2412 ad
728 2347 840 2414 Veram
861 2369 896 2436 p.
921 2341 991 2416 170
1010 2345 1101 2414 Ram.
1144 2345 1318 2438 Epitomen
1341 2347 1435 2416 Bruti
1452 2346 1618 2416 Caeliana-

418 2485 494 2534 rum
519 2465 620 2536 velim
647 2467 730 2537 mihi
756 2467 875 2536 mittas.
918 2469 1024 2538 Giano
1041 2470 1085 2539 ad
1101 2471 1239 2539 Attiama
1260 2465 1315 2548 13,
1340 2467 1376 2540 8.
1402 2472 1460 2562 asr.
1482 2491 1616 2560 saprap.

420 2585 504 2670 312,
530 2587 590 2662 21.
645 2575 806 2666 ‘sustine’
842 2597 952 2685 Nepos
979 2593 1019 2664 ae
1046 2593 1228 2664 illustribus
1252 2595 1332 2664 aas
1356 2594 1416 2664 nn
1439 2595 1480 2674 n,
1511 2595 1566 2664 sea
1589 2602 1617 2661 a

420 2711 541 2782 Brutus
559 2727 592 2786 et
608 2718 740 2789 Coelius
758 2719 950 2812 frequenter
975 2741 1016 2788 ea
1033 2719 1084 2788 nsi
1102 2729 1188 2788 sunt.
1232 2718 1399 2788 Charisius
1410 2716 1447 2798 2,
1467 2714 1522 2798 14,
1539 2714 1615 2787 225.

421 2842 612 2912 Hadrianus
640 2896 705 2912 ...
740 2843 895 2914 Sallustio
920 2844 1072 2915 Caelium
1107 2842 1261 2935 praetulit
1291 2865 1390 2935 supra
1411 2866 1448 2936 p.
1472 2841 1554 2922 267,
1584 2837 1614 2910 4.

421 2967 558 3037 Coelius
583 2983 611 3038 et
636 2967 763 3038 Cailius
788 2967 938 3038 inibitur
963 2970 1000 3038 id
1028 2991 1140 3037 namen
1170 2971 1206 3037 ia
1235 2971 1383 3038 nammis.
1483 2971 1516 3038 2.
1543 2965 1615 3053 [Gn-

421 3091 566 3163 vendnm
593 3089 657 3179 est]
687 3116 730 3163 ne
756 3092 856 3164 verba
881 3092 1072 3162 traiciamus
1098 3103 1224 3183 aperte,
1251 3114 1317 3184 quo
1343 3093 1463 3163 melius
1487 3106 1543 3163 aut
1566 3116 1616 3161 ca·

422 3216 478 3287 dat
502 3227 560 3286 aut
584 3217 734 3287 volvatur
759 3215 879 3297 aratio;
905 3215 996 3307 quad
1020 3237 1055 3284 se
1081 3217 1120 3286 L.
1140 3215 1273 3286 (laelius
1299 3217 1473 3308 Antipater
1497 3216 1530 3284 in
1546 3237 1615 3308 prn-

420 3341 530 3412 oemio
555 3341 636 3412 belli
660 3341 777 3412 Punici
797 3341 863 3410 nisi
889 3339 1077 3410 necessario
1102 3339 1266 3408 facturum
1298 3350 1408 3430 negat,
1463 3340 1614 3412 Ovirum

420 3465 606 3558 simplicem
632 3465 690 3557 qui
715 3487 775 3533 nas
800 3463 886 3534 nihil
912 3464 1009 3545 celat,
1040 3462 1223 3554 sapientem
1249 3461 1307 3554 qui
1331 3461 1539 3533 serviendum
1563 3483 1615 3531 ne-

422 3590 563 3659 cessitati
594 3600 697 3681 putet.
749 3588 814 3659 Sed
845 3587 901 3658 hic
929 3587 1066 3658 omnino
1096 3586 1282 3657 rudis
1315 3586 1360 3655 Et
1390 3585 1447 3656 hie
1480 3586 1613 3679 quidem,

421 3713 480 3807 qui
506 3713 593 3783 hanc
618 3737 639 3784 a
665 3715 780 3785 Laelio
807 3707 858 3803 [L.
878 3706 1014 3803 Aelia‘l]
1046 3711 1087 3780 ad
1114 3733 1215 3804 quem
1240 3711 1379 3803 scripsit,
1406 3711 1461 3781 cui
1487 3735 1521 3781 se
1544 3732 1615 3804 pur·

423 3848 490 3928 gat,
516 3837 648 3908 veniam
674 3835 766 3929 petit,
793 3847 826 3906 et
850 3835 953 3906 utitur
978 3857 1018 3904 ea
1043 3835 1235 3904 traiectione
1261 3834 1439 3905 verborum
1465 3846 1498 3904 et
1522 3832 1614 3904 nihilo

422 3973 533 4033 umen
559 3963 666 4055 aptius
683 3961 805 4054 'explet
830 3961 1064 4054 concluditque
1090 3962 1278 4031 sententias.
1319 3963 1424 4031 Cicera
1445 3965 1483 4031 ia
1507 3973 1614 4028 maara

421 4085 481 4169 69,
508 4085 593 4159 230.
703 4086 737 4155 3.
770 4085 924 4156 (laeliust
960 4071 1013 4154 ‘ex
1037 4084 1166 4176 scriptis
1192 4105 1320 4165 aarum,
1354 4082 1413 4175 qui
1443 4084 1514 4153 reri
1537 4080 1615 4152 arbi·

421 4198 560 4283 trantur'
584 4212 723 4304 passive.
762 4212 947 4280 Priscianus
966 4208 1002 4290 8,
1021 4208 1056 4293 4,
1075 4207 1131 4282 18.
1172 4209 1356 4279 Nobiliore.
1394 4205 1614 4299 comparativa

422 4337 548 4407 Plinius
573 4337 601 4405 E
628 4344 721 4427 putat
746 4333 891 4404 ablativo
917 4331 1018 4415 finiri,
1046 4385 1112 4402 ...
1145 4343 1255 4402 mmen
1281 4330 1328 4400 ait
1352 4353 1414 4423 per
1438 4331 1470 4400 l:
1503 4332 1614 4400 locutas
1731 4331 1732 4336 ’

423 4461 546 4554 quippe
573 4462 672 4530 lastas
697 4483 813 4530 omnes
839 4472 872 4529 et
896 4460 998 4530 libros
1024 4481 1043 4528 a
1069 4457 1186 4530 Fulvia
1203 4457 1367 4528 Nobiliori
1391 4455 1512 4549 scripta
1537 4467 1614 4526 retu-

423 4589 511 4660 lisse.
548 4587 713 4658 Charisim
728 4588 760 4667 1,
774 4584 834 4667 21,
852 4584 933 4657 169.
974 4583 1210 4666 herimarus,
1226 4583 1392 4654 Fabricios
1405 4581 1536 4652 Caelius
1549 4599 1614 4670 sap·

419 4713 505 4804 pleat
523 4727 550 4780 at
567 4711 689 4780 locatos
709 4711 756 4778 val
773 4710 955 4803 publicatos
974 4711 1146 4790 amendant,
1166 4709 1218 4777 sad
1236 4711 1369 4797 fortuma
1387 4709 1432 4775 sia
1450 4706 1613 4796 liquidam:
