3554 5600
444 604 516 672 atu

441 805 658 876 Corduennos
684 826 853 874 amomum
880 819 913 875 et
939 805 997 875 alii
1021 807 1111 876 leves
1137 808 1255 878 odores
1281 806 1476 898 gignuntur.
1516 805 1568 876 83.
1586 808 1621 876 le

441 928 643 1001 inrumiendi
673 929 780 1021 pontis
803 929 921 998 sublici
949 981 957 996 .
986 982 994 998 .
1024 981 1032 999 .
1059 930 1240 1002 sublicibus
1269 941 1383 1000 cavata
1418 982 1426 998 .
1455 983 1463 998 .
1490 985 1498 1000 .
1525 984 1533 1001 .
1558 984 1565 999 .
1588 983 1621 998 ..

443 1105 451 1122 .
481 1105 488 1122 .
517 1106 525 1121 .
554 1105 562 1121 .
590 1063 709 1122 essent.
754 1053 813 1122 tit.
845 1053 955 1146 Atque
986 1052 1087 1122 biavit
1113 1054 1233 1126 burnus
1264 1057 1370 1126 multa
1396 1067 1486 1124 rfasta
1511 1065 1540 1123 et
1562 1078 1624 1145 pro

440 1176 554 1248 frunda.
599 1176 658 1246 85.
685 1175 844 1246 Salustius
869 1177 986 1246 scribit
1010 1177 1043 1244 in
1061 1176 1219 1258 historiis,
1246 1181 1334 1271 qood
1353 1178 1499 1272 napbtba
1524 1171 1622 1266 (thasi)

440 1302 481 1370 sit
507 1324 612 1393 genus
639 1301 761 1370 fomitis
787 1300 873 1392 apud
895 1303 1023 1380 Persas,
1051 1324 1118 1395 quo
1144 1303 1197 1372 vel
1215 1303 1361 1372 maxime
1383 1301 1565 1373 nutriantur
1583 1301 1625 1368 io-

440 1426 567 1497 cendia.

439 1628 488 1684 83.
509 1623 592 1685 Fest.
614 1625 683 1685 293.
712 1624 801 1684 loeus
822 1624 987 1698 mutilatus,
1018 1640 1106 1700 quem
1128 1626 1168 1685 ad
1189 1625 1415 1684 restitutionem
1442 1625 1542 1702 pontis
1564 1623 1625 1682 sub·
1744 1663 1745 1668 η

439 1732 504 1792 lioii
533 1730 681 1791 referunt.
728 1732 776 1789 Sl.
799 1729 876 1790 Non.
904 1733 972 1790 318.
1001 1733 1049 1790 38.
1099 1733 1146 1790 85.
1173 1729 1288 1791 llieron
1318 1732 1348 1790 in
1377 1727 1452 1790 Dan.
1479 1747 1504 1790 o
1529 1731 1553 1788 3.
1580 1727 1624 1786 etr,

437 1839 558 1899 Probus
579 1855 608 1914 p.
631 1839 718 1897 1473.
743 1835 828 1908 (130.
850 1834 953 1906 Lind.)
976 1837 1008 1897 et
1028 1837 1264 1914 boonapbtbas,
1281 1837 1371 1898 buius
1392 1837 1542 1914 naphthae,
1561 1836 1625 1894 sient

436 1945 499 2004 Sal.
521 1942 635 2004 llistor.
656 1945 684 2002 4.
721 1941 769 2001 llx
795 1943 900 2002 multis
921 1941 1112 2020 fragmentis,
1138 1961 1205 2020 quus
1226 1961 1388 2021 perperam
1410 1944 1451 2003 ad
1471 1943 1574 2003 librum
1591 1957 1623 1998 n.

437 2052 557 2112 rettulit
576 2049 686 2110 llditor
706 2049 963 2126 Luneburgensis,
985 2050 1046 2110 duo
1061 2050 1206 2110 laudasse
1221 2051 1297 2110 satis
1316 2052 1385 2111 erit.
1407 2050 1624 2126 disrumpit·

436 2176 504 2218 noan
530 2157 641 2236 quidem
662 2157 775 2234 Pyrrho
804 2162 890 2234 utque
909 2157 1063 2216 Hannibali
1088 2173 1189 2234 equor
1209 2163 1238 2216 et
1256 2163 1347 2230 terro,
1374 2173 1442 2232 qua
1465 2173 1503 2216 ex
1524 2155 1624 2214 lionato

437 2262 478 2323 ad
498 2263 623 2324 Phorm.
644 2281 675 2321 u.
699 2265 724 2322 1.
749 2264 795 2321 13.
818 2262 933 2322 laudat.
955 2262 1006 2321 ubi
1032 2267 1117 2340 otqrse
1142 2266 1228 2321 reote
1250 2262 1393 2322 omissum
1415 2263 1472 2336 est,
1501 2261 1554 2321 red
1571 2261 1625 2338 pri·

436 2387 516 2430 mum
537 2386 598 2429 non
620 2369 707 2445 vidit,
729 2369 795 2429 baeo
817 2369 914 2428 verba
936 2386 975 2428 ex
997 2369 1139 2429 oratione
1158 2367 1268 2447 Lepidi
1290 2375 1437 2446 excerpta
1453 2385 1537 2428 esso:
1566 2368 1624 2426 Nou
1661 2451 1664 2460 Ι
1746 2383 1747 2392 2

436 2475 505 2554 quid
524 2493 543 2535 o
565 2475 688 2553 Pyrrho,
709 2476 870 2535 llurmtbule
890 2475 1075 2552 Philippoque
1095 2479 1153 2533 oto.
1177 2491 1270 2552 supra
1290 2492 1319 2551 p.
1342 2477 1410 2550 131,
1437 2476 1482 2534 16.
1502 2479 1561 2534 tun
1577 2489 1625 2532 non

436 2583 591 2642 intellexit
612 2585 772 2660 sequentia
794 2590 823 2643 et
842 2599 959 2660 equore
979 2589 1008 2654 et
1020 2587 1101 2640 terro
1115 2579 1201 2640 alind
1218 2580 1390 2657 exemplum
1406 2598 1486 2656 esso,
1509 2581 1548 2640 ad
1562 2597 1626 2639 oon-

436 2690 563 2748 trarium
585 2689 792 2766 probandum:
822 2689 854 2749 id
876 2689 959 2765 quod
985 2689 1045 2747 iarn
1073 2687 1171 2746 verba
1193 2684 1303 2747 Donati
1325 2703 1394 2746 eum
1416 2687 1530 2747 dooere
1549 2693 1626 2764 pote-

435 2801 518 2856 rant:
560 2793 744 2873 „Superiora
771 2782 939 2872 ἇσύνδετα,
966 2793 1117 2854 interiora
1138 2793 1318 2854 intermistis
1344 2785 1623 2854 coniunctionibus.‘

436 2905 499 2962 tum
520 2902 602 2977 quod
622 2902 704 2962 idom
725 2901 766 2962 ad
786 2901 996 2962 Mithridatem
1023 2900 1156 2960 rettulit:
1188 2899 1333 2960 Interdum
1353 2917 1454 2960 romae
1479 2918 1626 2976 eupmee·

434 3015 482 3067 tue
503 3008 650 3068 mnodum
668 3009 771 3085 faeere
793 3025 832 3068 ex
853 3007 1002 3068 Diomede
1023 3026 1052 3085 p.
1067 3010 1125 3068 375
1149 3007 1274 3067 oitetum
1291 3006 1331 3066 ad
1350 3005 1524 3084 Iugurtham
1545 3025 1568 3067 o.
1587 3009 1627 3065 72.

434 3113 578 3191 pertinet,
606 3114 658 3172 ubi
685 3114 751 3174 bueo
779 3114 877 3173 verba
904 3115 1063 3192 leguntur:
1092 3114 1233 3174 merdam
1257 3131 1358 3174 eomoo
1383 3118 1496 3174 aeuus
1517 3115 1627 3188 meotis

434 3223 524 3282 onmia
544 3226 563 3280 t.
583 3221 608 3297 s.
631 3257 669 3267 -
691 3220 840 3281 Caeterum
863 3237 903 3280 ex
928 3221 989 3280 boo
1009 3220 1093 3281 libro
1116 3219 1251 3297 epistola
1264 3219 1453 3281 Mithridatis
1474 3222 1514 3281 ad
1534 3237 1626 3298 regen

433 3328 571 3388 Arsaoen
594 3331 749 3406 excerpta.
