3582 5594
161 845 233 914 eins
245 843 343 914 aliter
356 865 474 914 cavere
487 843 689 939 nequivisse.
722 842 787 914 Sed
806 863 869 934 ego
882 843 1067 935 comperior
1076 842 1244 914 Bocchum
1256 843 1363 936 magis

161 969 288 1038 Punica
300 968 365 1038 fide
379 991 481 1062 quam
494 969 538 1040 oh
554 991 605 1051 ea,
628 991 703 1062 quar
716 966 929 1062 praedicabat,
950 967 1048 1038 simul
1060 968 1226 1039 Romanos
1244 979 1275 1038 et
1292 971 1364 1040 Nu-

161 1091 287 1162 midam
309 1115 368 1186 spe
393 1093 483 1186 pacis
506 1093 676 1164 attinuisse
692 1093 900 1185 multumque
926 1113 1002 1161 cum
1026 1091 1138 1161 animo
1156 1114 1215 1162 suo
1232 1092 1364 1163 volvere

162 1215 310 1297 solitum,
336 1214 530 1307 Iugurtham
555 1215 715 1284 Romanis
741 1236 783 1284 an
809 1214 859 1284 illi
884 1214 1012 1284 Sullam
1040 1213 1202 1285 traderet:
1241 1213 1365 1286 luhidi-

162 1363 240 1409 nem
267 1337 444 1408 advorsum
469 1359 541 1420 nos,
567 1347 691 1407 metum
716 1359 778 1431 pro
802 1335 898 1407 nohis
923 1337 1075 1407 suasisse.

237 1487 307 1536 crx.
358 1463 465 1554 lgitur
488 1464 582 1534 Sulla
606 1461 793 1557 respondit:
821 1484 927 1555 pauca
952 1484 1063 1535 coram
1083 1453 1209 1557 Aspare
1235 1465 1367 1534 locutu-

163 1611 251 1670 rum,
284 1597 396 1658 cetera
420 1587 548 1657 occulte
573 1593 631 1656 aut
657 1587 751 1656 nullo
776 1595 833 1656 ant
857 1608 958 1680 quam
980 1587 1196 1679 paucissumis
1218 1610 1367 1681 prasen-

164 1712 269 1782 tihus:
295 1712 396 1783 simul
413 1712 540 1794 edocet,
565 1734 640 1805 quae
662 1711 725 1782 sihi
742 1711 1032 1804 responderentur.
1075 1715 1252 1806 Postquam
1272 1715 1366 1786 sicuti

164 1837 315 1906 voluerat
341 1835 521 1926 congressi,
553 1833 650 1905 dicit:
684 1857 719 1904 se
743 1835 883 1906 missum
908 1858 929 1906 a
956 1837 1092 1908 consule
1118 1838 1247 1908 venisse
1273 1863 1368 1932 quae-

165 1961 267 2032 situm
296 1960 341 2030 ah
374 1983 426 2042 co,
459 1981 577 2052 pacem
609 1982 652 2030 an
684 1958 810 2029 hellum
836 1960 1019 2052 agitaturus
1045 1962 1139 2031 soret.
1186 1964 1271 2033 Tum
1295 1985 1368 2046 rex,

166 2085 213 2156 uti
238 2095 441 2179 praeceptum
468 2085 586 2167 inerat,
620 2095 692 2177 post
727 2084 815 2156 diem
849 2085 1017 2157 decimum
1050 2087 1159 2158 redire
1188 2089 1288 2172 iuhet,
1331 2113 1370 2161 ac

165 2209 253 2281 nihil
276 2209 376 2280 etiam
402 2229 490 2277 nunc
516 2207 711 2290 decrevisse,
737 2208 795 2279 scd
816 2208 875 2280 illo
892 2208 946 2279 die
964 2231 1221 2303 responsurum;
1249 2210 1369 2283 deinde

166 2334 268 2406 amhn
292 2333 328 2404 iu
353 2355 413 2403 sua
438 2343 546 2402 castra
571 2331 722 2424 digressi.
767 2333 832 2403 Sed
858 2333 915 2404 uhi
939 2334 1137 2429 plerumque
1163 2337 1266 2406 noctis
1291 2359 1371 2430 pro-

168 2459 275 2538 cessit,
302 2457 396 2528 Sulla
421 2454 593 2526 aBoccho
619 2456 746 2526 occulte
772 2458 968 2538 accersitum
995 2458 1038 2528 ah
1063 2471 1203 2553 utroque
1228 2471 1372 2532 tanturn-

168 2583 270 2652 modo
296 2581 355 2653 lidi
375 2581 568 2674 interpretes
586 2580 804 2662 adhibentur3
831 2591 991 2675 praeterea
1007 2583 1122 2655 Dahar
1142 2584 1371 2668 internuntius,

170 2719 302 2778 smctus
319 2705 370 2774 vir
386 2711 420 2773 et
436 2726 477 2773 er
495 2703 657 2774 sententia
674 2703 846 2774 amhohus.
885 2707 935 2777 Ac
951 2705 1059 2775 statim
1085 2706 1132 2777 sic
1156 2729 1217 2777 rex
1243 2707 1371 2802 incipit:

244 2853 301 2903 cx.
354 2831 566 2922 «Numquam
585 2849 647 2920 ego
663 2839 754 2899 ratus
779 2851 852 2900 sum
874 2830 956 2914 lore,
983 2831 1031 2902 uti
1051 2855 1114 2902 rex
1139 2856 1312 2904 maxumus
1338 2833 1373 2902 in

171 2956 235 3026 hac
259 2967 347 3025 terra
374 2963 406 3022 et
429 2951 592 3034 omnium,
619 2974 701 3045 quos
726 2954 816 3035 novi,
845 2955 972 3048 privato
996 2955 1123 3026 homini
1148 2957 1289 3047 gratiam
1314 2957 1374 3028 de·

172 3081 298 3151 herem.
343 3079 387 3148 Et
418 3077 609 3147 mehercule
635 3078 740 3161 Sulla,
775 3090 851 3149 ante
876 3090 907 3149 te
942 3081 1108 3173 cognitum
1135 3083 1249 3153 multis
1274 3106 1375 3154 oran-

173 3205 272 3286 tibus,
291 3203 366 3274 aliis
383 3203 471 3274 ultro
489 3214 621 3296 egomet
638 3225 735 3296 opem
753 3204 825 3288 tuli,
852 3204 976 3275 nullius
994 3204 1137 3298 indigus.
1172 3206 1209 3277 ld
1228 3205 1376 3278 inminu-

174 3341 255 3409 tum,
281 3327 371 3420 quod
388 3325 488 3397 ceteri
514 3325 626 3396 dolere
651 3327 767 3410 solent,
795 3349 858 3419 ego
879 3328 991 3398 lector:
1018 3327 1118 3398 luerit
1137 3327 1222 3399 mihi
1245 3330 1376 3423 eguisse

174 3452 357 3546 aliquando
386 3444 553 3545 [pretium]
583 3460 647 3520 tuae
678 3449 845 3533 amicitiae,
884 3473 950 3542 qua
975 3451 1064 3545 apud
1089 3451 1238 3523 animum
1263 3477 1376 3525 meum

176 3577 260 3647 nihil
285 3579 394 3648 carius
420 3587 479 3647 est
529 3577 566 3647 ld
593 3575 677 3647 adeo
703 3577 848 3669 experiri
873 3577 967 3646 licet:
1006 3599 1109 3661 arma,
1139 3579 1238 3662 viros,
1272 3604 1377 3674 pecu-

176 3703 279 3784 niam,
304 3713 470 3794 postremo
494 3699 653 3795 quicquid
670 3700 781 3770 animo
800 3701 902 3783 lubet,
928 3722 1032 3784 sume,
1058 3713 1167 3772 utere:
1199 3714 1241 3788 et,
1268 3705 1378 3798 quoad

176 3827 279 3907 viros,
323 3845 507 3917 numquam
541 3816 625 3913 [tihi]
658 3821 821 3893 redditam
852 3823 994 3913 gratiam
1026 3823 1209 3917 putaveris:
1249 3849 1379 3921 semper

176 3950 264 4046 apud
290 3973 345 4021 me
370 3951 499 4040 integra
524 3949 605 4019 crit:
632 3948 774 4043 denique
798 3948 885 4019 nihil
910 3972 964 4019 me
990 3951 1113 4020 sciente
1139 3950 1259 4020 frustra
1275 3950 1378 4020 voles.

178 4079 276 4156 Nam,
304 4084 342 4144 ut
366 4095 430 4166 ego
455 4083 603 4157 aestumo,
637 4095 753 4165 regem
788 4072 888 4143 armis
914 4095 1014 4165 quam
1040 4073 1266 4145 munificentia
1291 4072 1381 4143 vinci

174 4202 287 4273 minus
312 4199 514 4292 flagitiosum
546 4208 605 4269 est.
649 4198 805 4269 Ceterum
837 4197 877 4268 de
907 4221 944 4268 re
969 4199 1103 4292 publica
1128 4208 1247 4281 vestra,
1286 4197 1380 4269 cuius

176 4339 310 4398 curator
334 4324 401 4397 huc
420 4325 540 4396 missus
557 4346 604 4407 es,
630 4323 743 4418 paucis
768 4324 893 4416 accipe.
930 4323 1062 4395 Bellum
1088 4346 1151 4416 ego
1173 4324 1295 4417 populo
1311 4324 1382 4392 Ro-

175 4473 278 4523 mano
303 4475 414 4546 neque
441 4451 515 4534 leci,
540 4473 651 4542 neque
676 4449 799 4520 lactum
825 4471 983 4543 umquam
1000 4449 1110 4521 volui:
1138 4460 1171 4520 at
1187 4447 1263 4518 linis
1288 4469 1381 4517 meos

175 4574 356 4646 advorsum
383 4583 525 4644 armatos
550 4570 651 4643 armis
677 4577 800 4641 tutatus
826 4593 910 4641 sum.
947 4571 986 4642 ld
1011 4571 1136 4655 omitto,
1164 4568 1297 4663 quando
1321 4591 1382 4639 vo·

174 4697 231 4768 his
248 4696 291 4766 ita
309 4697 435 4790 placet:
464 4695 581 4787 gerite,
608 4692 698 4786 quod
722 4692 832 4776 vultis,
860 4715 935 4765 cum
956 4693 1112 4786 Iugurtha
1138 4691 1274 4764 hellum.
1308 4696 1383 4786 Ego
