3582 5594
474 662 543 732 138

471 863 604 934 auxiliis
635 875 667 936 et
698 867 815 938 virtute
852 887 944 945 mea;
983 866 1122 960 inquis
1155 865 1309 941 omnihus
1341 890 1514 960 nunqnam
1543 869 1676 939 animus

471 991 605 1082 negotio
636 991 740 1062 deluit
781 1013 889 1084 neque
924 991 1063 1062 decretis
1094 992 1197 1063 labos.
1246 993 1344 1063 lllelce
1375 993 1595 1086 secundaque
1619 1017 1677 1064 res

471 1139 562 1207 opes,
587 1139 654 1187 non
678 1118 849 1209 ingenium
874 1118 957 1188 milri
977 1118 1159 1189 mutabant.
1202 1120 1245 1190 At
1270 1127 1383 1189 contra
1408 1119 1442 1188 in
1460 1118 1513 1189 his
1532 1119 1679 1189 miseriis

472 1250 591 1311 cuneta
616 1264 671 1311 me
696 1265 773 1312 cum
798 1244 932 1313 lortuna
955 1243 1143 1312 deseruere.
1186 1245 1350 1313 Praetcrea
1375 1253 1537 1324 senectus,
1565 1266 1623 1336 per
1641 1266 1678 1311 se

472 1366 594 1457 gravis,
620 1389 735 1436 curam
760 1366 922 1459 duplicat:
953 1366 1007 1437 cui
1033 1367 1167 1448 misero,
1193 1377 1265 1435 acto
1291 1366 1356 1436 iam
1383 1375 1488 1447 aetate,
1515 1390 1558 1435 ne
1585 1389 1679 1436 mor-

471 1497 539 1557 tem
564 1489 713 1581 quidem'
726 1488 896 1560 honestam
921 1513 1055 1582 sperare
1080 1489 1168 1560 licet.
1211 1491 1296 1559 Nam
1322 1489 1350 1558 si
1382 1489 1551 1581 parricida
1575 1491 1677 1558 vestri

473 1634 558 1692 sum,
586 1622 618 1682 ct
642 1614 694 1683 bis
718 1614 848 1705 genitus
874 1612 930 1683 hic
951 1613 1030 1683 deos
1048 1615 1179 1683 Penatis
1201 1637 1293 1683 meos
1309 1614 1516 1706 patriamque
1535 1625 1567 1683 et
1583 1637 1680 1684 sum·

474 1757 565 1806 mum
583 1737 758 1830 imperium
783 1737 861 1808 vilia
886 1737 1005 1819 habeo,
1032 1738 1105 1831 quis
1127 1737 1210 1808 milri
1235 1738 1310 1808 rivo
1335 1736 1499 1808 cruciatus
1520 1739 1597 1806 satis
1615 1749 1679 1820 est,

473 1868 530 1930 aut
555 1883 629 1953 qnae
654 1883 752 1953 poena
777 1861 933 1930 mortuo?
974 1862 1055 1954 quin
1090 1861 1203 1932 omnio
1227 1873 1409 1932 memorata
1434 1861 1522 1954 apud
1548 1861 1676 1932 interos

473 1985 637 2077 supplicia
661 1985 787 2054 scelere
808 2008 884 2054 meo
900 1985 976 2054 vici.
1019 1988 1049 2057 Α
1065 1987 1174 2078 prima
1199 1985 1423 2057 adulescentia
1440 1987 1473 2056 in
1492 2009 1551 2056 ore
1568 1997 1679 2054 vestro

473 2109 622 2202 privatim
647 2119 679 2179 et
700 2108 733 2178 in
753 2107 999 2199 magistratibus
1022 2110 1092 2200 egi:
1119 2111 1178 2203 qui
1200 2111 1326 2202 lingna,
1351 2111 1411 2204 qui
1429 2110 1571 2180 consilio
1587 2133 1678 2190 meo,

473 2234 534 2327 qui
550 2233 692 2327 pecunia
709 2235 857 2313 volucre,
884 2234 935 2304 usi
953 2246 1045 2305 sunt:
1072 2258 1182 2328 neque
1208 2257 1272 2326 ego
1297 2234 1453 2305 callidam
1473 2234 1679 2314 facundiam,

474 2382 584 2451 neque
602 2358 775 2450 ingenium
797 2357 840 2427 ad
865 2359 953 2428 male
979 2358 1169 2429 lacinndum
1192 2359 1344 2430 exercui:
1370 2359 1589 2429 avidissumus
1606 2358 1681 2450 pri-

475 2495 558 2553 vatae
577 2483 690 2576 gratioe
715 2505 889 2553 maxumas
914 2483 1105 2552 inimicitias
1129 2506 1190 2576 pro
1214 2483 1402 2575 republica
1427 2484 1575 2576 suscepi,
1603 2483 1681 2575 quis

474 2609 578 2679 victus
611 2633 687 2679 cum
719 2610 776 2680 illa
805 2611 916 2691 simul,
955 2632 1030 2680 cum
1064 2632 1165 2701 egens
1196 2611 1317 2680 alienas
1342 2611 1427 2720 opis,
1464 2611 1563 2703 plura
1587 2611 1681 2679 mala

476 2743 697 2825 expectarem,
729 2757 798 2815 vos,
836 2733 994 2817 Quirites,
1028 2755 1142 2804 rursus
1166 2731 1249 2802 milri
1274 2733 1415 2825 patriam
1442 2734 1588 2826 deosque
1613 2736 1681 2803 Pe-

477 2857 562 2926 natis
595 2879 670 2927 cnm
707 2858 834 2949 ingenti
867 2858 1025 2948 dignitate
1059 2857 1204 2927 dedistis.
1260 2859 1324 2927 Pro
1353 2856 1473 2949 quibam
1506 2857 1681 2926 beneficiis

476 2982 533 3052 vix
565 2982 641 3052 satis
672 2992 785 3073 gratus
819 2981 942 3064 videar,
985 2982 1013 3051 si
1043 2981 1183 3074 singulis
1214 2982 1369 3063 animam,
1407 3003 1508 3075 quam
1534 3003 1679 3074 nequeo,

477 3107 709 3175 concesserim.
753 3108 840 3176 Nam
864 3106 929 3176 vito
955 3114 987 3176 et
1017 3128 1106 3176 mors
1139 3106 1215 3175 iura
1245 3114 1373 3174 natura
1404 3116 1500 3175 sunt:
1539 3113 1576 3175 ot
1605 3105 1680 3174 sine

477 3229 639 3300 dedecore
665 3253 741 3300 cum
767 3228 905 3308 civibus,
932 3230 1022 3300 lama
1047 3239 1079 3298 et
1103 3227 1242 3298 lortunis
1268 3229 1396 3320 integer
1421 3251 1512 3320 agas,
1538 3228 1573 3298 id
1591 3230 1681 3299 dono

476 3355 574 3426 datur
599 3365 699 3448 atque
724 3357 897 3448 accipitur.
944 3355 1103 3426 Consules
1136 3377 1197 3424 nos
1226 3354 1359 3435 lecistis,
1394 3354 1551 3438 Quirites,
1588 3353 1679 3423 domi

477 3481 624 3573 bellique
643 3481 905 3573 impeditissuma
922 3480 1120 3572 republica.
1147 3481 1298 3571 Namque
1319 3479 1534 3572 imperatores
1553 3479 1681 3570 Hispa·

477 3604 543 3674 niae
568 3605 779 3697 stipendium,
810 3605 943 3687 milites,
969 3626 1072 3685 arma,
1099 3605 1301 3674 frumentum
1325 3613 1475 3695 poscunt,
1509 3613 1542 3672 et
1566 3603 1599 3671 id
1625 3626 1681 3672 res

477 3731 577 3820 cogit,
616 3730 774 3823 quoniam
807 3730 991 3800 delectione
1020 3728 1186 3798 sociorum
1230 3736 1264 3797 et
1297 3727 1434 3797 Sertorii
1467 3750 1528 3820 per
1558 3726 1684 3796 montis

478 3855 557 3946 luga
578 3877 687 3948 neque
712 3875 813 3922 manu
839 3863 965 3923 certare
990 3862 1126 3944 possunt
1148 3875 1258 3944 neque
1284 3853 1379 3923 utilia
1396 3875 1525 3945 parare.
1568 3853 1683 3921 Excr-

479 3978 562 4048 citus
587 3977 621 4046 in
649 3976 729 4049 Asia
754 3976 938 4072 Ciliciaque
969 3975 1012 4045 oh
1050 3975 1168 4045 nimias
1198 3999 1276 4070 opes
1301 3977 1499 4048 Mithridatis
1528 3975 1681 4045 aluntur:

478 4102 673 4174 lllacedonia
697 4101 796 4194 plena
822 4100 967 4170 hostium
994 4109 1061 4169 estc
1096 4122 1159 4169 nec
1184 4100 1293 4169 minus
1318 4100 1421 4171 ltaliae
1446 4101 1622 4170 marituma
1647 4109 1684 4168 et

478 4226 744 4319 provinciarum:
784 4247 859 4295 cum
885 4224 1017 4294 interim
1042 4224 1219 4315 vectigalia
1244 4247 1344 4318 parva
1371 4234 1402 4294 et
1432 4224 1527 4294 bellis
1552 4223 1684 4294 incerta

478 4353 536 4423 vix
559 4362 685 4445 partem
711 4363 900 4444 sumptuum
932 4349 1114 4421 sustinent:
1149 4351 1194 4422 ita
1219 4351 1333 4434 classe,
1368 4372 1442 4442 qnae
1476 4359 1684 4420 commeatus

479 4476 641 4556 tuebatur,
680 4476 809 4545 minore
841 4496 941 4568 quam
974 4485 1071 4544 antea
1100 4474 1307 4567 navigamus.
1353 4475 1435 4544 llaec
1463 4473 1490 4542 si
1521 4473 1598 4542 dolo
1623 4484 1685 4542 aut

480 4602 631 4672 socordia
648 4614 758 4672 nostra
776 4611 942 4672 contracta
958 4611 1043 4682 sunt,
1070 4601 1169 4692 agite,
1195 4612 1232 4671 nt
1255 4609 1369 4670 monet
1392 4600 1454 4682 ira,
1479 4597 1683 4691 supplicium

481 4727 614 4796 sumite:
641 4726 689 4794 sin
709 4727 838 4795 fortuna
856 4724 1041 4795 communis
1058 4725 1205 4817 asperior
1223 4735 1281 4804 est,
1307 4745 1410 4816 quare
1432 4722 1567 4812 indigno
1585 4721 1684 4791 vobis
