3610 5592
674 1999 921 2093 tumulltu.

287 2369 373 2478 Quid
408 2385 440 2454 in
475 2384 538 2455 bac
568 2409 654 2457 nova
679 2387 813 2458 Salustii
845 2390 988 2460 editione
1019 2400 1148 2460 secutus
1179 2389 1241 2458 sim
1267 2399 1301 2458 et
1326 2411 1400 2482 quae

202 2526 272 2596 mei
296 2526 424 2596 consilii
440 2527 524 2596 ratio
541 2525 651 2610 fuerit,
678 2529 790 2620 paucis
807 2551 981 2623 exponam.
1019 2530 1057 2600 ld
1078 2529 1179 2622 igitur
1194 2528 1400 2622 potissimum

203 2666 288 2737 mibi
312 2668 374 2738 suit
397 2669 601 2762 propositum
625 2679 673 2749 nt,
707 2692 783 2740 cum
812 2694 871 2764 per
903 2670 962 2741 bos
994 2671 1160 2764 proximos
1190 2669 1305 2761 viginti
1339 2691 1400 2739 en-

203 2831 264 2878 nos
281 2810 459 2880 multorum
476 2809 623 2880 virorum
640 2808 811 2881 doctorum
829 2811 936 2882 studia
958 2811 992 2880 in
1010 2809 1074 2880 boc
1090 2809 1249 2903 scriptore
1273 2807 1401 2878 edendo

202 2951 416 3032 elaborarint‚
442 2960 475 3020 et
498 2949 575 3020 satis
601 2952 740 3042 longum
765 2954 923 3045 temporis
944 2954 1085 3047 spatium
1108 2954 1258 3046 elapsum
1279 2952 1332 3032 sit,
1359 2973 1401 3019 ex

202 3113 271 3183 quo
292 3091 433 3185 primam
448 3089 519 3161 eius
539 3088 718 3160 editionem
737 3094 900 3185 evulgavi,
929 3093 1107 3164 Salustium
1125 3093 1245 3163 iterum
1263 3091 1402 3161 iterum-

201 3255 267 3326 que
292 3241 501 3303 retractatum
533 3231 667 3303 ederem
701 3257 801 3326 quam
836 3234 1150 3306 emendatissimum.
1201 3233 1299 3317 Quod
1325 3233 1402 3326 qni-

202 3373 279 3444 dem
305 3372 478 3444 consilium
504 3382 541 3443 nt
564 3395 721 3468 prospere
753 3374 895 3458 cederet,
931 3398 999 3445 non
1034 3375 1133 3445 modo
1163 3373 1271 3445 varias
1296 3373 1402 3443 libro·

201 3538 276 3584 rum
295 3535 398 3582 manu
416 3513 612 3607 scriptorum
628 3514 786 3585 lectiones
806 3516 926 3609 saepius
946 3517 1032 3585 inter
1053 3538 1089 3586 se
1114 3515 1237 3586 contuli
1258 3525 1290 3584 et
1307 3535 1400 3583 oom-

202 3655 328 3747 pmavi,
354 3655 412 3725 sed
437 3655 534 3726 etiam
562 3656 778 3751 interpretum
803 3658 1008 3728 coniecturas
1025 3668 1058 3728 et
1080 3654 1316 3750 explicationes
1341 3652 1402 3724 de·

203 3819 270 3866 nuo
287 3797 427 3879 excussi,
454 3809 489 3868 ut
509 3798 597 3890 qnod
621 3799 767 3869 maxime
789 3797 960 3891 probabile
982 3809 1067 3868 esset
1091 3797 1276 3890 reciperem
1301 3805 1344 3876 et,
1367 3794 1402 3863 in

203 3949 362 4030 quantum
388 3937 461 4008 ficri
487 3950 605 4031 posset,
631 3939 852 4032 integritatem
878 3937 1035 4008 orationis
1061 3937 1254 4007 Salustianae
1279 3935 1402 4028 nbiqne

204 4077 421 4148 restituerem.
471 4081 515 4150 Et
544 4080 747 4173 praecipuam
781 4078 916 4174 quidem
948 4101 1061 4149 curam
1094 4078 1129 4147 in
1159 4075 1280 4149 Codice
1308 4074 1403 4146 Basi-

203 4216 299 4286 liensi
324 4219 434 4311 primo
464 4218 656 4312 diligentius
689 4221 910 4291 examinando
942 4220 1079 4290 adhibui
1114 4219 1252 4312 eiusque
1281 4215 1404 4288 laboris

204 4357 346 4428 fructum
372 4357 445 4450 cepi
470 4359 666 4440 maximum,
700 4359 788 4451 quod
820 4371 852 4430 et
876 4359 1051 4430 verborum
1078 4359 1170 4441 ordo,
1205 4358 1263 4452 qui
1292 4356 1403 4428 multis

201 4498 283 4568 locis
317 4498 464 4569 turbatus
497 4500 614 4582 lucrat,
649 4497 817 4570 restitutus
854 4511 913 4582 est,
949 4512 981 4570 et
1009 4523 1103 4572 novae
1137 4500 1293 4571 lectiones
1326 4498 1403 4569 setis

201 4640 313 4710 multe
346 4640 488 4711 inventae
518 4651 604 4722 sunt,
643 4663 717 4734 quae
752 4639 860 4711 adbuc
895 4641 1000 4712 aciem
1034 4643 1207 4712 oculorum
1239 4640 1403 4731 fugerant.

1183 4803 1208 4851 11
