3526 5604
437 861 551 946 XIIII
599 861 641 946 Μ
667 861 855 946 munus
884 861 1073 948 totunm

225 1074 259 1142 1.
284 1075 337 1143 De
355 1074 479 1144 Scauro
500 1084 532 1142 et
548 1073 672 1144 Rutilio
690 1074 834 1145 breviter
858 1075 935 1146 licet
951 1075 1073 1156 (licere,
1100 1097 1241 1168 quorum
1266 1096 1352 1144 neu-

138 1207 193 1268 ter
222 1198 347 1268 summi
372 1196 510 1267 oratoris
536 1195 651 1266 hahuit
675 1196 808 1268 laudem
834 1208 866 1267 et
891 1209 1029 1292 uterque
1056 1199 1090 1268 in
1116 1199 1226 1268 multis
1244 1199 1352 1269 causis

137 1333 299 1392 versatus
317 1332 387 1392 erat
405 1373 438 1390 ..
459 1373 467 1390 .
494 1323 533 1390 In
558 1321 675 1392 Scauri
700 1322 850 1392 oratione
876 1323 1032 1415 sapientis
1052 1322 1195 1391 hominis
1221 1331 1254 1390 et
1271 1321 1351 1392 resti

137 1447 294 1537 gravitas
326 1467 454 1516 summa
488 1456 520 1515 et
549 1445 708 1516 naturalis
738 1446 904 1539 quaedam
939 1446 1045 1516 inerat
1081 1445 1349 1517 auctoritas

137 1571 257 1640 Huius
285 1581 319 1640 et
342 1571 507 1640 orationes
532 1581 607 1639 sunt
638 1579 671 1638 et
703 1578 768 1639 tres
798 1569 839 1640 ad
870 1572 909 1640 L.
934 1569 1103 1660 Fufidium
1134 1569 1211 1639 libri
1237 1567 1350 1661 scripti

137 1694 184 1763 de
221 1695 291 1764 vita
323 1693 425 1787 ipsius
459 1705 531 1764 acta
565 1716 644 1763 sane
678 1693 785 1774 utiles,
824 1717 905 1786 quos
937 1716 1035 1763 nemo
1066 1694 1239 1784 legit
1275 1695 1349 1784 Ipse

138 1817 249 1888 ctiam
274 1817 424 1887 Fufidius
454 1817 489 1886 in
521 1817 633 1909 aliquo
657 1826 873 1908 patronorum
898 1838 1038 1886 numero
1063 1816 1134 1886 init.
1185 1815 1288 1886 Oicaro
1312 1818 1349 1885 iu

137 1942 249 2011 Bruto
264 1939 326 2012 29.
368 1943 417 2012 Ne
438 1952 516 2010 turm
533 1939 668 2032 quidem
690 1962 803 2010 omnes
821 1950 989 2011 senatores
1013 1937 1163 2027 [anulos]
1190 1938 1347 2020 habuere,

137 2073 259 2156 utpote
293 2085 369 2134 cum
399 2062 559 2133 memoria
589 2083 726 2133 avorum
762 2062 858 2133 multi
887 2075 1041 2156 praetura
1076 2085 1210 2156 quoquo
1245 2063 1348 2132 tuuoti

138 2187 176 2256 in
205 2188 316 2257 ferreo
341 2189 582 2270 consenuerint,
609 2187 695 2259 sicut
810 2189 905 2258 multi
932 2183 1090 2278 [tradunt]
1117 2192 1156 2260 L.
1178 2188 1346 2259 Fufidium

139 2308 256 2391 illum,
281 2310 324 2380 ad
340 2333 440 2404 quem
457 2313 599 2381 Soanms
623 2309 665 2380 de
689 2309 758 2380 vita
781 2331 842 2382 sua
866 2311 1006 2404 scripsit.
1048 2313 1173 2381 Plinius
1189 2328 1255 2383 oat.
1273 2315 1345 2382 hist.

139 2432 203 2518 33,
223 2435 255 2518 1,
275 2435 335 2506 21.
377 2439 423 2508 Μ.
449 2437 612 2508 Aemilius
637 2439 682 2508 Μ.
710 2436 732 2506 1.
758 2437 797 2507 L.
823 2459 857 2506 n.
884 2439 1027 2507 Scaurus
1053 2437 1128 2509 Cos.
1155 2437 1196 2506 de
1223 2435 1346 2506 Galleis

138 2559 298 2630 Karneis.
349 2563 438 2630 Fasti
467 2563 671 2654 triumphales
700 2563 743 2630 ad
771 2584 803 2630 a.
834 2557 918 2632 639.
968 2561 1081 2630 Censor
1105 2563 1169 2650 fuit
1197 2584 1229 2631 a.
1260 2556 1345 2630 645.

139 2686 239 2753 Auso
259 2688 370 2755 ostatis
384 2685 507 2754 LXXII
530 2697 691 2755 accusatus
716 2699 759 2754 cst
783 2708 804 2754 a
830 2685 869 2768 Ο.
892 2685 986 2754 Vario
1011 2707 1041 2754 o.
1065 2681 1150 2766 664,
1176 2686 1233 2775 cfr.
1248 2684 1346 2752 Asco-

138 2811 219 2879 nius
234 2811 280 2879 ad
296 2809 359 2878 Gir.
379 2832 438 2902 pro
454 2809 573 2879 Scauro
595 2831 629 2901 p.
652 2806 700 2879 22
721 2809 817 2878 Orsll.
860 2808 1014 2901 Plerique
1038 2830 1132 2878 suam
1158 2807 1220 2899 Ipsi
1245 2807 1345 2876 vitam

139 2952 282 3001 narrare
311 2931 468 3002 fiduciam
501 2931 607 3023 potius
640 2952 771 3001 morum
805 2953 906 3024 quam
940 2931 1162 3023 arrogantiam
1195 2929 1346 3000 arbitrati

138 3066 231 3139 sunt,
271 3078 333 3126 nec
366 3055 401 3126 id
425 3055 550 3126 Rutilio
584 3065 616 3124 et
642 3055 765 3126 Scauro
797 3055 880 3124 citra
908 3054 1008 3124 fidem
1034 3064 1091 3125 aut
1114 3053 1345 3125 obtrectationi

139 3179 214 3250 init.
265 3179 390 3250 Tacitus
413 3181 565 3271 Agricola
592 3178 624 3261 1,
654 3178 685 3249 1.
786 3181 820 3248 2.
850 3180 896 3249 Μ.
927 3179 1070 3251 Scaums
1101 3178 1343 3271 quantulama

138 3315 235 3396 patre
261 3303 477 3373 hereditatem
509 3303 687 3396 acceperit,
726 3302 761 3372 in
792 3301 901 3395 primo
931 3302 1017 3372 libro
1051 3324 1167 3372 eorum
1192 3326 1276 3394 quos
1301 3301 1344 3372 dc

139 3429 206 3497 vita
232 3449 294 3497 sna
319 3428 459 3520 scripsit,
484 3427 596 3497 refert.
640 3426 697 3497 Ait
721 3427 811 3496 enim
836 3426 900 3496 sihi
926 3427 1041 3496 desem
1067 3427 1138 3496 sola
1161 3426 1342 3519 mancipia,

139 3561 314 3645 totumque
352 3573 488 3621 censum
520 3551 668 3644 quinque
700 3560 799 3643 atque
836 3550 971 3642 triginta
1003 3550 1135 3621 milium
1171 3535 1344 3621 nummum

136 3677 305 3748 relictum.
352 3676 492 3746 Valerius
513 3676 603 3745 Ilua.
622 3671 656 3754 4,
674 3671 709 3756 4,
731 3673 788 3744 11.
888 3673 922 3744 3.
950 3676 1092 3745 Scaurus
1117 3674 1159 3745 de
1183 3675 1248 3744 vita
1265 3696 1341 3744 sua:

136 3785 181 3871 ‘in
209 3822 330 3892 agrum
348 3799 500 3870 hostium
526 3799 613 3882 veni,
639 3799 766 3892 pilatim
792 3799 974 3869 exercitum
995 3793 1098 3880 duxi,’
1122 3799 1222 3868 idest
1246 3799 1342 3868 stric-

137 3927 197 3996 tim
225 3936 259 3995 et
283 3927 395 3998 dense.
437 3928 566 3998 Seruius
592 3930 635 3998 ael
672 3928 758 4019 Verp.
790 3928 866 3998 ,uu
896 3925 954 4010 12,
991 3926 1072 3999 121.
1180 3927 1213 3996 lt.
1249 3926 1340 4006 Sino,

136 4052 203 4122 sini
232 4103 302 4121 ...
329 4052 470 4123 Scaurus
503 4052 544 4122 de
572 4053 639 4122 vita
671 4074 730 4121 sua
762 4053 828 4121 III:
865 4052 1029 4145 proelium
1063 4075 1130 4122 non
1162 4051 1225 4122 sini
1255 4050 1339 4120 fieri.

135 4163 308 4245 momulus
325 4175 347 4244 I
360 4199 393 4268 p.
414 4173 483 4246 371
512 4177 549 4244 Ρ.
650 4175 684 4244 5.
711 4175 821 4246 Fictus
849 4184 881 4243 et
905 4174 1003 4245 fixus.
1048 4175 1190 4246 Scaurus
1215 4175 1341 4244 devita

135 4323 197 4370 sua
215 4299 360 4392 sagittis,
378 4300 497 4392 inquit,
516 4300 687 4370 confictus.
713 4298 1037 4394 Diomedeslp.373
1050 4302 1087 4370 P.
1175 4302 1209 4370 6.
1237 4300 1341 4368 Scau-

134 4447 193 4495 rus
219 4424 262 4493 de
287 4424 354 4494 vita
379 4447 439 4494 soa
468 4424 565 4494 tertio
590 4433 758 4517 poteratur
787 4424 886 4494 etiam
919 4424 1005 4493 siout
1035 4423 1178 4516 possitur
1203 4422 1339 4492 dictitat.

134 4547 307 4616 Diomedes
331 4547 405 4640 Ip.
428 4545 498 4619 381
525 4549 560 4617 P.
661 4551 695 4617 7.
722 4549 864 4618 Scaurus
889 4547 947 4617 lih.
966 4547 1031 4616 111:
1065 4545 1277 4638 vectigalium
1304 4567 1339 4614 se

135 4670 246 4738 minus
272 4671 403 4741 frustm.
443 4671 608 4742 Charisius
637 4670 667 4753 1,
695 4669 753 4753 21,
780 4668 864 4741 230.
967 4669 1000 4739 8.
1027 4669 1180 4740 Universi
1205 4691 1338 4762 quoque
