<?xml version="1.0" encoding="UTF-8"?>
<!DOCTYPE html PUBLIC "-//W3C//DTD XHTML 1.0 Transitional//EN"
    "http://www.w3.org/TR/xhtml1/DTD/xhtml1-transitional.dtd">
<html xmlns="http://www.w3.org/1999/xhtml" xml:lang="en" lang="en">
 <head>
  <title>
</title>
<meta http-equiv="Content-Type" content="text/html;charset=utf-8" />
  <meta name='ocr-system' content='tesseract 3.04.00' />
  <meta name='ocr-capabilities' content='ocr_page ocr_carea ocr_par ocr_line ocrx_word'/>
</head>
<body>
  <div class='ocr_page' id='page_1' title='image "./gaisalustiicris00rothgoog_0031.png"; bbox 0 0 3610 5592; ppageno 0'>
   <div class='ocr_carea' id='block_1_1' title="bbox 1061 689 1142 736">
    <p class='ocr_par' dir='ltr' id='par_1_1' title="bbox 1061 689 1142 736">
     <span class='ocr_line' id='line_1_1' title="bbox 1061 689 1142 736; baseline -0.012 -1"><span class='ocrx_word' id='word_1_1' title='bbox 1061 689 1142 736; x_wconf 68' lang='grc' dir='ltr'><strong>ΠΝ</strong></span> 
     </span>
    </p>
   </div>
   <div class='ocr_carea' id='block_1_2' title="bbox 497 863 1705 4775">
    <p class='ocr_par' dir='ltr' id='par_1_2' title="bbox 497 863 1705 4560">
     <span class='ocr_line' id='line_1_2' title="bbox 499 863 1697 942; baseline -0.002 -17"><span class='ocrx_word' id='word_1_2' title='bbox 499 867 593 926; x_wconf 88' lang='lat' dir='ltr'><strong>etiam</strong></span> <span class='ocrx_word' id='word_1_3' title='bbox 614 865 745 942; x_wconf 87' lang='lat' dir='ltr'><strong>partium</strong></span> <span class='ocrx_word' id='word_1_4' title='bbox 767 864 871 923; x_wconf 89' lang='lat' dir='ltr'><strong>studio</strong></span> <span class='ocrx_word' id='word_1_5' title='bbox 886 865 1055 940; x_wconf 88' lang='lat' dir='ltr'><strong>permotum</strong></span> <span class='ocrx_word' id='word_1_6' title='bbox 1078 863 1138 922; x_wconf 84' lang='lat' dir='ltr'><strong>hoc</strong></span> <span class='ocrx_word' id='word_1_7' title='bbox 1157 880 1234 939; x_wconf 89' lang='lat' dir='ltr'><strong>opus</strong></span> <span class='ocrx_word' id='word_1_8' title='bbox 1248 879 1428 940; x_wconf 82' lang='lat' dir='ltr'><strong>aggressum</strong></span> <span class='ocrx_word' id='word_1_9' title='bbox 1442 879 1522 939; x_wconf 90' lang='lat' dir='ltr'><strong>esse,</strong></span> <span class='ocrx_word' id='word_1_10' title='bbox 1544 879 1604 924; x_wconf 93' lang='lat' dir='ltr'><strong>nen</strong></span> <span class='ocrx_word' id='word_1_11' title='bbox 1621 865 1697 940; x_wconf 92' lang='lat' dir='ltr'><strong>quod</strong></span> 
     </span>
     <span class='ocr_line' id='line_1_3' title="bbox 499 968 1695 1049; baseline -0.002 -19"><span class='ocrx_word' id='word_1_12' title='bbox 499 973 687 1049; x_wconf 91' lang='lat' dir='ltr'><strong>voluptatem</strong></span> <span class='ocrx_word' id='word_1_13' title='bbox 709 970 858 1044; x_wconf 87' lang='lat' dir='ltr'><strong>quandam</strong></span> <span class='ocrx_word' id='word_1_14' title='bbox 880 987 919 1028; x_wconf 88' lang='lat' dir='ltr'><strong>ex</strong></span> <span class='ocrx_word' id='word_1_15' title='bbox 940 969 1051 1028; x_wconf 90' lang='lat' dir='ltr'><strong>alienis</strong></span> <span class='ocrx_word' id='word_1_16' title='bbox 1073 968 1161 1028; x_wconf 89' lang='lat' dir='ltr'><strong>malis</strong></span> <span class='ocrx_word' id='word_1_17' title='bbox 1178 970 1304 1045; x_wconf 84' lang='lat' dir='ltr'><strong>ceperit,</strong></span> <span class='ocrx_word' id='word_1_18' title='bbox 1328 969 1382 1028; x_wconf 91' lang='lat' dir='ltr'><strong>sed</strong></span> <span class='ocrx_word' id='word_1_19' title='bbox 1403 969 1480 1028; x_wconf 89' lang='lat' dir='ltr'><strong>iuvit</strong></span> <span class='ocrx_word' id='word_1_20' title='bbox 1503 988 1571 1030; x_wconf 91' lang='lat' dir='ltr'><strong>eum</strong></span> <span class='ocrx_word' id='word_1_21' title='bbox 1593 979 1695 1030; x_wconf 89' lang='lat' dir='ltr'><strong>osten-</strong></span> 
     </span>
     <span class='ocr_line' id='line_1_4' title="bbox 500 1076 1697 1154; baseline -0.002 -16"><span class='ocrx_word' id='word_1_22' title='bbox 500 1079 582 1153; x_wconf 91' lang='lat' dir='ltr'><strong>dere,</strong></span> <span class='ocrx_word' id='word_1_23' title='bbox 609 1076 752 1137; x_wconf 86' lang='lat' dir='ltr'><strong>nobilium</strong></span> <span class='ocrx_word' id='word_1_24' title='bbox 781 1077 974 1154; x_wconf 88' lang='lat' dir='ltr'><strong>potissimum</strong></span> <span class='ocrx_word' id='word_1_25' title='bbox 994 1077 1200 1153; x_wconf 89' lang='lat' dir='ltr'><strong>perversitate</strong></span> <span class='ocrx_word' id='word_1_26' title='bbox 1228 1093 1293 1134; x_wconf 89' lang='lat' dir='ltr'><strong>rem</strong></span> <span class='ocrx_word' id='word_1_27' title='bbox 1322 1076 1475 1152; x_wconf 80' lang='lat' dir='ltr'><strong>publicam</strong></span> <span class='ocrx_word' id='word_1_28' title='bbox 1498 1079 1590 1136; x_wconf 92' lang='lat' dir='ltr'><strong>tantis</strong></span> <span class='ocrx_word' id='word_1_29' title='bbox 1613 1080 1697 1136; x_wconf 91' lang='lat' dir='ltr'><strong>malis</strong></span> 
     </span>
     <span class='ocr_line' id='line_1_5' title="bbox 499 1181 1699 1261; baseline -0.002 -17"><span class='ocrx_word' id='word_1_30' title='bbox 499 1201 572 1244; x_wconf 85' lang='lat' dir='ltr'><strong>csse</strong></span> <span class='ocrx_word' id='word_1_31' title='bbox 593 1201 780 1261; x_wconf 81' lang='lat' dir='ltr'><strong>oppressam.</strong></span> <span class='ocrx_word' id='word_1_32' title='bbox 810 1181 877 1240; x_wconf 91' lang='lat' dir='ltr'><strong>Non</strong></span> <span class='ocrx_word' id='word_1_33' title='bbox 893 1181 987 1258; x_wconf 91' lang='lat' dir='ltr'><strong>igitur</strong></span> <span class='ocrx_word' id='word_1_34' title='bbox 1001 1182 1164 1240; x_wconf 89' lang='lat' dir='ltr'><strong>veritatem</strong></span> <span class='ocrx_word' id='word_1_35' title='bbox 1180 1181 1305 1256; x_wconf 81' lang='lat' dir='ltr'><strong>intexit,</strong></span> <span class='ocrx_word' id='word_1_36' title='bbox 1327 1183 1382 1241; x_wconf 92' lang='lat' dir='ltr'><strong>sed</strong></span> <span class='ocrx_word' id='word_1_37' title='bbox 1399 1201 1464 1258; x_wconf 89' lang='lat' dir='ltr'><strong>quae</strong></span> <span class='ocrx_word' id='word_1_38' title='bbox 1480 1184 1592 1242; x_wconf 87' lang='lat' dir='ltr'><strong>acerba</strong></span> <span class='ocrx_word' id='word_1_39' title='bbox 1613 1193 1699 1243; x_wconf 88' lang='lat' dir='ltr'><strong>erant</strong></span> 
     </span>
     <span class='ocr_line' id='line_1_6' title="bbox 499 1289 1697 1368; baseline -0.002 -18"><span class='ocrx_word' id='word_1_40' title='bbox 499 1291 611 1366; x_wconf 89' lang='lat' dir='ltr'><strong>auditu,</strong></span> <span class='ocrx_word' id='word_1_41' title='bbox 633 1290 725 1349; x_wconf 90' lang='lat' dir='ltr'><strong>nullis</strong></span> <span class='ocrx_word' id='word_1_42' title='bbox 740 1289 903 1348; x_wconf 76' lang='lat' dir='ltr'><strong>veniturum</strong></span> <span class='ocrx_word' id='word_1_43' title='bbox 925 1289 1087 1347; x_wconf 79' lang='lat' dir='ltr'><strong>lenociniis</strong></span> <span class='ocrx_word' id='word_1_44' title='bbox 1109 1289 1269 1365; x_wconf 86' lang='lat' dir='ltr'><strong>mitigavit.</strong></span> <span class='ocrx_word' id='word_1_45' title='bbox 1302 1289 1384 1348; x_wconf 84' lang='lat' dir='ltr'><strong>Fieri</strong></span> <span class='ocrx_word' id='word_1_46' title='bbox 1406 1289 1499 1366; x_wconf 87' lang='lat' dir='ltr'><strong>igitur</strong></span> <span class='ocrx_word' id='word_1_47' title='bbox 1514 1308 1573 1349; x_wconf 95' lang='lat' dir='ltr'><strong>non</strong></span> <span class='ocrx_word' id='word_1_48' title='bbox 1589 1294 1697 1368; x_wconf 91' lang='lat' dir='ltr'><strong>potuit,</strong></span> 
     </span>
     <span class='ocr_line' id='line_1_7' title="bbox 499 1395 1697 1473; baseline -0.002 -17"><span class='ocrx_word' id='word_1_49' title='bbox 499 1397 571 1473; x_wconf 92' lang='lat' dir='ltr'><strong>quin</strong></span> <span class='ocrx_word' id='word_1_50' title='bbox 596 1401 628 1456; x_wconf 89' lang='lat' dir='ltr'><strong>et</strong></span> <span class='ocrx_word' id='word_1_51' title='bbox 648 1396 868 1456; x_wconf 87' lang='lat' dir='ltr'><strong>sententiarum</strong></span> <span class='ocrx_word' id='word_1_52' title='bbox 889 1395 1027 1472; x_wconf 85' lang='lat' dir='ltr'><strong>gravitas</strong></span> <span class='ocrx_word' id='word_1_53' title='bbox 1049 1401 1081 1454; x_wconf 91' lang='lat' dir='ltr'><strong>et</strong></span> <span class='ocrx_word' id='word_1_54' title='bbox 1101 1396 1150 1452; x_wconf 90' lang='lat' dir='ltr'><strong>vis</strong></span> <span class='ocrx_word' id='word_1_55' title='bbox 1172 1395 1320 1454; x_wconf 83' lang='lat' dir='ltr'><strong>orationis</strong></span> <span class='ocrx_word' id='word_1_56' title='bbox 1337 1396 1497 1470; x_wconf 75' lang='lat' dir='ltr'><strong>aequalium</strong></span> <span class='ocrx_word' id='word_1_57' title='bbox 1513 1397 1629 1456; x_wconf 88' lang='lat' dir='ltr'><strong>animos</strong></span> <span class='ocrx_word' id='word_1_58' title='bbox 1644 1415 1697 1455; x_wconf 86' lang='lat' dir='ltr'><strong>va-</strong></span> 
     </span>
     <span class='ocr_line' id='line_1_8' title="bbox 498 1499 1699 1578; baseline -0.001 -15"><span class='ocrx_word' id='word_1_59' title='bbox 498 1503 546 1563; x_wconf 93' lang='lat' dir='ltr'><strong>rio</strong></span> <span class='ocrx_word' id='word_1_60' title='bbox 568 1503 658 1562; x_wconf 91' lang='lat' dir='ltr'><strong>modo</strong></span> <span class='ocrx_word' id='word_1_61' title='bbox 680 1503 869 1561; x_wconf 89' lang='lat' dir='ltr'><strong>vulneraret.</strong></span> <span class='ocrx_word' id='word_1_62' title='bbox 911 1499 951 1560; x_wconf 86' lang='lat' dir='ltr'><strong>Et</strong></span> <span class='ocrx_word' id='word_1_63' title='bbox 978 1505 1065 1560; x_wconf 90' lang='lat' dir='ltr'><strong>recte</strong></span> <span class='ocrx_word' id='word_1_64' title='bbox 1090 1499 1213 1574; x_wconf 88' lang='lat' dir='ltr'><strong>quidem</strong></span> <span class='ocrx_word' id='word_1_65' title='bbox 1238 1501 1275 1558; x_wconf 87' lang='lat' dir='ltr'><strong>A.</strong></span> <span class='ocrx_word' id='word_1_66' title='bbox 1302 1500 1421 1560; x_wconf 80' lang='lat' dir='ltr'><strong>Gellius</strong></span> <span class='ocrx_word' id='word_1_67' title='bbox 1447 1519 1488 1560; x_wconf 81' lang='lat' dir='ltr'><strong>nv.</strong></span> <span class='ocrx_word' id='word_1_68' title='bbox 1517 1507 1563 1562; x_wconf 83' lang='lat'><strong>15.</strong></span> <span class='ocrx_word' id='word_1_69' title='bbox 1609 1503 1699 1578; x_wconf 82' lang='lat' dir='ltr'><strong>,lile-</strong></span> 
     </span>
     <span class='ocr_line' id='line_1_9' title="bbox 497 1607 1699 1686; baseline -0.001 -17"><span class='ocrx_word' id='word_1_70' title='bbox 497 1610 603 1686; x_wconf 86' lang='lat' dir='ltr'><strong>gantia</strong></span> <span class='ocrx_word' id='word_1_71' title='bbox 624 1609 772 1668; x_wconf 88' lang='lat' dir='ltr'><strong>orationis</strong></span> <span class='ocrx_word' id='word_1_72' title='bbox 795 1607 920 1667; x_wconf 78' lang='lat' dir='ltr'><strong>Salustii</strong></span> <span class='ocrx_word' id='word_1_73' title='bbox 943 1607 1169 1682; x_wconf 88' lang='lat' dir='ltr'><strong>verborumque</strong></span> <span class='ocrx_word' id='word_1_74' title='bbox 1191 1607 1333 1667; x_wconf 81' lang='lat' dir='ltr'><strong>facundia</strong></span> <span class='ocrx_word' id='word_1_75' title='bbox 1363 1612 1394 1668; x_wconf 89' lang='lat' dir='ltr'><strong>et</strong></span> <span class='ocrx_word' id='word_1_76' title='bbox 1415 1609 1547 1668; x_wconf 90' lang='lat' dir='ltr'><strong>novandi</strong></span> <span class='ocrx_word' id='word_1_77' title='bbox 1570 1611 1699 1670; x_wconf 89' lang='lat' dir='ltr'><strong>studium</strong></span> 
     </span>
     <span class='ocr_line' id='line_1_10' title="bbox 499 1711 1698 1792; baseline -0.002 -16"><span class='ocrx_word' id='word_1_78' title='bbox 499 1734 565 1776; x_wconf 90' lang='lat' dir='ltr'><strong>eum</strong></span> <span class='ocrx_word' id='word_1_79' title='bbox 595 1715 689 1776; x_wconf 87' lang='lat' dir='ltr'><strong>multa</strong></span> <span class='ocrx_word' id='word_1_80' title='bbox 726 1730 854 1791; x_wconf 89' lang='lat' dir='ltr'><strong>prorsus</strong></span> <span class='ocrx_word' id='word_1_81' title='bbox 885 1712 1000 1773; x_wconf 89' lang='lat' dir='ltr'><strong>invidia</strong></span> <span class='ocrx_word' id='word_1_82' title='bbox 1030 1711 1101 1786; x_wconf 76' lang='lat' dir='ltr'><strong>fuit3</strong></span> <span class='ocrx_word' id='word_1_83' title='bbox 1136 1712 1284 1788; x_wconf 88' lang='lat' dir='ltr'><strong>multique</strong></span> <span class='ocrx_word' id='word_1_84' title='bbox 1313 1729 1372 1772; x_wconf 93' lang='lat' dir='ltr'><strong>non</strong></span> <span class='ocrx_word' id='word_1_85' title='bbox 1400 1716 1547 1774; x_wconf 91' lang='lat' dir='ltr'><strong>mediocri</strong></span> <span class='ocrx_word' id='word_1_86' title='bbox 1578 1717 1698 1792; x_wconf 89' lang='lat' dir='ltr'><strong>ingenio</strong></span> 
     </span>
     <span class='ocr_line' id='line_1_11' title="bbox 500 1818 1700 1898; baseline 0 -18"><span class='ocrx_word' id='word_1_87' title='bbox 500 1823 560 1881; x_wconf 85' lang='lat' dir='ltr'><strong>viri</strong></span> <span class='ocrx_word' id='word_1_88' title='bbox 583 1823 684 1881; x_wconf 90' lang='lat' dir='ltr'><strong>conati</strong></span> <span class='ocrx_word' id='word_1_89' title='bbox 700 1823 771 1880; x_wconf 92' lang='lat' dir='ltr'><strong>sunt</strong></span> <span class='ocrx_word' id='word_1_90' title='bbox 784 1819 1013 1896; x_wconf 87' lang='lat' dir='ltr'><strong>reprehendere</strong></span> <span class='ocrx_word' id='word_1_91' title='bbox 1027 1818 1175 1896; x_wconf 89' lang='lat' dir='ltr'><strong>pleraque</strong></span> <span class='ocrx_word' id='word_1_92' title='bbox 1189 1821 1220 1879; x_wconf 86' lang='lat' dir='ltr'><strong>et</strong></span> <span class='ocrx_word' id='word_1_93' title='bbox 1234 1819 1419 1890; x_wconf 79' lang='lat' dir='ltr'>obtrectare,</span> <span class='ocrx_word' id='word_1_94' title='bbox 1445 1821 1473 1879; x_wconf 93' lang='lat' dir='ltr'><strong>in</strong></span> <span class='ocrx_word' id='word_1_95' title='bbox 1489 1820 1599 1896; x_wconf 91' lang='lat' dir='ltr'><strong>quibus</strong></span> <span class='ocrx_word' id='word_1_96' title='bbox 1613 1822 1700 1898; x_wconf 87' lang='lat' dir='ltr'><strong>plura</strong></span> 
     </span>
     <span class='ocr_line' id='line_1_12' title="bbox 498 1925 1699 2004; baseline -0.002 -15"><span class='ocrx_word' id='word_1_97' title='bbox 498 1931 608 1990; x_wconf 87' lang='lat' dir='ltr'><strong>inscite</strong></span> <span class='ocrx_word' id='word_1_98' title='bbox 630 1934 682 1988; x_wconf 91' lang='lat' dir='ltr'><strong>aut</strong></span> <span class='ocrx_word' id='word_1_99' title='bbox 700 1927 830 2003; x_wconf 87' lang='lat' dir='ltr'><strong>maligne</strong></span> <span class='ocrx_word' id='word_1_100' title='bbox 851 1925 1006 1998; x_wconf 88' lang='lat' dir='ltr'><strong>vellicant,</strong></span> <span class='ocrx_word' id='word_1_101' title='bbox 1028 1926 1170 1985; x_wconf 87' lang='lat' dir='ltr'><strong>nonnulla</strong></span> <span class='ocrx_word' id='word_1_102' title='bbox 1192 1930 1292 1985; x_wconf 88' lang='lat' dir='ltr'><strong>tamen</strong></span> <span class='ocrx_word' id='word_1_103' title='bbox 1314 1926 1411 1985; x_wconf 91' lang='lat' dir='ltr'><strong>videri</strong></span> <span class='ocrx_word' id='word_1_104' title='bbox 1427 1933 1557 2004; x_wconf 86' lang='lat' dir='ltr'><strong>possunt</strong></span> <span class='ocrx_word' id='word_1_105' title='bbox 1571 1946 1629 1987; x_wconf 91' lang='lat' dir='ltr'><strong>non</strong></span> <span class='ocrx_word' id='word_1_106' title='bbox 1654 1929 1699 1986; x_wconf 89' lang='lat' dir='ltr'><strong>in-</strong></span> 
     </span>
     <span class='ocr_line' id='line_1_13' title="bbox 499 2027 1699 2114; baseline -0.001 -19"><span class='ocrx_word' id='word_1_107' title='bbox 499 2037 590 2114; x_wconf 87' lang='lat' dir='ltr'><strong>digna</strong></span> <span class='ocrx_word' id='word_1_108' title='bbox 617 2027 884 2112; x_wconf 78' lang='lat' dir='ltr'><strong>reprehensione.“</strong></span> <span class='ocrx_word' id='word_1_109' title='bbox 930 2032 994 2101; x_wconf 80' lang='lat' dir='ltr'><strong>Quo</strong></span> <span class='ocrx_word' id='word_1_110' title='bbox 1017 2051 1054 2091; x_wconf 88' lang='lat' dir='ltr'><strong>ex</strong></span> <span class='ocrx_word' id='word_1_111' title='bbox 1076 2050 1189 2110; x_wconf 89' lang='lat' dir='ltr'><strong>genere</strong></span> <span class='ocrx_word' id='word_1_112' title='bbox 1212 2051 1282 2092; x_wconf 90' lang='lat' dir='ltr'><strong>esse</strong></span> <span class='ocrx_word' id='word_1_113' title='bbox 1302 2035 1484 2110; x_wconf 79' lang='lat' dir='ltr'><strong>putaverim,</strong></span> <span class='ocrx_word' id='word_1_114' title='bbox 1516 2035 1601 2109; x_wconf 92' lang='lat' dir='ltr'><strong>quod</strong></span> <span class='ocrx_word' id='word_1_115' title='bbox 1630 2035 1699 2094; x_wconf 82' lang='lat' dir='ltr'><strong>iue-</strong></span> 
     </span>
     <span class='ocr_line' id='line_1_14' title="bbox 500 2140 1701 2218; baseline -0.002 -15"><span class='ocrx_word' id='word_1_116' title='bbox 500 2147 578 2218; x_wconf 94' lang='lat' dir='ltr'><strong>runt,</strong></span> <span class='ocrx_word' id='word_1_117' title='bbox 600 2144 651 2217; x_wconf 93' lang='lat' dir='ltr'><strong>qui</strong></span> <span class='ocrx_word' id='word_1_118' title='bbox 666 2141 832 2200; x_wconf 82' lang='lat' dir='ltr'><strong>Salustium</strong></span> <span class='ocrx_word' id='word_1_119' title='bbox 854 2141 1073 2216; x_wconf 82' lang='lat' dir='ltr'><strong>vituperarent,</strong></span> <span class='ocrx_word' id='word_1_120' title='bbox 1096 2140 1175 2215; x_wconf 92' lang='lat' dir='ltr'><strong>quod</strong></span> <span class='ocrx_word' id='word_1_121' title='bbox 1198 2142 1290 2198; x_wconf 88' lang='lat' dir='ltr'><strong>maris</strong></span> <span class='ocrx_word' id='word_1_122' title='bbox 1312 2141 1471 2200; x_wconf 85' lang='lat' dir='ltr'><strong>transitum</strong></span> <span class='ocrx_word' id='word_1_123' title='bbox 1489 2142 1617 2200; x_wconf 87' lang='lat' dir='ltr'><strong>navibus</strong></span> <span class='ocrx_word' id='word_1_124' title='bbox 1634 2141 1701 2200; x_wconf 87' lang='lat' dir='ltr'><strong>lae-</strong></span> 
     </span>
     <span class='ocr_line' id='line_1_15' title="bbox 502 2247 1701 2324; baseline -0.002 -16"><span class='ocrx_word' id='word_1_125' title='bbox 502 2252 564 2308; x_wconf 90' lang='lat' dir='ltr'><strong>tum</strong></span> <span class='ocrx_word' id='word_1_126' title='bbox 592 2255 808 2324; x_wconf 72' lang='lat' dir='ltr'><strong>transgressum</strong></span> <span class='ocrx_word' id='word_1_127' title='bbox 834 2247 1042 2320; x_wconf 90' lang='lat' dir='ltr'><strong>traiectosque</strong></span> <span class='ocrx_word' id='word_1_128' title='bbox 1068 2253 1269 2321; x_wconf 80' lang='lat' dir='ltr'><strong>troaapreaaos</strong></span> <span class='ocrx_word' id='word_1_129' title='bbox 1291 2247 1405 2305; x_wconf 89' lang='lat' dir='ltr'><strong>dixerit</strong></span> <span class='ocrx_word' id='word_1_130' title='bbox 1434 2247 1488 2306; x_wconf 88' lang='lat' dir='ltr'><strong>clr.</strong></span> <span class='ocrx_word' id='word_1_131' title='bbox 1511 2247 1588 2306; x_wconf 87' lang='lat' dir='ltr'><strong>Gell.</strong></span> <span class='ocrx_word' id='word_1_132' title='bbox 1609 2248 1642 2306; x_wconf 89' lang='lat' dir='ltr'><strong>N.</strong></span> <span class='ocrx_word' id='word_1_133' title='bbox 1665 2249 1701 2306; x_wconf 88' lang='lat' dir='ltr'><strong>A.</strong></span> 
     </span>
     <span class='ocr_line' id='line_1_16' title="bbox 499 2352 1701 2429; baseline -0.002 -14"><span class='ocrx_word' id='word_1_134' title='bbox 499 2373 530 2414; x_wconf 88' lang='lat' dir='ltr'><strong>x.</strong></span> <span class='ocrx_word' id='word_1_135' title='bbox 553 2357 600 2415; x_wconf 79' lang='lat'><strong>26.</strong></span> <span class='ocrx_word' id='word_1_136' title='bbox 624 2355 843 2414; x_wconf 88' lang='lat' dir='ltr'><strong>clr.idem1v.</strong></span> <span class='ocrx_word' id='word_1_137' title='bbox 869 2356 913 2410; x_wconf 85' lang='grc'><strong>15.</strong></span> <span class='ocrx_word' id='word_1_138' title='bbox 935 2352 987 2411; x_wconf 91' lang='lat' dir='ltr'><strong>ubi</strong></span> <span class='ocrx_word' id='word_1_139' title='bbox 1008 2352 1047 2412; x_wconf 91' lang='lat' dir='ltr'><strong>de</strong></span> <span class='ocrx_word' id='word_1_140' title='bbox 1070 2353 1294 2429; x_wconf 89' lang='lat' dir='ltr'><strong>significatione</strong></span> <span class='ocrx_word' id='word_1_141' title='bbox 1321 2353 1463 2412; x_wconf 88' lang='lat' dir='ltr'><strong>vocabuli</strong></span> <span class='ocrx_word' id='word_1_142' title='bbox 1489 2355 1599 2413; x_wconf 82' lang='lat' dir='ltr'><strong>arduos</strong></span> <span class='ocrx_word' id='word_1_143' title='bbox 1625 2356 1701 2413; x_wconf 89' lang='lat' dir='ltr'><strong>sub-</strong></span> 
     </span>
     <span class='ocr_line' id='line_1_17' title="bbox 498 2460 1699 2538; baseline -0.001 -18"><span class='ocrx_word' id='word_1_144' title='bbox 498 2462 583 2521; x_wconf 92' lang='lat' dir='ltr'><strong>tilius</strong></span> <span class='ocrx_word' id='word_1_145' title='bbox 605 2461 740 2538; x_wconf 89' lang='lat' dir='ltr'><strong>disputat</strong></span> <span class='ocrx_word' id='word_1_146' title='bbox 761 2460 987 2537; x_wconf 88' lang='lat' dir='ltr'><strong>Salustiumque</strong></span> <span class='ocrx_word' id='word_1_147' title='bbox 1009 2460 1048 2518; x_wconf 90' lang='lat' dir='ltr'><strong>ab</strong></span> <span class='ocrx_word' id='word_1_148' title='bbox 1070 2460 1171 2534; x_wconf 90' lang='lat' dir='ltr'><strong>iniqua</strong></span> <span class='ocrx_word' id='word_1_149' title='bbox 1194 2461 1406 2536; x_wconf 89' lang='lat' dir='ltr'><strong>obiurgatione</strong></span> <span class='ocrx_word' id='word_1_150' title='bbox 1430 2462 1527 2520; x_wconf 79' lang='lat' dir='ltr'><strong>Asinii</strong></span> <span class='ocrx_word' id='word_1_151' title='bbox 1547 2460 1699 2519; x_wconf 92' lang='lat' dir='ltr'><strong>Pollionis</strong></span> 
     </span>
     <span class='ocr_line' id='line_1_18' title="bbox 498 2565 1699 2645; baseline -0.001 -17"><span class='ocrx_word' id='word_1_152' title='bbox 498 2569 645 2629; x_wconf 84' lang='lat' dir='ltr'><strong>defendit.</strong></span> <span class='ocrx_word' id='word_1_153' title='bbox 687 2567 717 2626; x_wconf 88' lang='lat' dir='ltr'><strong>ls</strong></span> <span class='ocrx_word' id='word_1_154' title='bbox 746 2568 824 2627; x_wconf 88' lang='lat' dir='ltr'><strong>enirn</strong></span> <span class='ocrx_word' id='word_1_155' title='bbox 852 2567 932 2626; x_wconf 92' lang='lat' dir='ltr'><strong>libro</strong></span> <span class='ocrx_word' id='word_1_156' title='bbox 961 2566 1092 2642; x_wconf 88' lang='lat' dir='ltr'><strong>quodam</strong></span> <span class='ocrx_word' id='word_1_157' title='bbox 1119 2565 1174 2636; x_wconf 89' lang='lat' dir='ltr'><strong>(ab</strong></span> <span class='ocrx_word' id='word_1_158' title='bbox 1202 2567 1281 2625; x_wconf 82' lang='lat' dir='ltr'><strong>Aule</strong></span> <span class='ocrx_word' id='word_1_159' title='bbox 1310 2567 1410 2626; x_wconf 86' lang='lat' dir='ltr'><strong>Gellio</strong></span> <span class='ocrx_word' id='word_1_160' title='bbox 1438 2587 1466 2625; x_wconf 90' lang='lat' dir='ltr'><strong>x.</strong></span> <span class='ocrx_word' id='word_1_161' title='bbox 1493 2569 1540 2627; x_wconf 77' lang='grc'><strong>26.</strong></span> <span class='ocrx_word' id='word_1_162' title='bbox 1563 2568 1699 2645; x_wconf 87' lang='lat' dir='ltr'><strong>epistola</strong></span> 
     </span>
     <span class='ocr_line' id='line_1_19' title="bbox 498 2673 1703 2754; baseline -0.002 -20"><span class='ocrx_word' id='word_1_163' title='bbox 498 2677 537 2734; x_wconf 93' lang='lat' dir='ltr'><strong>ad</strong></span> <span class='ocrx_word' id='word_1_164' title='bbox 558 2675 702 2735; x_wconf 82' lang='lat' dir='ltr'><strong>Plancum</strong></span> <span class='ocrx_word' id='word_1_165' title='bbox 724 2676 839 2754; x_wconf 87' lang='lat' dir='ltr'><strong>scripta</strong></span> <span class='ocrx_word' id='word_1_166' title='bbox 864 2673 1141 2750; x_wconf 58' lang='lat' dir='ltr'><strong>commemoratur)</strong></span> <span class='ocrx_word' id='word_1_167' title='bbox 1163 2673 1289 2734; x_wconf 90' lang='lat' dir='ltr'><strong>Salustii</strong></span> <span class='ocrx_word' id='word_1_168' title='bbox 1315 2674 1429 2750; x_wconf 88' lang='lat' dir='ltr'><strong>scripta</strong></span> <span class='ocrx_word' id='word_1_169' title='bbox 1457 2673 1703 2750; x_wconf 85' lang='lat' dir='ltr'><strong>reprehenderat</strong></span> 
     </span>
     <span class='ocr_line' id='line_1_20' title="bbox 499 2779 1702 2859; baseline 0 -19"><span class='ocrx_word' id='word_1_170' title='bbox 499 2785 533 2840; x_wconf 92' lang='lat' dir='ltr'><strong>ut</strong></span> <span class='ocrx_word' id='word_1_171' title='bbox 562 2782 651 2841; x_wconf 89' lang='lat' dir='ltr'><strong>nimia</strong></span> <span class='ocrx_word' id='word_1_172' title='bbox 682 2783 852 2859; x_wconf 90' lang='lat' dir='ltr'><strong>priscorum</strong></span> <span class='ocrx_word' id='word_1_173' title='bbox 874 2782 1039 2841; x_wconf 88' lang='lat' dir='ltr'><strong>verberum</strong></span> <span class='ocrx_word' id='word_1_174' title='bbox 1067 2781 1263 2840; x_wconf 84' lang='lat' dir='ltr'><strong>affectatione</strong></span> <span class='ocrx_word' id='word_1_175' title='bbox 1290 2779 1394 2839; x_wconf 93' lang='lat' dir='ltr'><strong>oblita.</strong></span> <span class='ocrx_word' id='word_1_176' title='bbox 1440 2779 1527 2847; x_wconf 83' lang='lat' dir='ltr'><strong>Quod</strong></span> <span class='ocrx_word' id='word_1_177' title='bbox 1554 2799 1613 2856; x_wconf 94' lang='lat' dir='ltr'><strong>quo</strong></span> <span class='ocrx_word' id='word_1_178' title='bbox 1635 2783 1702 2841; x_wconf 91' lang='lat' dir='ltr'><strong>iure</strong></span> 
     </span>
     <span class='ocr_line' id='line_1_21' title="bbox 500 2887 1704 2964; baseline 0.002 -18"><span class='ocrx_word' id='word_1_179' title='bbox 500 2889 554 2948; x_wconf 90' lang='lat' dir='ltr'><strong>ille</strong></span> <span class='ocrx_word' id='word_1_180' title='bbox 582 2888 700 2962; x_wconf 82' lang='lat' dir='ltr'><strong>iecerit,</strong></span> <span class='ocrx_word' id='word_1_181' title='bbox 727 2903 815 2962; x_wconf 90' lang='lat' dir='ltr'><strong>quem</strong></span> <span class='ocrx_word' id='word_1_182' title='bbox 843 2893 950 2946; x_wconf 89' lang='lat' dir='ltr'><strong>auctor</strong></span> <span class='ocrx_word' id='word_1_183' title='bbox 972 2887 1088 2964; x_wconf 85' lang='lat' dir='ltr'><strong>dialogi</strong></span> <span class='ocrx_word' id='word_1_184' title='bbox 1110 2890 1167 2946; x_wconf 92' lang='lat' dir='ltr'><strong>etc.</strong></span> <span class='ocrx_word' id='word_1_185' title='bbox 1190 2904 1214 2946; x_wconf 93' lang='lat' dir='ltr'><strong>e.</strong></span> <span class='ocrx_word' id='word_1_186' title='bbox 1238 2889 1285 2946; x_wconf 78' lang='lat' dir='ltr'><strong>3t.</strong></span> <span class='ocrx_word' id='word_1_187' title='bbox 1307 2887 1368 2946; x_wconf 89' lang='lat' dir='ltr'><strong>sibi</strong></span> <span class='ocrx_word' id='word_1_188' title='bbox 1388 2887 1469 2948; x_wconf 91' lang='lat' dir='ltr'><strong>inter</strong></span> <span class='ocrx_word' id='word_1_189' title='bbox 1490 2889 1649 2948; x_wconf 90' lang='lat' dir='ltr'><strong>llenenios</strong></span> <span class='ocrx_word' id='word_1_190' title='bbox 1672 2899 1704 2948; x_wconf 93' lang='lat' dir='ltr'><strong>et</strong></span> 
     </span>
     <span class='ocr_line' id='line_1_22' title="bbox 500 2993 1703 3071; baseline 0 -18"><span class='ocrx_word' id='word_1_191' title='bbox 500 2995 619 3071; x_wconf 83' lang='lat' dir='ltr'><strong>Appios</strong></span> <span class='ocrx_word' id='word_1_192' title='bbox 640 2994 741 3052; x_wconf 89' lang='lat' dir='ltr'><strong>videri</strong></span> <span class='ocrx_word' id='word_1_193' title='bbox 764 2994 918 3052; x_wconf 88' lang='lat' dir='ltr'><strong>studuisse</strong></span> <span class='ocrx_word' id='word_1_194' title='bbox 940 2995 1023 3068; x_wconf 92' lang='lat' dir='ltr'><strong>dicit,</strong></span> <span class='ocrx_word' id='word_1_195' title='bbox 1046 2995 1132 3052; x_wconf 92' lang='lat' dir='ltr'><strong>euius</strong></span> <span class='ocrx_word' id='word_1_196' title='bbox 1154 2993 1343 3052; x_wconf 78' lang='lat' dir='ltr'><strong>salebrosum</strong></span> <span class='ocrx_word' id='word_1_197' title='bbox 1366 3001 1397 3053; x_wconf 91' lang='lat' dir='ltr'><strong>et</strong></span> <span class='ocrx_word' id='word_1_198' title='bbox 1419 2995 1596 3054; x_wconf 86' lang='lat' dir='ltr'><strong>exilientcm</strong></span> <span class='ocrx_word' id='word_1_199' title='bbox 1615 3012 1703 3055; x_wconf 90' lang='lat' dir='ltr'><strong>com·</strong></span> 
     </span>
     <span class='ocr_line' id='line_1_23' title="bbox 498 3100 1703 3178; baseline 0 -19"><span class='ocrx_word' id='word_1_200' title='bbox 498 3101 682 3177; x_wconf 83' lang='lat' dir='ltr'><strong>positionem</strong></span> <span class='ocrx_word' id='word_1_201' title='bbox 699 3103 742 3175; x_wconf 92' lang='lat' dir='ltr'><strong>et,</strong></span> <span class='ocrx_word' id='word_1_202' title='bbox 765 3100 815 3158; x_wconf 90' lang='lat' dir='ltr'><strong>ubi</strong></span> <span class='ocrx_word' id='word_1_203' title='bbox 831 3101 953 3159; x_wconf 89' lang='lat' dir='ltr'><strong>minime</strong></span> <span class='ocrx_word' id='word_1_204' title='bbox 970 3106 1143 3176; x_wconf 89' lang='lat' dir='ltr'><strong>exspectes,</strong></span> <span class='ocrx_word' id='word_1_205' title='bbox 1157 3100 1331 3160; x_wconf 88' lang='lat' dir='ltr'><strong>relicturam</strong></span> <span class='ocrx_word' id='word_1_206' title='bbox 1348 3101 1464 3160; x_wconf 88' lang='lat' dir='ltr'><strong>Seneca</strong></span> <span class='ocrx_word' id='word_1_207' title='bbox 1478 3101 1553 3178; x_wconf 86' lang='lat' dir='ltr'><strong>Epp.</strong></span> <span class='ocrx_word' id='word_1_208' title='bbox 1574 3104 1629 3161; x_wconf 85' lang='lat' dir='ltr'><strong>tou</strong></span> <span class='ocrx_word' id='word_1_209' title='bbox 1644 3119 1703 3160; x_wconf 94' lang='lat' dir='ltr'><strong>no-</strong></span> 
     </span>
     <span class='ocr_line' id='line_1_24' title="bbox 498 3206 1702 3285; baseline 0 -19"><span class='ocrx_word' id='word_1_210' title='bbox 498 3207 590 3279; x_wconf 88' lang='lat' dir='ltr'><strong>tavit;</strong></span> <span class='ocrx_word' id='word_1_211' title='bbox 622 3223 709 3280; x_wconf 89' lang='lat' dir='ltr'><strong>quern</strong></span> <span class='ocrx_word' id='word_1_212' title='bbox 737 3206 815 3265; x_wconf 89' lang='lat' dir='ltr'><strong>adeo</strong></span> <span class='ocrx_word' id='word_1_213' title='bbox 845 3206 950 3265; x_wconf 90' lang='lat' dir='ltr'><strong>durum</strong></span> <span class='ocrx_word' id='word_1_214' title='bbox 978 3211 1009 3264; x_wconf 91' lang='lat' dir='ltr'><strong>et</strong></span> <span class='ocrx_word' id='word_1_215' title='bbox 1037 3207 1148 3266; x_wconf 76' lang='lat' dir='ltr'><strong>siccum</strong></span> <span class='ocrx_word' id='word_1_216' title='bbox 1178 3206 1274 3266; x_wconf 85' lang='lat' dir='ltr'><strong>luisse</strong></span> <span class='ocrx_word' id='word_1_217' title='bbox 1302 3207 1383 3266; x_wconf 90' lang='lat' dir='ltr'><strong>idem</strong></span> <span class='ocrx_word' id='word_1_218' title='bbox 1408 3213 1516 3268; x_wconf 90' lang='lat' dir='ltr'><strong>auctor</strong></span> <span class='ocrx_word' id='word_1_219' title='bbox 1538 3208 1654 3285; x_wconf 80' lang='lat' dir='ltr'><strong>dialogi</strong></span> <span class='ocrx_word' id='word_1_220' title='bbox 1678 3227 1702 3267; x_wconf 88' lang='lat' dir='ltr'><strong>c.</strong></span> 
     </span>
     <span class='ocr_line' id='line_1_25' title="bbox 500 3311 1701 3390; baseline 0.003 -20"><span class='ocrx_word' id='word_1_221' title='bbox 500 3317 535 3371; x_wconf 92' lang='grc'><strong>11</strong></span> <span class='ocrx_word' id='word_1_222' title='bbox 560 3311 698 3386; x_wconf 86' lang='lat' dir='ltr'><strong>affirmat,</strong></span> <span class='ocrx_word' id='word_1_223' title='bbox 722 3319 752 3370; x_wconf 89' lang='lat' dir='ltr'><strong>ut</strong></span> <span class='ocrx_word' id='word_1_224' title='bbox 774 3311 936 3370; x_wconf 88' lang='lat' dir='ltr'><strong>Pacuvium</strong></span> <span class='ocrx_word' id='word_1_225' title='bbox 959 3317 991 3370; x_wconf 93' lang='lat' dir='ltr'><strong>et</strong></span> <span class='ocrx_word' id='word_1_226' title='bbox 1006 3312 1122 3371; x_wconf 83' lang='lat' dir='ltr'><strong>Attium</strong></span> <span class='ocrx_word' id='word_1_227' title='bbox 1145 3329 1203 3371; x_wconf 92' lang='lat' dir='ltr'><strong>uon</strong></span> <span class='ocrx_word' id='word_1_228' title='bbox 1227 3312 1326 3372; x_wconf 90' lang='lat' dir='ltr'><strong>solum</strong></span> <span class='ocrx_word' id='word_1_229' title='bbox 1347 3315 1506 3390; x_wconf 81' lang='lat' dir='ltr'><strong>tragoediis</strong></span> <span class='ocrx_word' id='word_1_230' title='bbox 1528 3315 1701 3374; x_wconf 89' lang='lat' dir='ltr'><strong>sedetiam</strong></span> 
     </span>
     <span class='ocr_line' id='line_1_26' title="bbox 502 3417 1701 3496; baseline 0.002 -18"><span class='ocrx_word' id='word_1_231' title='bbox 502 3419 692 3478; x_wconf 86' lang='lat' dir='ltr'><strong>orationibus</strong></span> <span class='ocrx_word' id='word_1_232' title='bbox 715 3419 778 3476; x_wconf 88' lang='lat' dir='ltr'><strong>suis</strong></span> <span class='ocrx_word' id='word_1_233' title='bbox 801 3417 1000 3494; x_wconf 84' lang='lat' dir='ltr'><strong>expresserit,</strong></span> <span class='ocrx_word' id='word_1_234' title='bbox 1023 3419 1052 3477; x_wconf 93' lang='lat' dir='ltr'><strong>in</strong></span> <span class='ocrx_word' id='word_1_235' title='bbox 1074 3418 1174 3479; x_wconf 92' lang='lat' dir='ltr'><strong>medio</strong></span> <span class='ocrx_word' id='word_1_236' title='bbox 1197 3419 1377 3496; x_wconf 86' lang='lat' dir='ltr'><strong>relinquam,</strong></span> <span class='ocrx_word' id='word_1_237' title='bbox 1400 3422 1455 3479; x_wconf 89' lang='lat' dir='ltr'><strong>sed</strong></span> <span class='ocrx_word' id='word_1_238' title='bbox 1476 3421 1616 3480; x_wconf 88' lang='lat' dir='ltr'><strong>strictum</strong></span> <span class='ocrx_word' id='word_1_239' title='bbox 1632 3423 1701 3480; x_wconf 89' lang='lat' dir='ltr'><strong>eius</strong></span> 
     </span>
     <span class='ocr_line' id='line_1_27' title="bbox 500 3513 1705 3604; baseline 0.002 -20"><span class='ocrx_word' id='word_1_240' title='bbox 500 3533 533 3584; x_wconf 88' lang='lat' dir='ltr'><strong>ct</strong></span> <span class='ocrx_word' id='word_1_241' title='bbox 556 3541 697 3602; x_wconf 87' lang='lat' dir='ltr'><strong>asperum</strong></span> <span class='ocrx_word' id='word_1_242' title='bbox 720 3530 753 3583; x_wconf 88' lang='lat' dir='ltr'><strong>et</strong></span> <span class='ocrx_word' id='word_1_243' title='bbox 777 3525 867 3583; x_wconf 90' lang='lat' dir='ltr'><strong>nimis</strong></span> <span class='ocrx_word' id='word_1_244' title='bbox 881 3513 989 3584; x_wconf 74' lang='lat' dir='ltr'><strong>&#39;ratum</strong></span> <span class='ocrx_word' id='word_1_245' title='bbox 1012 3525 1040 3583; x_wconf 93' lang='lat' dir='ltr'><strong>in</strong></span> <span class='ocrx_word' id='word_1_246' title='bbox 1063 3524 1194 3584; x_wconf 90' lang='lat' dir='ltr'><strong>dicendo</strong></span> <span class='ocrx_word' id='word_1_247' title='bbox 1217 3525 1359 3584; x_wconf 91' lang='lat' dir='ltr'><strong>iudicium</strong></span> <span class='ocrx_word' id='word_1_248' title='bbox 1375 3527 1467 3585; x_wconf 90' lang='lat' dir='ltr'><strong>etiarn</strong></span> <span class='ocrx_word' id='word_1_249' title='bbox 1482 3525 1599 3586; x_wconf 89' lang='lat' dir='ltr'><strong>Seneca</strong></span> <span class='ocrx_word' id='word_1_250' title='bbox 1613 3531 1705 3604; x_wconf 89' lang='lat' dir='ltr'><strong>pater</strong></span> 
     </span>
     <span class='ocr_line' id='line_1_28' title="bbox 498 3630 1703 3708; baseline 0.004 -19"><span class='ocrx_word' id='word_1_251' title='bbox 498 3630 623 3690; x_wconf 79' lang='lat' dir='ltr'><strong>Praelat.</strong></span> <span class='ocrx_word' id='word_1_252' title='bbox 641 3631 785 3708; x_wconf 84' lang='lat' dir='ltr'><strong>Excerpt.</strong></span> <span class='ocrx_word' id='word_1_253' title='bbox 805 3630 949 3690; x_wconf 86' lang='lat' dir='ltr'><strong>Controv.</strong></span> <span class='ocrx_word' id='word_1_254' title='bbox 963 3650 1002 3690; x_wconf 84' lang='lat' dir='ltr'><strong>av.</strong></span> <span class='ocrx_word' id='word_1_255' title='bbox 1019 3631 1117 3691; x_wconf 87' lang='lat' dir='ltr'><strong>luisse</strong></span> <span class='ocrx_word' id='word_1_256' title='bbox 1131 3633 1247 3692; x_wconf 87' lang='lat' dir='ltr'><strong>statuit.</strong></span> <span class='ocrx_word' id='word_1_257' title='bbox 1282 3630 1387 3707; x_wconf 89' lang='lat' dir='ltr'><strong>Neque</strong></span> <span class='ocrx_word' id='word_1_258' title='bbox 1402 3633 1564 3693; x_wconf 89' lang='lat' dir='ltr'><strong>abhorruit</strong></span> <span class='ocrx_word' id='word_1_259' title='bbox 1578 3636 1616 3693; x_wconf 88' lang='lat' dir='ltr'><strong>ab</strong></span> <span class='ocrx_word' id='word_1_260' title='bbox 1636 3635 1703 3694; x_wconf 89' lang='lat' dir='ltr'><strong>eius</strong></span> 
     </span>
     <span class='ocr_line' id='line_1_29' title="bbox 497 3711 1705 3818; baseline 0.003 -22"><span class='ocrx_word' id='word_1_261' title='bbox 497 3738 611 3797; x_wconf 90' lang='lat' dir='ltr'><strong>iudicio</strong></span> <span class='ocrx_word' id='word_1_262' title='bbox 635 3711 827 3814; x_wconf 72' lang='lat' dir='ltr'><strong>Octavianus,</strong></span> <span class='ocrx_word' id='word_1_263' title='bbox 850 3738 901 3812; x_wconf 89' lang='lat' dir='ltr'><strong>qui</strong></span> <span class='ocrx_word' id='word_1_264' title='bbox 922 3737 1084 3798; x_wconf 89' lang='lat' dir='ltr'><strong>cacozelos</strong></span> <span class='ocrx_word' id='word_1_265' title='bbox 1107 3741 1139 3796; x_wconf 90' lang='lat' dir='ltr'><strong>et</strong></span> <span class='ocrx_word' id='word_1_266' title='bbox 1159 3738 1359 3814; x_wconf 89' lang='lat' dir='ltr'><strong>antiquarios,</strong></span> <span class='ocrx_word' id='word_1_267' title='bbox 1387 3743 1419 3808; x_wconf 90' lang='lat' dir='ltr'><strong>ut</strong></span> <span class='ocrx_word' id='word_1_268' title='bbox 1439 3741 1566 3800; x_wconf 89' lang='lat' dir='ltr'><strong>diverso</strong></span> <span class='ocrx_word' id='word_1_269' title='bbox 1587 3759 1705 3818; x_wconf 89' lang='lat' dir='ltr'><strong>genere</strong></span> 
     </span>
     <span class='ocr_line' id='line_1_30' title="bbox 501 3844 1704 3921; baseline 0.003 -19"><span class='ocrx_word' id='word_1_270' title='bbox 501 3845 643 3918; x_wconf 87' lang='lat' dir='ltr'><strong>vitiosos,</strong></span> <span class='ocrx_word' id='word_1_271' title='bbox 666 3845 733 3921; x_wconf 90' lang='lat' dir='ltr'><strong>pari</strong></span> <span class='ocrx_word' id='word_1_272' title='bbox 756 3844 881 3904; x_wconf 82' lang='lat' dir='ltr'><strong>fastidio</strong></span> <span class='ocrx_word' id='word_1_273' title='bbox 903 3845 1030 3921; x_wconf 89' lang='lat' dir='ltr'><strong>sprevit,</strong></span> <span class='ocrx_word' id='word_1_274' title='bbox 1052 3849 1084 3903; x_wconf 91' lang='lat' dir='ltr'><strong>et</strong></span> <span class='ocrx_word' id='word_1_275' title='bbox 1105 3844 1202 3903; x_wconf 90' lang='lat' dir='ltr'><strong>verba</strong></span> <span class='ocrx_word' id='word_1_276' title='bbox 1224 3845 1355 3919; x_wconf 89' lang='lat' dir='ltr'><strong>antiqua,</strong></span> <span class='ocrx_word' id='word_1_277' title='bbox 1385 3863 1451 3921; x_wconf 78' lang='lat' dir='ltr'><strong>quae</strong></span> <span class='ocrx_word' id='word_1_278' title='bbox 1476 3846 1641 3906; x_wconf 90' lang='lat' dir='ltr'><strong>Salustium</strong></span> <span class='ocrx_word' id='word_1_279' title='bbox 1664 3865 1704 3906; x_wconf 89' lang='lat' dir='ltr'><strong>ex</strong></span> 
     </span>
     <span class='ocr_line' id='line_1_31' title="bbox 501 3949 1704 4030; baseline 0.005 -22"><span class='ocrx_word' id='word_1_280' title='bbox 501 3950 677 4027; x_wconf 87' lang='lat' dir='ltr'><strong>Originibus</strong></span> <span class='ocrx_word' id='word_1_281' title='bbox 707 3949 831 4009; x_wconf 84' lang='lat' dir='ltr'><strong>Catonis</strong></span> <span class='ocrx_word' id='word_1_282' title='bbox 858 3951 1053 4026; x_wconf 86' lang='lat' dir='ltr'><strong>excerpsisse</strong></span> <span class='ocrx_word' id='word_1_283' title='bbox 1082 3950 1285 4026; x_wconf 84' lang='lat' dir='ltr'><strong>insimulabat,</strong></span> <span class='ocrx_word' id='word_1_284' title='bbox 1320 3951 1554 4030; x_wconf 88' lang='lat' dir='ltr'><strong>diligentissime</strong></span> <span class='ocrx_word' id='word_1_285' title='bbox 1582 3954 1704 4014; x_wconf 82' lang='lat' dir='ltr'><strong>vitavit.</strong></span> 
     </span>
     <span class='ocr_line' id='line_1_32' title="bbox 498 4055 1704 4132; baseline 0.002 -16"><span class='ocrx_word' id='word_1_286' title='bbox 498 4056 622 4116; x_wconf 88' lang='lat' dir='ltr'><strong>Sueten.</strong></span> <span class='ocrx_word' id='word_1_287' title='bbox 639 4057 714 4132; x_wconf 85' lang='lat' dir='ltr'><strong>Aug.</strong></span> <span class='ocrx_word' id='word_1_288' title='bbox 737 4057 783 4116; x_wconf 85' lang='grc'><strong>86.</strong></span> <span class='ocrx_word' id='word_1_289' title='bbox 814 4055 1009 4131; x_wconf 87' lang='lat' dir='ltr'><strong>Eandemque</strong></span> <span class='ocrx_word' id='word_1_290' title='bbox 1031 4057 1135 4116; x_wconf 90' lang='lat' dir='ltr'><strong>iudicii</strong></span> <span class='ocrx_word' id='word_1_291' title='bbox 1165 4074 1299 4117; x_wconf 83' lang='lat' dir='ltr'><strong>normann</strong></span> <span class='ocrx_word' id='word_1_292' title='bbox 1315 4062 1437 4117; x_wconf 90' lang='lat' dir='ltr'><strong>secutus</strong></span> <span class='ocrx_word' id='word_1_293' title='bbox 1457 4062 1506 4118; x_wconf 89' lang='lat' dir='ltr'><strong>est</strong></span> <span class='ocrx_word' id='word_1_294' title='bbox 1520 4061 1637 4120; x_wconf 86' lang='lat' dir='ltr'><strong>Auctor</strong></span> <span class='ocrx_word' id='word_1_295' title='bbox 1651 4061 1704 4118; x_wconf 92' lang='lat' dir='ltr'><strong>in-</strong></span> 
     </span>
     <span class='ocr_line' id='line_1_33' title="bbox 498 4163 1705 4241; baseline 0.002 -17"><span class='ocrx_word' id='word_1_296' title='bbox 498 4171 603 4225; x_wconf 86' lang='lat' dir='ltr'><strong>certus</strong></span> <span class='ocrx_word' id='word_1_297' title='bbox 625 4163 861 4240; x_wconf 80' lang='lat' dir='ltr'><strong>epigrammatis,</strong></span> <span class='ocrx_word' id='word_1_298' title='bbox 884 4179 944 4237; x_wconf 94' lang='lat' dir='ltr'><strong>quo</strong></span> <span class='ocrx_word' id='word_1_299' title='bbox 964 4163 1168 4222; x_wconf 86' lang='lat' dir='ltr'><strong>Salustianum</strong></span> <span class='ocrx_word' id='word_1_300' title='bbox 1192 4181 1288 4241; x_wconf 90' lang='lat' dir='ltr'><strong>genus</strong></span> <span class='ocrx_word' id='word_1_301' title='bbox 1302 4164 1424 4224; x_wconf 93' lang='lat' dir='ltr'><strong>dicendi</strong></span> <span class='ocrx_word' id='word_1_302' title='bbox 1444 4170 1579 4225; x_wconf 91' lang='lat' dir='ltr'><strong>notatum</strong></span> <span class='ocrx_word' id='word_1_303' title='bbox 1604 4165 1705 4226; x_wconf 84' lang='lat' dir='ltr'><strong>fuisse</strong></span> 
     </span>
     <span class='ocr_line' id='line_1_34' title="bbox 499 4269 1280 4338; baseline -0.005 -6"><span class='ocrx_word' id='word_1_304' title='bbox 499 4273 588 4332; x_wconf 88' lang='lat' dir='ltr'><strong>testis</strong></span> <span class='ocrx_word' id='word_1_305' title='bbox 611 4277 660 4331; x_wconf 88' lang='lat' dir='ltr'><strong>est</strong></span> <span class='ocrx_word' id='word_1_306' title='bbox 682 4270 884 4338; x_wconf 74' lang='lat' dir='ltr'><strong>Quintilianus</strong></span> <span class='ocrx_word' id='word_1_307' title='bbox 906 4269 1004 4330; x_wconf 89' lang='lat' dir='ltr'><strong>lustit.</strong></span> <span class='ocrx_word' id='word_1_308' title='bbox 1027 4270 1147 4331; x_wconf 85' lang='lat' dir='ltr'><strong>Orator.</strong></span> <span class='ocrx_word' id='word_1_309' title='bbox 1171 4289 1232 4330; x_wconf 88' lang='lat' dir='ltr'><strong>vur.</strong></span> <span class='ocrx_word' id='word_1_310' title='bbox 1254 4274 1280 4330; x_wconf 88' lang='lat'><strong>3.</strong></span> 
     </span>
     <span class='ocr_line' id='line_1_35' title="bbox 680 4377 1348 4454; baseline 0.003 -18"><span class='ocrx_word' id='word_1_311' title='bbox 680 4377 718 4436; x_wconf 81' lang='lat' dir='ltr'><strong>Et</strong></span> <span class='ocrx_word' id='word_1_312' title='bbox 738 4377 825 4436; x_wconf 82' lang='lat' dir='ltr'><strong>nerto</strong></span> <span class='ocrx_word' id='word_1_313' title='bbox 846 4381 955 4454; x_wconf 82' lang='lat' dir='ltr'><strong>antiqui</strong></span> <span class='ocrx_word' id='word_1_314' title='bbox 975 4377 1090 4437; x_wconf 76' lang='lat' dir='ltr'><strong>mudum</strong></span> <span class='ocrx_word' id='word_1_315' title='bbox 1108 4378 1210 4454; x_wconf 69' lang='lat' dir='ltr'><strong>(nume</strong></span> <span class='ocrx_word' id='word_1_316' title='bbox 1231 4380 1348 4438; x_wconf 79' lang='lat' dir='ltr'><strong>Catonia</strong></span> 
     </span>
     <span class='ocr_line' id='line_1_36' title="bbox 682 4485 1280 4560; baseline -0.002 -16"><span class='ocrx_word' id='word_1_317' title='bbox 682 4486 784 4559; x_wconf 75' lang='lat' dir='ltr'><strong>Crispe</strong></span> <span class='ocrx_word' id='word_1_318' title='bbox 805 4485 980 4560; x_wconf 73' lang='lat' dir='ltr'><strong>lupertiane</strong></span> <span class='ocrx_word' id='word_1_319' title='bbox 1000 4485 1131 4544; x_wconf 85' lang='lat' dir='ltr'><strong>conditor</strong></span> <span class='ocrx_word' id='word_1_320' title='bbox 1144 4486 1280 4546; x_wconf 75' lang='lat' dir='ltr'><strong>historie.</strong></span> 
     </span>
    </p>

    <p class='ocr_par' dir='ltr' id='par_1_3' title="bbox 498 4588 1705 4775">
     <span class='ocr_line' id='line_1_37' title="bbox 498 4588 1705 4670; baseline 0.001 -20"><span class='ocrx_word' id='word_1_321' title='bbox 498 4591 530 4650; x_wconf 92' lang='lat' dir='ltr'><strong>id</strong></span> <span class='ocrx_word' id='word_1_322' title='bbox 561 4591 643 4665; x_wconf 90' lang='lat' dir='ltr'><strong>quod</strong></span> <span class='ocrx_word' id='word_1_323' title='bbox 674 4591 804 4665; x_wconf 84' lang='lat' dir='ltr'><strong>luerunt,</strong></span> <span class='ocrx_word' id='word_1_324' title='bbox 839 4591 889 4666; x_wconf 91' lang='lat' dir='ltr'><strong>qui</strong></span> <span class='ocrx_word' id='word_1_325' title='bbox 920 4588 1040 4664; x_wconf 80' lang='lat' dir='ltr'><strong>Lenaeo,</strong></span> <span class='ocrx_word' id='word_1_326' title='bbox 1070 4589 1207 4670; x_wconf 86' lang='lat' dir='ltr'><strong>Pompeii</strong></span> <span class='ocrx_word' id='word_1_327' title='bbox 1238 4593 1339 4670; x_wconf 86' lang='lat' dir='ltr'><strong>Magni</strong></span> <span class='ocrx_word' id='word_1_328' title='bbox 1368 4593 1495 4669; x_wconf 88' lang='lat' dir='ltr'><strong>liberto,</strong></span> <span class='ocrx_word' id='word_1_329' title='bbox 1529 4594 1579 4669; x_wconf 95' lang='lat' dir='ltr'><strong>qui</strong></span> <span class='ocrx_word' id='word_1_330' title='bbox 1609 4593 1705 4652; x_wconf 89' lang='lat' dir='ltr'><strong>Salu-</strong></span> 
     </span>
     <span class='ocr_line' id='line_1_38' title="bbox 499 4696 1705 4775; baseline 0.002 -20"><span class='ocrx_word' id='word_1_331' title='bbox 499 4696 603 4768; x_wconf 80' lang='lat' dir='ltr'><strong>stium,</strong></span> <span class='ocrx_word' id='word_1_332' title='bbox 644 4699 676 4754; x_wconf 90' lang='lat' dir='ltr'><strong>ut</strong></span> <span class='ocrx_word' id='word_1_333' title='bbox 712 4713 803 4774; x_wconf 86' lang='lat' dir='ltr'><strong>supra</strong></span> <span class='ocrx_word' id='word_1_334' title='bbox 838 4701 1033 4755; x_wconf 89' lang='lat' dir='ltr'><strong>memoratum</strong></span> <span class='ocrx_word' id='word_1_335' title='bbox 1071 4706 1133 4770; x_wconf 90' lang='lat' dir='ltr'><strong>est,</strong></span> <span class='ocrx_word' id='word_1_336' title='bbox 1173 4698 1235 4757; x_wconf 86' lang='lat' dir='ltr'><strong>vita</strong></span> <span class='ocrx_word' id='word_1_337' title='bbox 1275 4699 1459 4775; x_wconf 89' lang='lat' dir='ltr'><strong>scriptisque</strong></span> <span class='ocrx_word' id='word_1_338' title='bbox 1498 4704 1705 4759; x_wconf 90' lang='lat' dir='ltr'><strong>monstrosum</strong></span> 
     </span>
    </p>
   </div>
   <div class='ocr_carea' id='block_1_3' title="bbox 0 0 1810 5592">
    <p class='ocr_par' dir='ltr' id='par_1_4' title="bbox 0 0 1810 5592">
     <span class='ocr_line' id='line_1_39' title="bbox 0 0 1810 5592; baseline 0 1"><span class='ocrx_word' id='word_1_339' title='bbox 0 0 1810 5592; x_wconf 95' lang='lat' dir='ltr'><strong> </strong></span> 
     </span>
    </p>
   </div>
  </div>
 </body>
</html>
