3610 5592
734 631 818 678 ΧΧΙΧ

171 813 356 867 hectutorcs
385 811 418 868 et
445 808 622 869 lapidatores
649 808 785 882 haberet,
806 807 872 866 haeo
902 822 955 866 res
982 807 1050 882 ipsa
1073 807 1194 881 ingenia
1217 805 1370 870 hominum

171 915 262 988 acuit,
283 917 317 974 ut
338 915 377 972 de
399 914 529 990 singulis
550 914 736 975 dictionibus
757 911 899 972 subtilius
921 912 1126 985 dissererent;
1148 914 1180 970 ct
1199 911 1371 974 hudatura

171 1018 271 1080 Gellio
293 1019 472 1080 venditator
492 1020 675 1080 Salustianae
696 1019 855 1094 orationis,
882 1018 932 1093 qui
953 1035 1012 1078 non
1033 1019 1159 1094 primam
1179 1021 1292 1078 tantam
1315 1035 1369 1078 on-

172 1131 231 1185 tem
251 1143 290 1185 ac
310 1127 528 1186 sententiarum
550 1126 684 1204 speciem
706 1125 761 1186 sed
788 1125 963 1201 sanguinem
986 1141 1106 1200 quoque
1126 1124 1225 1200 ipsum
1244 1141 1282 1186 ac
1303 1143 1369 1186 me·

169 1231 283 1292 dudam
303 1234 467 1294 verborum
489 1234 557 1294 eius
579 1250 613 1294 se
635 1249 744 1293 eruere
766 1235 856 1307 atque
877 1231 1081 1307 introspicere
1107 1231 1227 1308 penitus
1254 1231 1369 1309 praedi·

171 1333 281 1398 caret“
319 1339 354 1398 N.
375 1341 412 1400 Α.
434 1358 517 1399 xum.
540 1343 568 1400 1.
589 1342 616 1398 2.
657 1339 741 1399 ldem
769 1339 839 1398 aliis
866 1337 943 1398 locis
968 1337 1164 1396 doctissimos
1188 1338 1369 1414 grammati·

170 1461 223 1504 cos
244 1445 402 1504 Valerium
421 1445 551 1506 Probum
573 1451 605 1506 et
619 1444 829 1521 Apollinarem
841 1443 1009 1521 Sulpicium
1028 1442 1068 1502 de
1089 1442 1195 1502 vorbis
1210 1441 1364 1508 Salustiu-

170 1551 218 1610 nis
239 1550 434 1629 disputantes
454 1552 569 1612 inducit
589 1556 616 1611 1.
633 1555 678 1610 11.
704 1554 748 1612 18.
771 1570 855 1611 xvm.
879 1553 905 1610 t.

251 1657 320 1717 Etsi
343 1659 436 1736 igitur
456 1659 581 1719 Asinius
602 1657 702 1719 Pollio
729 1675 789 1718 non
815 1656 947 1735 epistola
971 1655 1061 1715 modo
1087 1655 1128 1714 ad
1147 1655 1291 1716 Plancum
1313 1657 1369 1716 sed

167 1765 260 1824 111111
279 1765 429 1841 peculiari
448 1765 538 1838 libro,
559 1768 592 1825 ut
612 1765 742 1839 videtur,
770 1762 896 1823 Salustii
915 1763 1030 1838 scripta
1051 1761 1304 1838 reprehenderat,
1336 1765 1370 1822 nt

167 1871 261 1930 nimia
277 1872 450 1948 priscorum
463 1871 626 1931 verborum
641 1871 836 1931 affectatione
851 1870 956 1944 oblita,
978 1869 1141 1928 Arruntius
1162 1875 1271 1944 tamen,
1292 1867 1369 1928 belli

168 1975 276 2036 Punici
297 1979 440 2054 scriptor,
469 1977 552 2038 illius
573 1978 744 2038 orationem
765 1979 808 2037 itu
828 1977 993 2036 admiratos
1014 1979 1071 2048 est,
1094 1981 1127 2034 ut
1147 1975 1369 2035 sententiarum

168 2095 348 2143 ornamenta
370 2093 401 2144 et
422 2084 687 2160 conformationes,
716 2100 783 2160 qum
809 2100 879 2143 rara
904 2084 985 2159 apud
1006 2081 1172 2142 Salustium
1195 2085 1270 2157 sunt,
1299 2085 1368 2141 stu-

171 2189 262 2248 diose
291 2194 444 2265 quereret
473 2195 505 2250 ct
528 2192 699 2268 sepissime
720 2195 887 2268 repeteret;
919 2190 998 2248 uode
1018 2204 1077 2247 non
1100 2187 1249 2247 immerito
1270 2205 1288 2248 a
1309 2187 1367 2248 Se-

166 2313 244 2355 neca
267 2295 460 2358 Salustiaous
480 2297 652 2375 appellatus
674 2303 729 2357 cst.
761 2295 835 2374 Epp.
858 2313 936 2354 oxrv.
977 2294 1083 2370 Neque
1110 2295 1205 2354 minus
1228 2293 1365 2354 Velleius

166 2405 349 2465 Patercolus
371 2402 535 2462 Salustium
562 2403 622 2462 sibi
650 2403 817 2464 imitatione
838 2401 1042 2478 effingendum
1064 2402 1199 2478 sumpsit,
1227 2403 1275 2461 cui
1295 2401 1367 2478 plu-

164 2513 274 2572 rimum
296 2510 380 2569 illum
400 2509 517 2568 debere
537 2513 622 2569 reete
635 2509 744 2570 statuit
760 2509 953 2569 Ruhnheuius
975 2506 1092 2585 praelat.
1114 2509 1171 2568 sub
1192 2507 1241 2568 lin.
1268 2507 1366 2568 Salu-

166 2619 283 2678 stiauus
305 2617 396 2676 etiam
416 2616 538 2676 Tacitus
560 2617 626 2675 iure
647 2615 771 2688 dicitur;
794 2616 851 2675 sed
872 2614 962 2690 quale
982 2613 1041 2673 luit
1062 2615 1169 2673 summi
1191 2614 1251 2672 viri
1272 2614 1363 2690 inge-

166 2725 258 2801 nium,
291 2741 353 2784 non
380 2723 409 2782 in
430 2722 536 2782 verbis
563 2723 654 2783 hesit
679 2724 735 2783 sed
760 2721 790 2782 in
820 2721 914 2782 totius
944 2719 1093 2780 orationis
1120 2719 1366 2780 conformatione

165 2833 227 2890 siun
259 2830 327 2891 stili
346 2829 513 2890 Salustiani
541 2830 701 2906 expressit
744 2828 806 2888 Sed
832 2828 928 2904 magis
957 2827 1048 2887 etiam
1074 2826 1174 2886 crevit
1198 2827 1360 2887 admiratio

166 2938 317 2999 orationis
337 2935 519 2997 Salustisnae
539 2939 630 2996 aetate
650 2935 805 3010 lladriani,
829 2935 880 3011 qui
900 2937 981 2995 teste
1003 2933 1162 3010 spartiano
1184 2950 1209 2992 c.
1236 2935 1279 2993 16.
1301 2951 1360 2994 ve-

167 3045 329 3104 tustissimi
350 3042 471 3102 dicendi
481 3042 605 3118 generis
626 3042 849 3102 amantissimus
867 3040 932 3118 luit,
952 3043 993 3102 ita
1015 3045 1046 3100 ut
1067 3040 1127 3116 ipsi
1141 3039 1276 3100 Salustio
1295 3038 1364 3099 Ca-

167 3151 239 3209 lium
271 3149 465 3227 Antipatrum
486 3146 670 3222 anteferrem
710 3163 770 3223 quo
792 3153 917 3207 auctore
937 3147 1062 3207 Salustii
1079 3145 1223 3206 llistoriae
1245 3151 1276 3207 ot
1291 3147 1363 3207 hel-

167 3257 226 3316 lum
256 3255 467 3316 Catilinarium
497 3259 589 3330 atque
612 3254 821 3331 Iugurthinum
849 3272 867 3313 a
895 3255 1032 3315 Zenobio
1062 3253 1210 3332 sophista,
1239 3253 1291 3328 qui
1321 3270 1359 3314 eo

166 3371 306 3440 tempore
326 3363 463 3423 scholam
485 3361 586 3421 some
607 3365 776 3438 aperuerat,
797 3379 837 3422 ex
855 3361 963 3422 Latino
985 3362 1016 3421 in
1032 3361 1166 3420 Grec-um
1187 3377 1361 3420 sermonem

166 3487 314 3530 conversa
329 3485 401 3528 esse
422 3472 571 3544 putantur.
586 3467 642 3528 cfr.
660 3467 770 3528 Suidas
790 3469 820 3528 T.
842 3487 872 3528 u.
888 3485 911 3527 s.
923 3486 953 3527 v.
981 3455 1138 3551 vadmoc
1159 3469 1194 3528 Z
1215 3455 1365 3552 ἔγραψεν

166 3565 370 3662 percuperem
392 3565 562 3658 ἑλληνικῶς
590 3573 655 3636 τῶν
684 3569 836 3654 ἱστοριῶν
862 3567 1070 3649 Σαλουστίου,
1102 3570 1163 3634 τοῦ
1186 3560 1365 3651 Ῥωμαϊκοῦ

165 3679 215 3744 καὶ
234 3682 300 3744 τῶν
319 3668 517 3760 καλουμένων
538 3668 641 3744 αὐτοῦ
660 3676 770 3754 βελῶν.
803 3680 831 3740 Α
853 3697 913 3756 quo
935 3680 1005 3740 inde
1026 3681 1262 3756 temporatanta
1283 3697 1360 3740 suc-

167 3789 276 3850 toritas
296 3789 387 3848 lihris
408 3787 588 3848 Salustianis
603 3789 742 3864 accessit,
764 3793 796 3846 ut
811 3789 891 3864 apud
913 3786 1132 3846 Grammaticos
1153 3791 1185 3846 et
1199 3785 1363 3846 Commen-

166 3901 291 3969 tatores,
313 3893 454 3970 Gellium,
475 3894 624 3970 Servium,
646 3893 803 3968 Donatum,
829 3893 957 3955 Nonium
977 3893 1163 3970 Marcellum,
1184 3891 1363 3969 charisium,

166 4003 354 4064 Priscianm
376 4002 625 4077 frequentissima
645 4002 686 4061 sit
707 4000 832 4061 Salustii
860 4000 1114 4061 commemoratio.
1156 3999 1222 4068 Quo
1244 4017 1283 4059 ex
1304 4016 1362 4075 ge-

167 4125 239 4170 nere
260 4109 315 4168 ills
336 4109 520 4169 locutionum
541 4108 688 4169 collectio
711 4113 767 4182 est,
791 4108 830 4167 ab
852 4107 1019 4167 Arrusiano
1041 4105 1143 4166 blusso
1166 4106 1224 4181 vel,
1246 4107 1363 4166 11111-

165 4217 234 4292 gclo
250 4217 333 4276 ldaio
354 4215 465 4293 placet,
487 4214 660 4275 acornclio
675 4214 831 4274 Frontone
852 4213 941 4290 laem,
964 4213 1014 4272 uhi
1029 4213 1199 4273 locutiones
1211 4215 1362 4286 umquam

166 4322 301 4400 exempla
317 4323 358 4382 ad
380 4322 556 4383 imitandum
571 4339 610 4382 ex
630 4321 857 4399 probatissimis
882 4319 1067 4393 auctoribus,
1089 4317 1246 4392 Cicerone,
1268 4317 1362 4376 salu-

165 4427 231 4502 stio,
259 4428 405 4506 Virgilio,
435 4429 577 4490 Terentio
606 4429 766 4507 proposita
787 4429 865 4488 sunt.
908 4425 969 4486 Sed
999 4431 1109 4503 postea
1135 4440 1255 4500 quoque
1278 4425 1358 4484 huuc

165 4543 317 4596 auctorem
339 4536 478 4596 amultis
498 4536 645 4596 litteratis
666 4535 839 4595 homiuibus
861 4538 894 4592 ct
914 4534 953 4592 ab
974 4533 1052 4610 ipsis
1066 4530 1248 4592 Christianis
1270 4535 1356 4590 trac-

165 4645 255 4702 tatum
277 4647 309 4702 et
331 4644 499 4702 lectitatum
521 4641 618 4702 luisse
640 4659 698 4702 non
720 4643 819 4702 solum
841 4641 1027 4717 Augustinus
1058 4637 1202 4712 ostendit,
1230 4637 1360 4697 sedulii
