3702 5600
7 4305 35 4396 b

507 833 558 888 tae
585 845 619 888 ro
741 847 798 907 per
821 832 924 907 gentis
952 835 983 891 et
1011 834 1106 892 minus
1134 835 1184 911 glo

513 953 531 995 e
553 941 616 996 tum
738 939 803 998 riae
824 939 909 998 avidi
930 940 1058 1016 imperio
1080 957 1182 1016 oompo

514 1042 617 1118 teupi
739 1043 839 1104 nenda
869 1043 935 1105 luit
964 1044 1120 1106 Praetereo
1152 1047 1182 1104 di

530 1147 610 1208 oritu
866 1166 1027 1210 versorum
1047 1151 1184 1212 ordinum

562 1331 611 1392 ΙΙΙ.
1076 1339 1127 1398 lV.

323 1462 360 1523 .is
381 1466 522 1526 saevitia.
564 1466 629 1536 Qua
649 1486 685 1528 re
706 1467 762 1530 lati
904 1488 983 1549 pauo

323 1573 393 1646 pota
421 1572 530 1649 plebes
559 1571 641 1634 forte
669 1593 764 1636 eousu
907 1578 988 1638 ulter

323 1676 365 1736 les
378 1680 468 1739 ambo
484 1679 517 1749 0.
531 1681 688 1742 Metellum
710 1683 758 1743 oui
901 1685 986 1760 eupit
1006 1701 1023 1743 e

317 1791 424 1858 postea
449 1785 571 1848 Cretioo
593 1805 761 1865 eognomen
903 1808 943 1851 va
964 1791 1007 1850 lin

319 1893 380 1969 soit
451 1895 502 1954 vel
571 1897 763 1958 candidatum
904 1901 934 1958 in
963 1904 1097 1960 contem
1126 1901 1180 1960 boo
1205 1901 1287 1961 modo
1316 1901 1362 1960 die

317 2002 506 2074 praetorium
533 2019 622 2064 saera
649 2005 699 2065 via
722 2005 762 2065 de
904 2010 994 2066 reruil
1006 2029 1015 2064 .·
1091 2010 1215 2079 miritae
1274 2008 1362 2068 mulo

320 2107 405 2166 lentis
456 2125 522 2168 eum
569 2125 678 2187 magno
727 2115 758 2170 tu
901 2111 975 2172 mibi
1012 2113 1145 2188 perimlu
1185 2114 1260 2174 domi
1300 2114 1360 2174 erili

319 2214 441 2274 multum
487 2215 605 2276 invadit
654 2217 758 2294 lugien
902 2218 1024 2295 tiaeque
1053 2221 1141 2279 mallo
1171 2221 1297 2280 emerso
1324 2222 1361 2297 [ιι

319 2324 384 2396 leq.
402 2328 507 2383 secuta
528 2323 568 2384 ad
586 2323 694 2385 Octavi
715 2325 754 2384 (lo
898 2343 942 2385 re
987 2343 1110 2401 quemue
1158 2327 1218 2386 olio
1266 2327 1359 2387 tolero

318 2445 395 2488 mam
413 2448 441 2505 q.
453 2433 615 2508 propriore
637 2436 703 2492 erat
724 2433 755 2491 in
897 2432 930 2492 bi
960 2437 1064 2510 parlim
1097 2434 1209 2509 reppuli
1240 2435 1359 2495 moram

314 2536 574 2615 propugnaculum
620 2541 758 2615 pervenit
898 2533 1049 2608 uexillo')

318 2642 390 2711 ilum
411 2644 442 2702 in
464 2643 561 2704 tribus
576 2645 732 2721 prioribus
752 2643 900 2704 columnis
914 2645 1069 2706 inclinatis
1087 2646 1201 2708 litteris
1216 2647 1340 2723 soripta,
1362 2662 1438 2706 eou-

238 2747 366 2808 ieeturis
386 2748 541 2810 bominum
563 2749 733 2826 doctorum,
754 2751 890 2827 inprimis
911 2750 1026 2810 Pertnii
1047 2756 1079 2811 et
1098 2751 1274 2828 Kreyssigii
1296 2753 1440 2813 restituta

237 2862 317 2931 sunt,
350 2857 407 2916 sed
434 2861 552 2932 quartae
583 2857 728 2917 oolumuae
755 2857 910 2918 restitutio
936 2858 1065 2918 debetur
1094 2859 1215 2935 ingenio
1242 2858 1355 2932 Rotbii‚
1387 2861 1439 2935 qui

237 2982 303 3024 eum
324 2966 391 3025 baee
411 2980 451 3023 ex
472 2963 598 3024 Salustii
619 2962 765 3024 Historiis
791 2967 938 3042 exeerpta
958 2980 1029 3024 esse
1050 2963 1112 3024 sibi
1132 2965 1349 3041 persuasisset,
1376 2965 1438 3024 ini-

236 3073 309 3132 tium
331 3072 480 3132 orationis
501 3071 531 3132 G.
554 3071 650 3132 Gottae
671 3071 732 3133 boe
753 3072 783 3131 in
811 3071 982 3150 fragmento
1009 3089 1188 3149 expressam
1216 3089 1286 3132 esse
1307 3073 1437 3150 putavit.

236 3176 298 3237 lam
319 3181 436 3238 mantus
457 3178 628 3238 litterarum
650 3178 772 3254 quidem
793 3195 852 3237 non
872 3194 978 3238 omues
998 3176 1068 3238 buin
1083 3179 1266 3237 eouieeturae
1280 3176 1438 3254 favebant,

235 3283 266 3342 ib
293 3291 389 3346 sextu
419 3287 499 3346 enim
527 3286 617 3346 lineae
644 3285 733 3345 initio
760 3289 826 3345 iero
851 3284 904 3345 vel
929 3292 992 3350 lens
1018 3285 1048 3344 iu
1073 3303 1150 3358 reme,
1186 3285 1219 3344 iu
1245 3302 1325 3346 nona
1355 3285 1438 3346 linea

236 3407 281 3450 oe
300 3392 330 3450 in
353 3409 403 3451 ere
424 3395 491 3452 erat
515 3392 697 3466 mutandum,
720 3392 750 3450 in
774 3391 884 3450 decimi
905 3407 1015 3451 versus
1044 3391 1133 3451 initio
1162 3391 1190 3450 bi
1217 3407 1273 3468 pro
1300 3397 1437 3452 extrema

235 3499 358 3576 syllaba
378 3499 509 3577 perlooti
530 3501 652 3560 toleravi
674 3498 855 3558 babendum.
895 3497 957 3558 Sed
983 3498 1124 3558 Pertuius
1152 3499 1202 3558 bis
1228 3498 1267 3559 de
1288 3498 1454 3594 litterulis!

234 3609 344 3669 iterum
365 3626 383 3676 a
405 3607 518 3667 liotbio
539 3609 666 3684 rogatus
687 3623 741 3667 ees
762 3608 823 3666 iam
842 3605 935 3683 plane
956 3607 1124 3667 exstinetas
1146 3621 1217 3666 esse
1240 3605 1352 3679 docuit,
1378 3621 1436 3664 ve-

233 3733 298 3776 rum
320 3717 410 3777 aliter
430 3713 493 3792 legi
515 3731 609 3793 posse
631 3713 761 3790 negavit,
792 3729 828 3773 se
852 3713 932 3772 euim
953 3730 1020 3773 oum
1041 3731 1155 3774 summa
1175 3712 1326 3789 religione
1345 3711 1435 3770 litte-

233 3841 293 3898 ras,
316 3839 375 3899 quo
396 3821 487 3882 modo
508 3820 631 3897 seriptaa
652 3819 772 3896 luerint,
794 3819 999 3897 expressisse.

314 3929 428 3999 Quibus
459 3929 581 4005 quidem
606 3928 719 3988 litteris
748 3925 932 3999 comestura,
959 3941 1017 4003 per
1043 3941 1078 3985 se
1106 3925 1182 3984 satis
1210 3923 1382 4002 probabilis
1404 3925 1436 3981 et

231 4037 314 4096 baud
333 4036 425 4096 dubie
440 4035 610 4112 ingeniosa,
633 4033 668 4094 fit
687 4033 813 4092 ineerta.
851 4030 916 4090 iloo
941 4030 1062 4106 quidem
1083 4029 1272 4107 argumentis
1292 4028 1433 4089 luoulen-

231 4144 272 4203 tis
294 4143 505 4221 eomprobavit
524 4141 661 4214 Rotbius,
684 4139 883 4215 fragmentum
906 4156 935 4196 n.
959 4141 989 4196 et
1004 4155 1045 4194 ιιι.
1068 4138 1182 4213 optime
1196 4136 1235 4196 ad
1250 4152 1359 4195 aunum
1372 4136 1433 4196 679

266 4401 285 4462 't
303 4401 390 4450 Lineae
415 4401 472 4449 lere
499 4399 591 4462 viginti
617 4399 767 4447 litterarum
792 4401 862 4454 sunl,
887 4396 923 4444 ita
947 4401 976 4444 ul
994 4396 1019 4444 in
1045 4395 1130 4456 prima
1156 4391 1282 4441 notumne
1306 4391 1339 4440 ab
1355 4389 1432 4438 initio

299 4495 499 4560 quatuordeeim
519 4494 611 4544 litterae
630 4493 726 4542 desint.
745 4503 799 4555 qua
818 4491 927 4552 quidem
945 4502 974 4538 re
987 4489 1068 4538 etiarn
1081 4487 1172 4537 Rotbii
1186 4485 1346 4535 coniectura·
1359 4482 1429 4532 mui-

299 4599 356 4640 tum
376 4589 567 4654 probabiiitatls
585 4587 698 4647 secedit,
716 4585 787 4650 quod
804 4598 863 4648 qun
882 4583 1036 4646 reponenda
1055 4595 1115 4633 esso
1129 4580 1240 4640 censuit,
1260 4579 1332 4630 bunc
1343 4579 1431 4641 ipsum

299 4700 440 4738 numerum
459 4686 575 4750 expient.
