3526 5604
1263 636 1335 708 367

123 851 159 908 et
188 839 313 911 iurasse
339 860 374 908 se
403 838 559 931 scriptum
593 861 660 908 non
692 839 867 908 iacturum.
919 837 1028 921 Quem
1060 838 1230 931 aliquanto
1262 849 1338 914 ante

122 964 254 1034 desisse
278 961 437 1055 scriptum
464 963 573 1033 iacere
607 962 717 1053 arguit
741 964 854 1033 Macer
884 962 1033 1033 Licinius
1063 962 1233 1032 tribunatu
1262 973 1337 1032 ante

123 1101 223 1178 gesto
250 1088 576 1181 triumviratibusque
599 1099 761 1158 nocturno
782 1089 898 1169 altero,
924 1089 1029 1158 altero
1056 1089 1207 1159 coloniae
1232 1089 1340 1159 dedu-

124 1213 272 1284 cendae.
316 1212 557 1295 tinnulo,
580 1213 597 1284 1
624 1237 689 1305 sqq.
789 1216 849 1286 20.
876 1215 913 1284 ln
940 1237 1015 1284 eum
1042 1236 1166 1286 annum
1192 1225 1254 1284 etc.
1280 1217 1338 1306 cfr.

123 1363 229 1432 supro
253 1363 288 1431 p.
321 1335 405 1418 301,
430 1335 490 1408 23.
596 1338 656 1406 21.
688 1336 838 1409 Licinius
864 1338 977 1408 Macer
1002 1336 1176 1410 annalibus
1202 1335 1260 1405 lib.
1292 1337 1338 1404 11:

123 1481 343 1554 nequaquam
377 1460 429 1530 sui
464 1460 594 1530 lavandi
621 1461 751 1530 reloant
779 1481 871 1529 arma
896 1459 964 1530 lue.
1012 1461 1137 1530 Nonius
1157 1483 1190 1551 p.
1217 1457 1276 1538 52,
1303 1456 1338 1529 8.

124 1587 186 1654 22.
217 1585 257 1654 0.
277 1583 426 1653 Licinius
453 1583 486 1652 in
504 1585 551 1653 ll:
587 1605 777 1676 perversum
804 1592 853 1652 est
879 1577 966 1666 [csse
986 1583 1171 1652 Priscianus
1193 1581 1255 1669 ln's]
1282 1581 1339 1652 alii

125 1709 219 1778 modi
241 1709 408 1800 postulare
425 1708 589 1801 Pyrrhum
617 1709 651 1778 in
677 1719 709 1778 te
735 1719 835 1801 atque
862 1707 896 1778 in
913 1709 1030 1778 ceteris
1049 1709 1159 1778 luisse.
1198 1710 1341 1780 liu’scin·

125 1857 188 1903 nus
209 1833 246 1912 6,
274 1831 308 1914 7,
332 1831 390 1904 36.
418 1832 453 1912 6,
482 1831 538 1914 16,
558 1831 618 1905 82.
649 1831 705 1915 13,
729 1830 763 1914 3,
790 1832 851 1914 12;
883 1847 1038 1927 postremo
1057 1833 1123 1902 loco
1141 1833 1218 1901 libri
1238 1855 1342 1902 omnes

125 1975 256 2051 praeter
281 1960 348 2027 cod.
376 1958 518 2028 Heideld.
559 1957 702 2040 Quintus
729 1958 762 2026 in
789 1959 818 2026 ll
846 1957 1000 2027 exhibent.
1100 1955 1159 2026 23.
1187 1957 1340 2049 negligo,

126 2083 325 2174 neglexi..
347 2083 523 2176 .quamvis
545 2083 708 2154 Aemilius
725 2084 839 2154 Macer
864 2082 898 2152 in
920 2080 1143 2152 sextodecimo
1169 2082 1342 2152 annalium

124 2207 290 2276 ‘omnium
318 2218 464 2278 nostrum
496 2206 683 2298 neglegetis
712 2187 948 2277 cucuriutcm'
980 2230 1041 2300 pro
1068 2207 1254 2298 neglexerit
1282 2207 1340 2276 ait.

127 2335 319 2404 Pn'scionus
343 2331 399 2413 10,
427 2331 461 2413 6,
488 2331 547 2405 33.
588 2333 750 2405 Aemilius
773 2335 902 2404 lllacert
934 2333 1084 2404 omnium
1110 2343 1254 2402 vestrum
1281 2354 1343 2400 ne-

127 2457 277 2550 glegerit
302 2460 541 2531 auctoritatem.
591 2461 761 2530 Diomedes
787 2461 808 2529 1
828 2484 862 2552 p.
889 2458 962 2531 366
992 2461 1028 2529 P.
1060 2458 1223 2530 Aemilius
1247 2473 1343 2528 nctus

127 2585 212 2652 nitio
244 2605 305 2674 pro
338 2583 498 2652 Licinius.
551 2583 668 2653 Contra
701 2585 757 2653 loc
784 2607 845 2676 pro
876 2585 934 2652 illo
965 2597 1050 2654 extat
1082 2585 1170 2674 opud
1202 2582 1344 2651 Nonium

125 2730 160 2798 p.
188 2705 273 2788 220,
304 2704 361 2776 18.
400 2707 536 2798 Itemque
560 2709 618 2800 qui
643 2707 790 2777 Licinius
815 2709 927 2778 lllacer
952 2710 1069 2778 citatur
1094 2709 1182 2799 opud
1202 2707 1343 2775 Plinium

128 2845 199 2900 unt.
226 2833 300 2899 laist.
333 2828 392 2910 32,
422 2828 454 2911 1,
481 2829 516 2902 9.
552 2829 612 2910 32,
638 2830 674 2912 2,
704 2830 760 2902 ld.
794 2847 821 2902 et
851 2834 888 2902 in
912 2832 1072 2901 iudicibus
1103 2831 1258 2900 librorum
1286 2828 1342 2901 19.

128 2954 192 3027 21.
212 2953 273 3026 22.
288 2952 347 3026 28.
362 2953 422 3026 29.
438 2952 496 3025 30.
514 2953 573 3026 32.
599 2957 629 3024 is
652 2971 761 3026 temere
780 2979 840 3048 pro
860 2957 995 3028 Aemilio
1011 2957 1121 3026 Macro
1134 2956 1257 3047 positus
1282 2977 1344 3023 esse

127 3081 270 3150 videtur.
377 3079 436 3148 at.
469 3077 617 3148 Licinius
646 3101 757 3150 rernm
793 3079 1019 3148 Romanarum
1055 3078 1142 3148 libro
1172 3079 1249 3148 XXl
1282 3087 1343 3146 etc.

129 3227 232 3298 supro
250 3229 284 3296 p.
305 3200 390 3284 322,
416 3201 472 3274 16.
574 3202 633 3272 25.
660 3203 809 3274 Licinius
830 3205 960 3274 Macer:
995 3202 1142 3294 quodie
1168 3201 1345 3292 magistra-

130 3341 202 3405 tum
230 3326 331 3406 obiit,
370 3337 505 3418 repente
532 3326 633 3396 celeri
667 3325 771 3416 gradu
801 3349 863 3418 per
888 3327 996 3396 lorum
1022 3349 1057 3396 se
1083 3326 1117 3395 in
1143 3326 1345 3419 Capitolium

130 3450 316 3521 contendit.
358 3451 528 3542 Noniusp.
551 3447 635 3530 260,
663 3447 697 3520 5.
799 3451 857 3519 26.
886 3449 1034 3519 Licinius
1060 3450 1094 3518 in
1120 3449 1243 3520 Marta:
1268 3473 1345 3541 pars

131 3598 256 3668 magna
283 3573 388 3643 levius
414 3574 523 3667 clipea
547 3584 689 3667 portant.
734 3575 857 3644 Nonius
879 3597 913 3660 p.
938 3569 1346 3652 lautissimorum

130 3704 245 3773 lllacer
272 3714 299 3769 et
325 3699 428 3768 laevis
454 3699 563 3792 clipea
588 3701 770 3776 nuendum:
793 3702 928 3791 pertinet
952 3703 1085 3791 fortusse
1110 3701 1153 3768 nd
1177 3700 1346 3769 dictoriam

135 3825 301 3918 Tarpeiae.
409 3826 468 3893 27.
503 3824 610 3894 Solini
639 3825 744 3915 poluit.
776 3822 800 3895 8
834 3825 936 3893 locum
966 3826 1004 3893 de
1028 3825 1171 3915 Messapo
1202 3824 1346 3894 meliores

132 3955 288 4022 editiones
315 3946 471 4038 [Granio]
499 3951 673 4022 Liciniano
698 3952 852 4020 tribuunt.

407 4383 538 4468 xxvu
586 4383 619 4468 1.
650 4381 871 4467 lilllllilllllld
902 4381 1081 4466 statum

214 4599 246 4666 l.
274 4597 497 4666 Historiarum
514 4597 705 4668 auctoriam
720 4608 790 4665 tum
805 4597 945 4665 Sisenna
958 4604 1019 4664 etc.
1034 4615 1132 4686 supro
1142 4617 1175 4685 p.
1189 4589 1271 4672 328,
1290 4591 1346 4664 18.

136 4721 298 4791 Lucullus
321 4720 448 4790 invenis
476 4743 551 4790 cum
579 4719 666 4812 apud
692 4719 907 4789 Hortensium
932 4728 1096 4787 oratorem
1121 4728 1154 4786 et
1175 4717 1347 4787 Sisennam
