<?xml version="1.0" encoding="UTF-8"?>
<!DOCTYPE html PUBLIC "-//W3C//DTD XHTML 1.0 Transitional//EN"
    "http://www.w3.org/TR/xhtml1/DTD/xhtml1-transitional.dtd">
<html xmlns="http://www.w3.org/1999/xhtml" xml:lang="en" lang="en">
 <head>
  <title>
</title>
<meta http-equiv="Content-Type" content="text/html;charset=utf-8" />
  <meta name='ocr-system' content='tesseract 3.04.00' />
  <meta name='ocr-capabilities' content='ocr_page ocr_carea ocr_par ocr_line ocrx_word'/>
</head>
<body>
  <div class='ocr_page' id='page_1' title='image "./gaisalustiicris00rothgoog_0108.png"; bbox 0 0 3582 5594; ppageno 0'>
   <div class='ocr_carea' id='block_1_1' title="bbox 1322 634 1365 702">
    <p class='ocr_par' dir='ltr' id='par_1_1' title="bbox 1322 634 1365 702">
     <span class='ocr_line' id='line_1_1' title="bbox 1322 634 1365 702; baseline -0.047 0"><span class='ocrx_word' id='word_1_1' title='bbox 1322 634 1365 702; x_wconf 83' lang='lat' dir='ltr'><strong>&#39;ll</strong></span> 
     </span>
    </p>
   </div>
   <div class='ocr_carea' id='block_1_2' title="bbox 163 951 1390 4771">
    <p class='ocr_par' dir='ltr' id='par_1_2' title="bbox 163 951 1378 2910">
     <span class='ocr_line' id='line_1_2' title="bbox 163 951 1373 1046; baseline 0.002 -24"><span class='ocrx_word' id='word_1_2' title='bbox 163 952 362 1046; x_wconf 84' lang='lat' dir='ltr'><strong>prohibere:</strong></span> <span class='ocrx_word' id='word_1_3' title='bbox 402 961 569 1045; x_wconf 85' lang='lat' dir='ltr'><strong>postremo</strong></span> <span class='ocrx_word' id='word_1_4' title='bbox 602 951 702 1022; x_wconf 86' lang='lat' dir='ltr'><strong>sociis</strong></span> <span class='ocrx_word' id='word_1_5' title='bbox 738 951 857 1022; x_wconf 86' lang='lat' dir='ltr'><strong>nostris</strong></span> <span class='ocrx_word' id='word_1_6' title='bbox 885 951 988 1022; x_wconf 81' lang='lat' dir='ltr'><strong>veluti</strong></span> <span class='ocrx_word' id='word_1_7' title='bbox 1025 951 1186 1036; x_wconf 80' lang='lat' dir='ltr'>hostibus,</span> <span class='ocrx_word' id='word_1_8' title='bbox 1226 953 1373 1026; x_wconf 76' lang='lat' dir='ltr'><strong>hostibus</strong></span> 
     </span>
     <span class='ocr_line' id='line_1_3' title="bbox 163 1075 1373 1172; baseline 0 -26"><span class='ocrx_word' id='word_1_9' title='bbox 163 1098 224 1168; x_wconf 91' lang='lat' dir='ltr'><strong>pro</strong></span> <span class='ocrx_word' id='word_1_10' title='bbox 249 1075 351 1146; x_wconf 85' lang='lat' dir='ltr'><strong>sociis</strong></span> <span class='ocrx_word' id='word_1_11' title='bbox 376 1085 520 1146; x_wconf 89' lang='lat' dir='ltr'><strong>utuntur.</strong></span> <span class='ocrx_word' id='word_1_12' title='bbox 563 1078 715 1147; x_wconf 82' lang='lat' dir='ltr'><strong>Potestne</strong></span> <span class='ocrx_word' id='word_1_13' title='bbox 741 1075 776 1144; x_wconf 95' lang='lat' dir='ltr'><strong>in</strong></span> <span class='ocrx_word' id='word_1_14' title='bbox 802 1085 870 1146; x_wconf 87' lang='lat' dir='ltr'><strong>tom</strong></span> <span class='ocrx_word' id='word_1_15' title='bbox 887 1076 1026 1147; x_wconf 82' lang='lat' dir='ltr'>divorsis</span> <span class='ocrx_word' id='word_1_16' title='bbox 1043 1077 1208 1147; x_wconf 88' lang='lat' dir='ltr'><strong>mentibus</strong></span> <span class='ocrx_word' id='word_1_17' title='bbox 1233 1099 1300 1172; x_wconf 85' lang='lat' dir='ltr'><strong>pax</strong></span> <span class='ocrx_word' id='word_1_18' title='bbox 1316 1088 1373 1148; x_wconf 87' lang='lat' dir='ltr'><strong>aut</strong></span> 
     </span>
     <span class='ocr_line' id='line_1_4' title="bbox 164 1199 1372 1293; baseline 0.002 -23"><span class='ocrx_word' id='word_1_19' title='bbox 164 1200 318 1270; x_wconf 79' lang='lat' dir='ltr'><strong>amicitia</strong></span> <span class='ocrx_word' id='word_1_20' title='bbox 335 1201 430 1270; x_wconf 84' lang='lat' dir='ltr'><strong>esse‘l</strong></span> <span class='ocrx_word' id='word_1_21' title='bbox 467 1199 580 1282; x_wconf 79' lang='lat' dir='ltr'><strong>Quare</strong></span> <span class='ocrx_word' id='word_1_22' title='bbox 598 1223 719 1270; x_wconf 95' lang='lat' dir='ltr'><strong>moneo</strong></span> <span class='ocrx_word' id='word_1_23' title='bbox 744 1199 924 1293; x_wconf 89' lang='lat' dir='ltr'><strong>hortorque</strong></span> <span class='ocrx_word' id='word_1_24' title='bbox 950 1224 1018 1285; x_wconf 85' lang='lat' dir='ltr'><strong>vos,</strong></span> <span class='ocrx_word' id='word_1_25' title='bbox 1044 1223 1087 1271; x_wconf 88' lang='lat' dir='ltr'><strong>ne</strong></span> <span class='ocrx_word' id='word_1_26' title='bbox 1113 1210 1239 1272; x_wconf 85' lang='lat' dir='ltr'><strong>tantum</strong></span> <span class='ocrx_word' id='word_1_27' title='bbox 1265 1203 1372 1274; x_wconf 86' lang='lat' dir='ltr'><strong>scelus</strong></span> 
     </span>
     <span class='ocr_line' id='line_1_5' title="bbox 164 1323 1372 1419; baseline 0.002 -25"><span class='ocrx_word' id='word_1_28' title='bbox 164 1325 359 1418; x_wconf 90' lang='lat' dir='ltr'><strong>inpunitum</strong></span> <span class='ocrx_word' id='word_1_29' title='bbox 383 1323 551 1395; x_wconf 81' lang='lat' dir='ltr'><strong>omittatis.</strong></span> <span class='ocrx_word' id='word_1_30' title='bbox 601 1326 676 1394; x_wconf 91' lang='lat' dir='ltr'><strong>Non</strong></span> <span class='ocrx_word' id='word_1_31' title='bbox 701 1323 872 1416; x_wconf 79' lang='lat' dir='ltr'><strong>peculatus</strong></span> <span class='ocrx_word' id='word_1_32' title='bbox 898 1325 1009 1396; x_wconf 84' lang='lat' dir='ltr'><strong>aerarii</strong></span> <span class='ocrx_word' id='word_1_33' title='bbox 1034 1326 1138 1398; x_wconf 84' lang='lat' dir='ltr'><strong>luctus</strong></span> <span class='ocrx_word' id='word_1_34' title='bbox 1164 1335 1228 1408; x_wconf 91' lang='lat' dir='ltr'><strong>est,</strong></span> <span class='ocrx_word' id='word_1_35' title='bbox 1263 1347 1372 1419; x_wconf 85' lang='lat' dir='ltr'><strong>neque</strong></span> 
     </span>
     <span class='ocr_line' id='line_1_6' title="bbox 165 1447 1372 1542; baseline 0.002 -25"><span class='ocrx_word' id='word_1_36' title='bbox 165 1447 319 1542; x_wconf 83' lang='lat' dir='ltr'><strong>pervim</strong></span> <span class='ocrx_word' id='word_1_37' title='bbox 345 1447 444 1517; x_wconf 87' lang='lat' dir='ltr'><strong>sociis</strong></span> <span class='ocrx_word' id='word_1_38' title='bbox 470 1457 591 1540; x_wconf 82' lang='lat' dir='ltr'><strong>ereptae</strong></span> <span class='ocrx_word' id='word_1_39' title='bbox 616 1448 786 1541; x_wconf 77' lang='lat' dir='ltr'><strong>peouniae3</strong></span> <span class='ocrx_word' id='word_1_40' title='bbox 813 1471 888 1542; x_wconf 83' lang='lat' dir='ltr'><strong>quae</strong></span> <span class='ocrx_word' id='word_1_41' title='bbox 913 1471 1118 1542; x_wconf 81' lang='lat' dir='ltr'><strong>quamquam</strong></span> <span class='ocrx_word' id='word_1_42' title='bbox 1144 1449 1260 1540; x_wconf 87' lang='lat' dir='ltr'><strong>gravia</strong></span> <span class='ocrx_word' id='word_1_43' title='bbox 1285 1459 1372 1532; x_wconf 92' lang='lat' dir='ltr'><strong>snut,</strong></span> 
     </span>
     <span class='ocr_line' id='line_1_7' title="bbox 165 1570 1373 1665; baseline 0.001 -22"><span class='ocrx_word' id='word_1_44' title='bbox 165 1585 278 1644; x_wconf 82' lang='lat' dir='ltr'><strong>tamen</strong></span> <span class='ocrx_word' id='word_1_45' title='bbox 305 1571 543 1642; x_wconf 88' lang='lat' dir='ltr'><strong>consuetudine</strong></span> <span class='ocrx_word' id='word_1_46' title='bbox 569 1571 637 1640; x_wconf 88' lang='lat' dir='ltr'><strong>iam</strong></span> <span class='ocrx_word' id='word_1_47' title='bbox 661 1571 843 1665; x_wconf 83' lang='lat' dir='ltr'><strong>pronihilo</strong></span> <span class='ocrx_word' id='word_1_48' title='bbox 861 1570 1036 1643; x_wconf 86' lang='lat' dir='ltr'><strong>habentur.</strong></span> <span class='ocrx_word' id='word_1_49' title='bbox 1078 1573 1175 1644; x_wconf 87' lang='lat' dir='ltr'><strong>Hosti</strong></span> <span class='ocrx_word' id='word_1_50' title='bbox 1199 1595 1373 1644; x_wconf 82' lang='lat' dir='ltr'><strong>acerrumo</strong></span> 
     </span>
     <span class='ocr_line' id='line_1_8' title="bbox 166 1694 1374 1793; baseline 0 -27"><span class='ocrx_word' id='word_1_51' title='bbox 166 1697 299 1793; x_wconf 86' lang='lat' dir='ltr'><strong>prodita</strong></span> <span class='ocrx_word' id='word_1_52' title='bbox 314 1705 448 1766; x_wconf 87' lang='lat' dir='ltr'><strong>senatus</strong></span> <span class='ocrx_word' id='word_1_53' title='bbox 461 1696 649 1776; x_wconf 86' lang='lat' dir='ltr'><strong>auctoritas,</strong></span> <span class='ocrx_word' id='word_1_54' title='bbox 666 1694 834 1789; x_wconf 89' lang='lat' dir='ltr'><strong>proditum</strong></span> <span class='ocrx_word' id='word_1_55' title='bbox 851 1697 1029 1790; x_wconf 90' lang='lat' dir='ltr'><strong>imperium</strong></span> <span class='ocrx_word' id='word_1_56' title='bbox 1041 1706 1186 1767; x_wconf 79' lang='lat' dir='ltr'><strong>vesuum</strong></span> <span class='ocrx_word' id='word_1_57' title='bbox 1199 1706 1265 1768; x_wconf 83' lang='lat' dir='ltr'><strong>est:</strong></span> <span class='ocrx_word' id='word_1_58' title='bbox 1284 1696 1374 1768; x_wconf 92' lang='lat' dir='ltr'><strong>domi</strong></span> 
     </span>
     <span class='ocr_line' id='line_1_9' title="bbox 166 1818 1373 1914; baseline -0.002 -21"><span class='ocrx_word' id='word_1_59' title='bbox 166 1822 366 1914; x_wconf 79' lang='lat' dir='ltr'><strong>militiaequc</strong></span> <span class='ocrx_word' id='word_1_60' title='bbox 390 1841 444 1890; x_wconf 88' lang='lat' dir='ltr'><strong>res</strong></span> <span class='ocrx_word' id='word_1_61' title='bbox 468 1818 604 1912; x_wconf 85' lang='lat' dir='ltr'><strong>publice</strong></span> <span class='ocrx_word' id='word_1_62' title='bbox 626 1820 756 1890; x_wconf 82' lang='lat' dir='ltr'><strong>venalis</strong></span> <span class='ocrx_word' id='word_1_63' title='bbox 780 1819 852 1890; x_wconf 83' lang='lat' dir='ltr'><strong>luit.</strong></span> <span class='ocrx_word' id='word_1_64' title='bbox 904 1820 988 1905; x_wconf 82' lang='lat' dir='ltr'><strong>Qnae</strong></span> <span class='ocrx_word' id='word_1_65' title='bbox 1014 1820 1078 1890; x_wconf 90' lang='lat' dir='ltr'><strong>nisi</strong></span> <span class='ocrx_word' id='word_1_66' title='bbox 1103 1821 1241 1913; x_wconf 76' lang='lat' dir='ltr'><strong>quaesitu</strong></span> <span class='ocrx_word' id='word_1_67' title='bbox 1265 1829 1373 1903; x_wconf 88' lang='lat' dir='ltr'><strong>erunt,</strong></span> 
     </span>
     <span class='ocr_line' id='line_1_10' title="bbox 166 1943 1373 2038; baseline -0.002 -20"><span class='ocrx_word' id='word_1_68' title='bbox 166 1947 232 2018; x_wconf 91' lang='lat' dir='ltr'><strong>nisi</strong></span> <span class='ocrx_word' id='word_1_69' title='bbox 256 1946 462 2016; x_wconf 84' lang='lat' dir='ltr'><strong>vindicatum</strong></span> <span class='ocrx_word' id='word_1_70' title='bbox 494 1943 530 2013; x_wconf 91' lang='lat' dir='ltr'><strong>in</strong></span> <span class='ocrx_word' id='word_1_71' title='bbox 555 1944 685 2027; x_wconf 85' lang='lat' dir='ltr'><strong>noxios,</strong></span> <span class='ocrx_word' id='word_1_72' title='bbox 728 1943 808 2037; x_wconf 87' lang='lat' dir='ltr'><strong>qnid</strong></span> <span class='ocrx_word' id='word_1_73' title='bbox 840 1943 903 2014; x_wconf 89' lang='lat' dir='ltr'><strong>erit</strong></span> <span class='ocrx_word' id='word_1_74' title='bbox 928 1944 1111 2038; x_wconf 88' lang='lat' dir='ltr'><strong>reliquum,</strong></span> <span class='ocrx_word' id='word_1_75' title='bbox 1146 1945 1210 2016; x_wconf 89' lang='lat' dir='ltr'><strong>nisi</strong></span> <span class='ocrx_word' id='word_1_76' title='bbox 1235 1956 1271 2016; x_wconf 90' lang='lat' dir='ltr'><strong>ut</strong></span> <span class='ocrx_word' id='word_1_77' title='bbox 1295 1945 1373 2028; x_wconf 87' lang='lat' dir='ltr'><strong>illis,</strong></span> 
     </span>
     <span class='ocr_line' id='line_1_11' title="bbox 167 2067 1376 2165; baseline -0.002 -24"><span class='ocrx_word' id='word_1_78' title='bbox 167 2071 227 2165; x_wconf 80' lang='lat' dir='ltr'><strong>qni</strong></span> <span class='ocrx_word' id='word_1_79' title='bbox 254 2093 296 2140; x_wconf 88' lang='lat' dir='ltr'><strong>ea</strong></span> <span class='ocrx_word' id='word_1_80' title='bbox 329 2070 456 2151; x_wconf 81' lang='lat' dir='ltr'><strong>iecere,</strong></span> <span class='ocrx_word' id='word_1_81' title='bbox 494 2067 687 2139; x_wconf 81' lang='lat' dir='ltr'><strong>obedientes</strong></span> <span class='ocrx_word' id='word_1_82' title='bbox 719 2069 891 2140; x_wconf 75' lang='lat' dir='ltr'><strong>vivamus?</strong></span> <span class='ocrx_word' id='word_1_83' title='bbox 940 2070 1026 2140; x_wconf 85' lang='lat' dir='ltr'><strong>Nom</strong></span> <span class='ocrx_word' id='word_1_84' title='bbox 1064 2069 1189 2162; x_wconf 93' lang='lat' dir='ltr'><strong>inpune</strong></span> <span class='ocrx_word' id='word_1_85' title='bbox 1218 2070 1376 2163; x_wconf 73' lang='lat' dir='ltr'><strong>quaslibet</strong></span> 
     </span>
     <span class='ocr_line' id='line_1_12' title="bbox 169 2193 1374 2286; baseline -0.002 -18"><span class='ocrx_word' id='word_1_86' title='bbox 169 2197 301 2276; x_wconf 80' lang='lat' dir='ltr'><strong>iacere,</strong></span> <span class='ocrx_word' id='word_1_87' title='bbox 327 2193 361 2263; x_wconf 96' lang='lat' dir='ltr'><strong>id</strong></span> <span class='ocrx_word' id='word_1_88' title='bbox 386 2202 435 2263; x_wconf 88' lang='lat' dir='ltr'><strong>est</strong></span> <span class='ocrx_word' id='word_1_89' title='bbox 458 2215 573 2285; x_wconf 86' lang='lat' dir='ltr'><strong>regem</strong></span> <span class='ocrx_word' id='word_1_90' title='bbox 600 2215 682 2263; x_wconf 90' lang='lat' dir='ltr'><strong>csse.</strong></span> <span class='ocrx_word' id='word_1_91' title='bbox 724 2195 841 2285; x_wconf 87' lang='lat' dir='ltr'><strong>Neque</strong></span> <span class='ocrx_word' id='word_1_92' title='bbox 866 2215 929 2286; x_wconf 92' lang='lat' dir='ltr'><strong>ego</strong></span> <span class='ocrx_word' id='word_1_93' title='bbox 954 2215 1030 2275; x_wconf 85' lang='lat' dir='ltr'><strong>vos,</strong></span> <span class='ocrx_word' id='word_1_94' title='bbox 1056 2193 1224 2278; x_wconf 85' lang='lat' dir='ltr'><strong>Quirites,</strong></span> <span class='ocrx_word' id='word_1_95' title='bbox 1248 2195 1374 2278; x_wconf 92' lang='lat' dir='ltr'><strong>hortor,</strong></span> 
     </span>
     <span class='ocr_line' id='line_1_13' title="bbox 170 2318 1375 2412; baseline -0.002 -21"><span class='ocrx_word' id='word_1_96' title='bbox 170 2329 206 2391; x_wconf 89' lang='lat' dir='ltr'><strong>nt</strong></span> <span class='ocrx_word' id='word_1_97' title='bbox 229 2319 354 2390; x_wconf 83' lang='lat' dir='ltr'><strong>malitis</strong></span> <span class='ocrx_word' id='word_1_98' title='bbox 378 2319 468 2389; x_wconf 86' lang='lat' dir='ltr'><strong>cives</strong></span> <span class='ocrx_word' id='word_1_99' title='bbox 493 2328 616 2392; x_wconf 88' lang='lat' dir='ltr'><strong>vestros</strong></span> <span class='ocrx_word' id='word_1_100' title='bbox 641 2340 816 2412; x_wconf 84' lang='lat' dir='ltr'><strong>perperam</strong></span> <span class='ocrx_word' id='word_1_101' title='bbox 841 2341 942 2412; x_wconf 86' lang='lat' dir='ltr'><strong>quam</strong></span> <span class='ocrx_word' id='word_1_102' title='bbox 968 2331 1057 2390; x_wconf 88' lang='lat' dir='ltr'><strong>recto</strong></span> <span class='ocrx_word' id='word_1_103' title='bbox 1083 2319 1214 2398; x_wconf 84' lang='lat' dir='ltr'><strong>lecisse;</strong></span> <span class='ocrx_word' id='word_1_104' title='bbox 1248 2318 1375 2389; x_wconf 86' lang='lat' dir='ltr'><strong>sedne</strong></span> 
     </span>
     <span class='ocr_line' id='line_1_14' title="bbox 170 2442 1377 2537; baseline 0 -23"><span class='ocrx_word' id='word_1_105' title='bbox 170 2443 376 2536; x_wconf 86' lang='lat' dir='ltr'><strong>ignoscendo</strong></span> <span class='ocrx_word' id='word_1_106' title='bbox 406 2444 503 2514; x_wconf 86' lang='lat' dir='ltr'><strong>mulis</strong></span> <span class='ocrx_word' id='word_1_107' title='bbox 535 2444 639 2515; x_wconf 86' lang='lat' dir='ltr'><strong>bonos</strong></span> <span class='ocrx_word' id='word_1_108' title='bbox 664 2443 831 2537; x_wconf 87' lang='lat' dir='ltr'><strong>perditum</strong></span> <span class='ocrx_word' id='word_1_109' title='bbox 856 2443 948 2513; x_wconf 86' lang='lat' dir='ltr'><strong>eutis.</strong></span> <span class='ocrx_word' id='word_1_110' title='bbox 999 2442 1052 2514; x_wconf 77' lang='lat' dir='ltr'><strong>Ad</strong></span> <span class='ocrx_word' id='word_1_111' title='bbox 1077 2442 1141 2514; x_wconf 90' lang='lat' dir='ltr'><strong>hoc</strong></span> <span class='ocrx_word' id='word_1_112' title='bbox 1167 2444 1200 2513; x_wconf 95' lang='lat' dir='ltr'><strong>in</strong></span> <span class='ocrx_word' id='word_1_113' title='bbox 1227 2467 1264 2516; x_wconf 91' lang='lat' dir='ltr'><strong>re</strong></span> <span class='ocrx_word' id='word_1_114' title='bbox 1289 2443 1377 2536; x_wconf 90' lang='lat' dir='ltr'><strong>pub·</strong></span> 
     </span>
     <span class='ocr_line' id='line_1_15' title="bbox 170 2567 1376 2660; baseline -0.001 -21"><span class='ocrx_word' id='word_1_115' title='bbox 170 2569 239 2640; x_wconf 78' lang='lat' dir='ltr'><strong>lica</strong></span> <span class='ocrx_word' id='word_1_116' title='bbox 263 2569 369 2638; x_wconf 91' lang='lat' dir='ltr'><strong>mnlto</strong></span> <span class='ocrx_word' id='word_1_117' title='bbox 392 2577 525 2660; x_wconf 74' lang='lat' dir='ltr'><strong>prostat</strong></span> <span class='ocrx_word' id='word_1_118' title='bbox 550 2567 705 2638; x_wconf 86' lang='lat' dir='ltr'><strong>beneficii</strong></span> <span class='ocrx_word' id='word_1_119' title='bbox 731 2589 832 2660; x_wconf 83' lang='lat' dir='ltr'><strong>quem</strong></span> <span class='ocrx_word' id='word_1_120' title='bbox 845 2567 1004 2639; x_wconf 86' lang='lat' dir='ltr'><strong>maleficii</strong></span> <span class='ocrx_word' id='word_1_121' title='bbox 1029 2569 1260 2639; x_wconf 82' lang='lat' dir='ltr'><strong>immemorem</strong></span> <span class='ocrx_word' id='word_1_122' title='bbox 1285 2591 1376 2649; x_wconf 84' lang='lat' dir='ltr'><strong>esse;</strong></span> 
     </span>
     <span class='ocr_line' id='line_1_16' title="bbox 172 2690 1378 2786; baseline -0.002 -23"><span class='ocrx_word' id='word_1_123' title='bbox 172 2693 281 2764; x_wconf 80' lang='lat' dir='ltr'><strong>bonus</strong></span> <span class='ocrx_word' id='word_1_124' title='bbox 299 2691 530 2762; x_wconf 84' lang='lat' dir='ltr'><strong>tantummodo</strong></span> <span class='ocrx_word' id='word_1_125' title='bbox 556 2691 690 2784; x_wconf 79' lang='lat' dir='ltr'><strong>segnior</strong></span> <span class='ocrx_word' id='word_1_126' title='bbox 716 2690 751 2760; x_wconf 85' lang='lat' dir='ltr'><strong>lit</strong></span> <span class='ocrx_word' id='word_1_127' title='bbox 778 2691 835 2762; x_wconf 92' lang='lat' dir='ltr'><strong>ubi</strong></span> <span class='ocrx_word' id='word_1_128' title='bbox 859 2692 1032 2782; x_wconf 80' lang='lat' dir='ltr'><strong>neglegas,</strong></span> <span class='ocrx_word' id='word_1_129' title='bbox 1057 2701 1091 2762; x_wconf 88' lang='lat' dir='ltr'><strong>at</strong></span> <span class='ocrx_word' id='word_1_130' title='bbox 1114 2692 1224 2764; x_wconf 87' lang='lat' dir='ltr'><strong>malus</strong></span> <span class='ocrx_word' id='word_1_131' title='bbox 1249 2693 1378 2786; x_wconf 88' lang='lat' dir='ltr'><strong>impro-</strong></span> 
     </span>
     <span class='ocr_line' id='line_1_17' title="bbox 174 2814 1376 2910; baseline -0.002 -22"><span class='ocrx_word' id='word_1_132' title='bbox 174 2817 260 2888; x_wconf 79' lang='lat' dir='ltr'><strong>liior.</strong></span> <span class='ocrx_word' id='word_1_133' title='bbox 303 2815 357 2887; x_wconf 74' lang='lat' dir='ltr'><strong>Ad</strong></span> <span class='ocrx_word' id='word_1_134' title='bbox 373 2814 439 2884; x_wconf 82' lang='lat' dir='ltr'><strong>lroc</strong></span> <span class='ocrx_word' id='word_1_135' title='bbox 463 2815 492 2884; x_wconf 94' lang='lat' dir='ltr'><strong>si</strong></span> <span class='ocrx_word' id='word_1_136' title='bbox 517 2815 649 2886; x_wconf 76' lang='lat' dir='ltr'><strong>iniuriae</strong></span> <span class='ocrx_word' id='word_1_137' title='bbox 675 2837 741 2885; x_wconf 95' lang='lat' dir='ltr'><strong>non</strong></span> <span class='ocrx_word' id='word_1_138' title='bbox 768 2817 843 2899; x_wconf 88' lang='lat' dir='ltr'><strong>sint,</strong></span> <span class='ocrx_word' id='word_1_139' title='bbox 869 2815 959 2886; x_wconf 83' lang='lat' dir='ltr'><strong>haud</strong></span> <span class='ocrx_word' id='word_1_140' title='bbox 984 2837 1071 2910; x_wconf 79' lang='lat' dir='ltr'><strong>saepe</strong></span> <span class='ocrx_word' id='word_1_141' title='bbox 1097 2817 1216 2887; x_wconf 84' lang='lat' dir='ltr'><strong>auxilii</strong></span> <span class='ocrx_word' id='word_1_142' title='bbox 1242 2837 1376 2908; x_wconf 74' lang='lat' dir='ltr'><strong>egeas».</strong></span> 
     </span>
    </p>

    <p class='ocr_par' dir='ltr' id='par_1_3' title="bbox 173 2939 1390 4771">
     <span class='ocr_line' id='line_1_18' title="bbox 247 2939 1379 3034; baseline 0 -24"><span class='ocrx_word' id='word_1_143' title='bbox 247 2962 359 3010; x_wconf 86' lang='lat' dir='ltr'><strong>mu.</strong></span> <span class='ocrx_word' id='word_1_144' title='bbox 410 2941 493 3010; x_wconf 81' lang='lat' dir='ltr'><strong>Haec</strong></span> <span class='ocrx_word' id='word_1_145' title='bbox 518 2950 618 3032; x_wconf 81' lang='lat' dir='ltr'><strong>atque</strong></span> <span class='ocrx_word' id='word_1_146' title='bbox 643 2939 712 3009; x_wconf 88' lang='lat' dir='ltr'><strong>alia</strong></span> <span class='ocrx_word' id='word_1_147' title='bbox 731 2939 960 3011; x_wconf 89' lang='lat' dir='ltr'><strong>huiuscemodi</strong></span> <span class='ocrx_word' id='word_1_148' title='bbox 993 2963 1081 3034; x_wconf 86' lang='lat' dir='ltr'><strong>saepe</strong></span> <span class='ocrx_word' id='word_1_149' title='bbox 1106 2940 1247 3011; x_wconf 90' lang='lat' dir='ltr'><strong>dicendo</strong></span> <span class='ocrx_word' id='word_1_150' title='bbox 1270 2943 1379 3013; x_wconf 82' lang='lat' dir='ltr'><strong>Mem-</strong></span> 
     </span>
     <span class='ocr_line' id='line_1_19' title="bbox 173 3063 1378 3158; baseline -0.001 -23"><span class='ocrx_word' id='word_1_151' title='bbox 173 3066 261 3136; x_wconf 89' lang='lat' dir='ltr'><strong>mins</strong></span> <span class='ocrx_word' id='word_1_152' title='bbox 285 3065 410 3158; x_wconf 94' lang='lat' dir='ltr'><strong>populo</strong></span> <span class='ocrx_word' id='word_1_153' title='bbox 433 3063 624 3157; x_wconf 85' lang='lat' dir='ltr'><strong>persuadet,</strong></span> <span class='ocrx_word' id='word_1_154' title='bbox 652 3063 699 3134; x_wconf 94' lang='lat' dir='ltr'><strong>uti</strong></span> <span class='ocrx_word' id='word_1_155' title='bbox 724 3065 763 3134; x_wconf 91' lang='lat' dir='ltr'><strong>L.</strong></span> <span class='ocrx_word' id='word_1_156' title='bbox 791 3064 939 3146; x_wconf 85' lang='lat' dir='ltr'><strong>Cassius,</strong></span> <span class='ocrx_word' id='word_1_157' title='bbox 973 3063 1031 3156; x_wconf 87' lang='lat' dir='ltr'><strong>qui</strong></span> <span class='ocrx_word' id='word_1_158' title='bbox 1056 3074 1125 3134; x_wconf 87' lang='lat' dir='ltr'><strong>turn</strong></span> <span class='ocrx_word' id='word_1_159' title='bbox 1150 3073 1272 3157; x_wconf 77' lang='lat' dir='ltr'><strong>praetor</strong></span> <span class='ocrx_word' id='word_1_160' title='bbox 1297 3074 1378 3147; x_wconf 89' lang='lat' dir='ltr'><strong>erat,</strong></span> 
     </span>
     <span class='ocr_line' id='line_1_20' title="bbox 174 3187 1380 3282; baseline -0.002 -22"><span class='ocrx_word' id='word_1_161' title='bbox 174 3191 217 3262; x_wconf 84' lang='lat' dir='ltr'><strong>ad</strong></span> <span class='ocrx_word' id='word_1_162' title='bbox 242 3187 440 3281; x_wconf 84' lang='lat' dir='ltr'><strong>lngurtlram</strong></span> <span class='ocrx_word' id='word_1_163' title='bbox 464 3188 649 3258; x_wconf 87' lang='lat' dir='ltr'><strong>mitteretur</strong></span> <span class='ocrx_word' id='word_1_164' title='bbox 674 3210 816 3280; x_wconf 84' lang='lat' dir='ltr'><strong>eumque</strong></span> <span class='ocrx_word' id='word_1_165' title='bbox 842 3188 1036 3282; x_wconf 84' lang='lat' dir='ltr'><strong>interposita</strong></span> <span class='ocrx_word' id='word_1_166' title='bbox 1061 3187 1125 3258; x_wconf 87' lang='lat' dir='ltr'><strong>fide</strong></span> <span class='ocrx_word' id='word_1_167' title='bbox 1150 3188 1286 3281; x_wconf 89' lang='lat' dir='ltr'><strong>publica</strong></span> <span class='ocrx_word' id='word_1_168' title='bbox 1310 3189 1380 3258; x_wconf 82' lang='lat' dir='ltr'><strong>lto-</strong></span> 
     </span>
     <span class='ocr_line' id='line_1_21' title="bbox 174 3311 1379 3406; baseline 0 -22"><span class='ocrx_word' id='word_1_169' title='bbox 174 3337 266 3384; x_wconf 85' lang='lat' dir='ltr'><strong>mum</strong></span> <span class='ocrx_word' id='word_1_170' title='bbox 292 3312 450 3397; x_wconf 88' lang='lat' dir='ltr'><strong>doceret,</strong></span> <span class='ocrx_word' id='word_1_171' title='bbox 475 3336 543 3406; x_wconf 89' lang='lat' dir='ltr'><strong>quo</strong></span> <span class='ocrx_word' id='word_1_172' title='bbox 567 3312 698 3383; x_wconf 85' lang='lat' dir='ltr'><strong>lucilius</strong></span> <span class='ocrx_word' id='word_1_173' title='bbox 712 3311 835 3382; x_wconf 91' lang='lat' dir='ltr'><strong>indicio</strong></span> <span class='ocrx_word' id='word_1_174' title='bbox 860 3312 950 3402; x_wconf 81' lang='lat' dir='ltr'><strong>regis</strong></span> <span class='ocrx_word' id='word_1_175' title='bbox 964 3312 1078 3382; x_wconf 84' lang='lat' dir='ltr'><strong>Scauri</strong></span> <span class='ocrx_word' id='word_1_176' title='bbox 1105 3321 1137 3382; x_wconf 90' lang='lat' dir='ltr'><strong>et</strong></span> <span class='ocrx_word' id='word_1_177' title='bbox 1161 3312 1379 3405; x_wconf 88' lang='lat' dir='ltr'><strong>reliquorum,</strong></span> 
     </span>
     <span class='ocr_line' id='line_1_22' title="bbox 175 3434 1383 3532; baseline -0.002 -24"><span class='ocrx_word' id='word_1_178' title='bbox 175 3459 259 3532; x_wconf 83' lang='lat' dir='ltr'><strong>qnos</strong></span> <span class='ocrx_word' id='word_1_179' title='bbox 284 3437 434 3530; x_wconf 87' lang='lat' dir='ltr'><strong>pecuniae</strong></span> <span class='ocrx_word' id='word_1_180' title='bbox 452 3445 555 3530; x_wconf 76' lang='lat' dir='ltr'><strong>captae</strong></span> <span class='ocrx_word' id='word_1_181' title='bbox 572 3435 797 3518; x_wconf 86' lang='lat' dir='ltr'><strong>accersebant,</strong></span> <span class='ocrx_word' id='word_1_182' title='bbox 823 3435 944 3506; x_wconf 85' lang='lat' dir='ltr'><strong>delicta</strong></span> <span class='ocrx_word' id='word_1_183' title='bbox 960 3434 1161 3528; x_wconf 85' lang='lat' dir='ltr'><strong>patefierent.</strong></span> <span class='ocrx_word' id='word_1_184' title='bbox 1204 3437 1292 3507; x_wconf 90' lang='lat' dir='ltr'><strong>Dum</strong></span> <span class='ocrx_word' id='word_1_185' title='bbox 1310 3435 1383 3506; x_wconf 80' lang='lat' dir='ltr'><strong>haec</strong></span> 
     </span>
     <span class='ocr_line' id='line_1_23' title="bbox 177 3559 1382 3654; baseline -0.002 -22"><span class='ocrx_word' id='word_1_186' title='bbox 177 3563 292 3648; x_wconf 72' lang='lat' dir='ltr'><strong>Romen</strong></span> <span class='ocrx_word' id='word_1_187' title='bbox 330 3571 505 3652; x_wconf 86' lang='lat' dir='ltr'><strong>geruntur,</strong></span> <span class='ocrx_word' id='word_1_188' title='bbox 546 3560 605 3654; x_wconf 86' lang='lat' dir='ltr'><strong>qni</strong></span> <span class='ocrx_word' id='word_1_189' title='bbox 637 3560 671 3630; x_wconf 93' lang='lat' dir='ltr'><strong>in</strong></span> <span class='ocrx_word' id='word_1_190' title='bbox 703 3559 860 3630; x_wconf 86' lang='lat' dir='ltr'><strong>Numidia</strong></span> <span class='ocrx_word' id='word_1_191' title='bbox 892 3559 999 3630; x_wconf 87' lang='lat' dir='ltr'><strong>relicti</strong></span> <span class='ocrx_word' id='word_1_192' title='bbox 1033 3560 1188 3630; x_wconf 88' lang='lat' dir='ltr'><strong>aBestiu</strong></span> <span class='ocrx_word' id='word_1_193' title='bbox 1221 3559 1382 3631; x_wconf 84' lang='lat' dir='ltr'><strong>exercitui</strong></span> 
     </span>
     <span class='ocr_line' id='line_1_24' title="bbox 177 3683 1383 3780; baseline -0.003 -22"><span class='ocrx_word' id='word_1_194' title='bbox 177 3694 361 3780; x_wconf 70' lang='lat' dir='ltr'><strong>preerunt,</strong></span> <span class='ocrx_word' id='word_1_195' title='bbox 386 3683 491 3754; x_wconf 88' lang='lat' dir='ltr'><strong>secuti</strong></span> <span class='ocrx_word' id='word_1_196' title='bbox 516 3706 643 3754; x_wconf 91' lang='lat' dir='ltr'><strong>morem</strong></span> <span class='ocrx_word' id='word_1_197' title='bbox 669 3684 877 3776; x_wconf 87' lang='lat' dir='ltr'><strong>imperatoris</strong></span> <span class='ocrx_word' id='word_1_198' title='bbox 902 3684 953 3753; x_wconf 92' lang='lat' dir='ltr'><strong>sui</strong></span> <span class='ocrx_word' id='word_1_199' title='bbox 969 3684 1115 3777; x_wconf 88' lang='lat' dir='ltr'><strong>plurima</strong></span> <span class='ocrx_word' id='word_1_200' title='bbox 1132 3693 1164 3754; x_wconf 88' lang='lat' dir='ltr'><strong>et</strong></span> <span class='ocrx_word' id='word_1_201' title='bbox 1189 3684 1383 3776; x_wconf 86' lang='lat' dir='ltr'><strong>llugitiosis·</strong></span> 
     </span>
     <span class='ocr_line' id='line_1_25' title="bbox 177 3807 1384 3902; baseline -0.002 -23"><span class='ocrx_word' id='word_1_202' title='bbox 177 3831 273 3880; x_wconf 86' lang='lat' dir='ltr'><strong>suma</strong></span> <span class='ocrx_word' id='word_1_203' title='bbox 307 3808 458 3878; x_wconf 85' lang='lat' dir='ltr'><strong>locinora</strong></span> <span class='ocrx_word' id='word_1_204' title='bbox 495 3808 615 3878; x_wconf 89' lang='lat' dir='ltr'><strong>leccre.</strong></span> <span class='ocrx_word' id='word_1_205' title='bbox 665 3809 774 3879; x_wconf 87' lang='lat' dir='ltr'><strong>Fuere</strong></span> <span class='ocrx_word' id='word_1_206' title='bbox 805 3808 864 3901; x_wconf 92' lang='lat' dir='ltr'><strong>qni</strong></span> <span class='ocrx_word' id='word_1_207' title='bbox 889 3831 971 3878; x_wconf 86' lang='lat' dir='ltr'><strong>auro</strong></span> <span class='ocrx_word' id='word_1_208' title='bbox 1009 3809 1153 3902; x_wconf 82' lang='lat' dir='ltr'><strong>corrupti</strong></span> <span class='ocrx_word' id='word_1_209' title='bbox 1191 3807 1384 3902; x_wconf 70' lang='lat' dir='ltr'><strong>elephantis</strong></span> 
     </span>
     <span class='ocr_line' id='line_1_26' title="bbox 178 3931 1385 4026; baseline 0 -24"><span class='ocrx_word' id='word_1_210' title='bbox 178 3931 347 4026; x_wconf 75' lang='lat' dir='ltr'><strong>lngurtlrae</strong></span> <span class='ocrx_word' id='word_1_211' title='bbox 372 3931 554 4013; x_wconf 85' lang='lat' dir='ltr'><strong>traderent;</strong></span> <span class='ocrx_word' id='word_1_212' title='bbox 593 3932 652 4002; x_wconf 87' lang='lat' dir='ltr'><strong>alii</strong></span> <span class='ocrx_word' id='word_1_213' title='bbox 689 3933 845 4026; x_wconf 84' lang='lat' dir='ltr'><strong>perfugas</strong></span> <span class='ocrx_word' id='word_1_214' title='bbox 877 3932 1037 4015; x_wconf 86' lang='lat' dir='ltr'><strong>vendere;</strong></span> <span class='ocrx_word' id='word_1_215' title='bbox 1075 3955 1152 4026; x_wconf 86' lang='lat' dir='ltr'><strong>pars</strong></span> <span class='ocrx_word' id='word_1_216' title='bbox 1186 3955 1229 4002; x_wconf 89' lang='lat' dir='ltr'><strong>ex</strong></span> <span class='ocrx_word' id='word_1_217' title='bbox 1260 3932 1385 4026; x_wconf 87' lang='lat' dir='ltr'><strong>pacatis</strong></span> 
     </span>
     <span class='ocr_line' id='line_1_27' title="bbox 179 4056 1386 4152; baseline -0.003 -24"><span class='ocrx_word' id='word_1_218' title='bbox 179 4057 309 4152; x_wconf 68' lang='lat' dir='ltr'><strong>pffldes</strong></span> <span class='ocrx_word' id='word_1_219' title='bbox 335 4057 497 4148; x_wconf 77' lang='lat' dir='ltr'><strong>agebant,</strong></span> <span class='ocrx_word' id='word_1_220' title='bbox 537 4067 627 4128; x_wconf 84' lang='lat' dir='ltr'><strong>tantu</strong></span> <span class='ocrx_word' id='word_1_221' title='bbox 658 4057 709 4128; x_wconf 88' lang='lat' dir='ltr'><strong>vis</strong></span> <span class='ocrx_word' id='word_1_222' title='bbox 735 4056 880 4127; x_wconf 71' lang='lat' dir='ltr'><strong>avaritiae</strong></span> <span class='ocrx_word' id='word_1_223' title='bbox 915 4057 950 4126; x_wconf 96' lang='lat' dir='ltr'><strong>in</strong></span> <span class='ocrx_word' id='word_1_224' title='bbox 976 4057 1104 4126; x_wconf 90' lang='lat' dir='ltr'><strong>animos</strong></span> <span class='ocrx_word' id='word_1_225' title='bbox 1137 4080 1252 4129; x_wconf 93' lang='lat' dir='ltr'><strong>eorum</strong></span> <span class='ocrx_word' id='word_1_226' title='bbox 1284 4056 1386 4128; x_wconf 86' lang='lat' dir='ltr'><strong>veluti</strong></span> 
     </span>
     <span class='ocr_line' id='line_1_28' title="bbox 180 4180 1387 4274; baseline -0.003 -20"><span class='ocrx_word' id='word_1_227' title='bbox 180 4183 273 4254; x_wconf 78' lang='lat' dir='ltr'><strong>unes</strong></span> <span class='ocrx_word' id='word_1_228' title='bbox 307 4183 484 4252; x_wconf 85' lang='lat' dir='ltr'><strong>invaserat.</strong></span> <span class='ocrx_word' id='word_1_229' title='bbox 535 4182 580 4253; x_wconf 77' lang='lat' dir='ltr'><strong>At</strong></span> <span class='ocrx_word' id='word_1_230' title='bbox 611 4181 757 4264; x_wconf 85' lang='lat' dir='ltr'><strong>Cassius,</strong></span> <span class='ocrx_word' id='word_1_231' title='bbox 796 4181 926 4274; x_wconf 86' lang='lat' dir='ltr'><strong>perlata</strong></span> <span class='ocrx_word' id='word_1_232' title='bbox 954 4180 1127 4272; x_wconf 88' lang='lat' dir='ltr'><strong>rogatione</strong></span> <span class='ocrx_word' id='word_1_233' title='bbox 1153 4204 1174 4252; x_wconf 86' lang='lat' dir='ltr'><strong>a</strong></span> <span class='ocrx_word' id='word_1_234' title='bbox 1200 4181 1239 4254; x_wconf 90' lang='lat' dir='ltr'><strong>G.</strong></span> <span class='ocrx_word' id='word_1_235' title='bbox 1277 4182 1387 4252; x_wconf 85' lang='lat' dir='ltr'><strong>Mem-</strong></span> 
     </span>
     <span class='ocr_line' id='line_1_29' title="bbox 180 4302 1387 4399; baseline -0.002 -23"><span class='ocrx_word' id='word_1_236' title='bbox 180 4307 251 4377; x_wconf 94' lang='lat' dir='ltr'><strong>mio</strong></span> <span class='ocrx_word' id='word_1_237' title='bbox 274 4330 314 4377; x_wconf 87' lang='lat' dir='ltr'><strong>ac</strong></span> <span class='ocrx_word' id='word_1_238' title='bbox 339 4306 494 4399; x_wconf 86' lang='lat' dir='ltr'><strong>perculsa</strong></span> <span class='ocrx_word' id='word_1_239' title='bbox 525 4307 617 4376; x_wconf 90' lang='lat' dir='ltr'><strong>omni</strong></span> <span class='ocrx_word' id='word_1_240' title='bbox 650 4306 838 4387; x_wconf 86' lang='lat' dir='ltr'><strong>nobilitate,</strong></span> <span class='ocrx_word' id='word_1_241' title='bbox 877 4304 919 4374; x_wconf 89' lang='lat' dir='ltr'><strong>ad</strong></span> <span class='ocrx_word' id='word_1_242' title='bbox 950 4302 1146 4396; x_wconf 83' lang='lat' dir='ltr'><strong>Iugurtham</strong></span> <span class='ocrx_word' id='word_1_243' title='bbox 1170 4303 1387 4399; x_wconf 85' lang='lat' dir='ltr'><strong>proficiscitur</strong></span> 
     </span>
     <span class='ocr_line' id='line_1_30' title="bbox 181 4427 1390 4524; baseline -0.003 -24"><span class='ocrx_word' id='word_1_244' title='bbox 181 4432 283 4524; x_wconf 83' lang='lat' dir='ltr'><strong>eique</strong></span> <span class='ocrx_word' id='word_1_245' title='bbox 322 4431 441 4505; x_wconf 92' lang='lat' dir='ltr'><strong>timido</strong></span> <span class='ocrx_word' id='word_1_246' title='bbox 477 4438 509 4499; x_wconf 90' lang='lat' dir='ltr'><strong>et</strong></span> <span class='ocrx_word' id='word_1_247' title='bbox 546 4453 589 4500; x_wconf 82' lang='lat' dir='ltr'><strong>ex</strong></span> <span class='ocrx_word' id='word_1_248' title='bbox 628 4429 831 4500; x_wconf 82' lang='lat' dir='ltr'><strong>conscientie</strong></span> <span class='ocrx_word' id='word_1_249' title='bbox 870 4427 1034 4498; x_wconf 88' lang='lat' dir='ltr'><strong>diffidenti</strong></span> <span class='ocrx_word' id='word_1_250' title='bbox 1072 4428 1170 4502; x_wconf 82' lang='lat' dir='ltr'><strong>rebus</strong></span> <span class='ocrx_word' id='word_1_251' title='bbox 1204 4427 1272 4498; x_wconf 90' lang='lat' dir='ltr'><strong>suis</strong></span> <span class='ocrx_word' id='word_1_252' title='bbox 1308 4450 1390 4520; x_wconf 91' lang='lat' dir='ltr'><strong>per-</strong></span> 
     </span>
     <span class='ocr_line' id='line_1_31' title="bbox 182 4551 1390 4650; baseline -0.003 -25"><span class='ocrx_word' id='word_1_253' title='bbox 182 4555 311 4636; x_wconf 80' lang='lat' dir='ltr'><strong>suadet,</strong></span> <span class='ocrx_word' id='word_1_254' title='bbox 327 4553 488 4650; x_wconf 81' lang='lat' dir='ltr'><strong>qnoniam</strong></span> <span class='ocrx_word' id='word_1_255' title='bbox 505 4577 540 4624; x_wconf 87' lang='lat' dir='ltr'><strong>se</strong></span> <span class='ocrx_word' id='word_1_256' title='bbox 557 4555 681 4648; x_wconf 90' lang='lat' dir='ltr'><strong>populo</strong></span> <span class='ocrx_word' id='word_1_257' title='bbox 690 4553 842 4623; x_wconf 82' lang='lat' dir='ltr'><strong>Romano</strong></span> <span class='ocrx_word' id='word_1_258' title='bbox 854 4552 1009 4635; x_wconf 86' lang='lat' dir='ltr'><strong>dedisset,</strong></span> <span class='ocrx_word' id='word_1_259' title='bbox 1026 4575 1068 4622; x_wconf 89' lang='lat' dir='ltr'><strong>ne</strong></span> <span class='ocrx_word' id='word_1_260' title='bbox 1086 4552 1154 4622; x_wconf 91' lang='lat' dir='ltr'><strong>vim</strong></span> <span class='ocrx_word' id='word_1_261' title='bbox 1170 4573 1272 4646; x_wconf 86' lang='lat' dir='ltr'><strong>quam</strong></span> <span class='ocrx_word' id='word_1_262' title='bbox 1285 4551 1390 4621; x_wconf 87' lang='lat' dir='ltr'><strong>mise·</strong></span> 
     </span>
     <span class='ocr_line' id='line_1_32' title="bbox 184 4675 1390 4771; baseline -0.005 -19"><span class='ocrx_word' id='word_1_263' title='bbox 184 4679 364 4752; x_wconf 80' lang='lat' dir='ltr'><strong>ricordiam</strong></span> <span class='ocrx_word' id='word_1_264' title='bbox 398 4679 470 4750; x_wconf 89' lang='lat' dir='ltr'><strong>eius</strong></span> <span class='ocrx_word' id='word_1_265' title='bbox 509 4677 652 4771; x_wconf 86' lang='lat' dir='ltr'><strong>experiri</strong></span> <span class='ocrx_word' id='word_1_266' title='bbox 694 4677 819 4750; x_wconf 86' lang='lat' dir='ltr'><strong>mallet.</strong></span> <span class='ocrx_word' id='word_1_267' title='bbox 880 4677 1037 4749; x_wconf 84' lang='lat' dir='ltr'><strong>Privatim</strong></span> <span class='ocrx_word' id='word_1_268' title='bbox 1084 4683 1245 4769; x_wconf 80' lang='lat' dir='ltr'><strong>praeterea</strong></span> <span class='ocrx_word' id='word_1_269' title='bbox 1290 4675 1390 4748; x_wconf 82' lang='lat' dir='ltr'><strong>fidem</strong></span> 
     </span>
    </p>
   </div>
   <div class='ocr_carea' id='block_1_3' title="bbox 0 0 1824 5594">
    <p class='ocr_par' dir='ltr' id='par_1_4' title="bbox 0 0 1824 5594">
     <span class='ocr_line' id='line_1_33' title="bbox 0 0 1824 5594; baseline 0 0"><span class='ocrx_word' id='word_1_270' title='bbox 0 0 1824 5594; x_wconf 95' lang='lat' dir='ltr'><strong> </strong></span> 
     </span>
    </p>
   </div>
  </div>
 </body>
</html>
