3576 5602
428 617 500 688 392
578 640 582 648 “

428 816 596 888 absolutus
630 827 680 886 est
703 869 738 886 ..
764 870 771 886 .
798 840 865 887 non
901 818 1009 890 minus
1059 817 1135 898 boc,
1174 819 1264 914 quod
1297 819 1338 888 de
1370 821 1475 889 hlarte
1505 818 1638 899 dicitur,
1758 847 1759 866 ¹

429 943 551 1013 salsum
586 963 657 1012 esse
690 965 895 1024 asseverans,
933 965 1034 1035 quam
1069 942 1152 1012 illud
1187 942 1277 1034 quod
1302 943 1343 1013 de
1369 943 1474 1012 trihus
1499 943 1638 1020 deabus,

433 1069 560 1137 lunone
586 1067 713 1136 scilieet
737 1078 770 1136 ct
794 1066 943 1137 Minerva
970 1078 1002 1136 et
1027 1069 1170 1148 Venere,
1204 1090 1290 1158 quae
1325 1091 1384 1160 pro
1418 1069 1509 1137 malo
1535 1089 1640 1138 aureo

433 1190 646 1283 adipiscendo
672 1190 759 1284 apud
786 1191 928 1262 iudicem
943 1191 1095 1260 Paridem
1120 1191 1161 1261 de
1188 1190 1444 1284 pulchritudinis
1470 1191 1637 1261 excellen·

434 1315 480 1384 tia
504 1325 646 1386 certasse
671 1327 928 1386 narrantur
953 1315 1012 1385 sed
1037 1315 1137 1384 aliam
1165 1315 1331 1408 quandam
1358 1315 1399 1384 de
1422 1317 1639 1385 obscurarum

434 1439 550 1509 notitia
576 1439 757 1511 litterarum
785 1461 918 1510 causam
944 1438 1089 1510 nominis
1115 1438 1213 1510 buius
1239 1451 1377 1509 conatur
1402 1451 1636 1508 astruere...

435 1565 632 1654 depastione
656 1565 695 1634 de
719 1567 778 1633 cio.
805 1565 858 1632 dei
876 1561 932 1644 18,
960 1563 995 1634 9.
1013 1559 1069 1634 10.
1094 1563 1166 1633 ‘Sus
1184 1551 1376 1634 minervam'
1402 1563 1436 1631 in
1463 1562 1637 1655 proverbio

436 1698 494 1769 est,
523 1686 576 1758 ubi
603 1687 677 1780 quis
702 1687 736 1757 id
761 1687 857 1758 docet
881 1688 1023 1758 alterum
1049 1687 1143 1756 euius
1173 1687 1242 1779 ipse
1273 1687 1393 1756 inscius
1420 1698 1479 1756 est.
1530 1686 1636 1769 Quam

436 1833 507 1880 rem
535 1812 568 1881 in
595 1810 715 1892 medio,
742 1811 831 1905 quod
847 1811 951 1892 aiunt,
977 1811 1115 1903 positam
1135 1812 1241 1881 Varro
1263 1809 1518 1881 etEuhemerus
1544 1812 1635 1903 inep-

436 1935 477 2004 tis
495 1934 614 2028 mythis
635 1935 803 2006 involvere
824 1936 1013 2007 maluerunt
1034 1959 1134 2029 quam
1152 1935 1345 2028 simpliciter
1365 1935 1503 2005 referre.
1536 1937 1637 2005 Fectio

436 2061 492 2130 lib.
517 2057 563 2131 18
587 2083 613 2130 s.
639 2085 669 2129 o.
696 2084 758 2130 sus.
807 2062 848 2131 Ut
879 2062 985 2130 Varro
1021 2060 1149 2141 scribit,
1191 2073 1352 2151 regnante
1383 2037 1635 2131 Atheniensibus

437 2186 578 2265 Cranno,
611 2206 800 2255 successore
826 2185 992 2277 Cecropis,
1018 2237 1055 2252 ..
1083 2183 1243 2254 diluvium
1271 2185 1342 2266 luit,
1377 2185 1464 2278 quod
1491 2183 1635 2276 appella-

436 2318 506 2378 tum
537 2319 586 2376 est
614 2307 826 2378 Deucalionis
857 2330 898 2377 eo
929 2305 1017 2400 qnod
1053 2309 1121 2398 ipse
1147 2307 1307 2398 regnabat
1332 2307 1367 2375 in
1392 2329 1509 2377 earum
1535 2320 1636 2376 terra·

438 2431 693 2524 rumpentibus,
720 2433 776 2502 uhi
802 2432 947 2502 maxime
973 2431 1095 2502 sactum
1120 2443 1180 2500 est
1223 2433 1419 2522 Augustinus
1444 2433 1484 2500 dc
1507 2435 1568 2501 cic.
1589 2431 1637 2500 dei

440 2554 576 2636 18,10.
615 2558 721 2626 Varro
748 2556 804 2625 ille
829 2557 1007 2636 Romanus,
1033 2556 1291 2626 multiformibus
1317 2555 1467 2625 eminens
1491 2554 1636 2648 discipli·
1689 2617 1696 2644 ,

439 2681 490 2750 nis
514 2692 546 2750 et
572 2681 605 2749 in
632 2681 798 2750 vetustatis
824 2680 1037 2772 indagatione
1063 2681 1210 2762 rimator,
1237 2681 1271 2749 in
1296 2681 1460 2751 librorum
1486 2691 1636 2771 quattuor

439 2805 557 2896 primo,
593 2827 676 2898 quos
704 2805 745 2875 de
775 2817 874 2896 gente
906 2804 1109 2897 conscriptos
1136 2806 1273 2874 Romani
1306 2805 1420 2898 populi
1450 2805 1634 2898 dereliquit,

439 2928 577 2999 curiosis
601 2929 902 3022 computationibus
927 2929 1053 3010 edocet,
1079 2930 1122 2999 ab
1148 2929 1264 2999 diluvii
1284 2939 1432 3021 ternpore
1544 2929 1636 2998 ados-

440 3075 505 3144 que
524 3054 624 3125 Hirtii
650 3057 857 3126 consulatum
883 3067 914 3126 et
931 3058 1058 3126 Pansae
1084 3077 1246 3125 annorum
1272 3076 1345 3123 esse
1370 3054 1463 3125 milia
1495 3055 1635 3124 nondum

441 3178 517 3249 duo.
556 3180 714 3250 druohs'us
738 3182 812 3249 odo.
838 3195 941 3271 paster
957 3177 992 3260 5,
1018 3177 1119 3252 8...
1148 3175 1205 3264 [de
1228 3173 1436 3270 Gigantibus]
1464 3180 1572 3249 Varro
1590 3178 1636 3248 di·

441 3304 496 3383 cit,
523 3303 557 3372 in
582 3303 709 3374 diluvio
734 3304 862 3396 aliquos
888 3304 930 3374 ad
955 3315 1083 3374 montes
1109 3304 1297 3394 confugisse
1326 3327 1402 3374 cum
1429 3304 1633 3380 utensilibus:

442 3427 499 3520 qui
525 3426 667 3496 lacessiti
693 3437 804 3517 postea
828 3427 917 3497 bello
943 3428 986 3498 ah
1012 3428 1074 3510 his,
1101 3426 1225 3520 quide
1252 3426 1324 3496 aliis
1346 3426 1524 3497 veniebant
1547 3451 1636 3497 mon-

442 3551 540 3632 tibus,
569 3553 665 3622 faeile
692 3575 734 3620 ex
760 3552 840 3623 locis
865 3552 1091 3645 superioribus
1117 3554 1278 3623 vicerunt.
1325 3553 1418 3624 Unde
1444 3552 1558 3624 lictum
1583 3566 1635 3632 est,

327 3723 334 3732 .
442 3689 478 3748 ut
504 3677 560 3748 Dii
586 3680 771 3773 superiores
803 3679 1002 3761 dicerentur,
1042 3679 1214 3749 inferiores
1249 3702 1327 3748 vero
1351 3679 1574 3770 Terrigenae
1610 3687 1638 3745 et

441 3801 587 3896 quiade
613 3801 794 3873 humilibus
819 3802 1016 3873 adsumme
1041 3803 1225 3894 reptabant,
1251 3801 1329 3871 dicti
1355 3812 1432 3870 sunt
1457 3823 1517 3894 pro
1548 3800 1639 3894 pedi·

443 3928 504 3998 bus
529 3927 682 3998 babuisse
707 3941 886 4019 serpentes.
942 3929 1070 3998 Seruios
1099 3931 1142 3998 od
1174 3929 1259 4018 Verp.
1294 3929 1370 3996 Aere
1398 3924 1433 4007 3,
1460 3923 1546 3998 578.
1584 3928 1637 4016 cfr.

443 4053 690 4142 Mythopruphus
714 4053 799 4120 Mati
820 4076 854 4143 p.
877 4049 958 4122 104.
983 4050 1063 4122 166.
1097 4053 1270 4142 Byzantios
1299 4052 1387 4142 opud
1411 4050 1583 4120 Mullorum
1607 4051 1640 4116 io

443 4179 559 4266 fropm.
586 4179 658 4246 hist.
683 4199 735 4267 pr.
760 4178 809 4245 lV
834 4203 868 4270 p.
893 4175 960 4248 541
993 4229 1034 4244 ..
1061 4229 1068 4244 .
1097 4178 1201 4246 Varro
1228 4177 1261 4245 in
1290 4175 1375 4245 libro
1401 4175 1458 4267 qui
1484 4175 1640 4245 Admira-

444 4299 561 4369 bilium
595 4299 782 4369 inscribitur
813 4299 1067 4370 Erichthonium
1106 4300 1152 4369 ait
1184 4299 1325 4392 primum
1359 4321 1461 4390 equos
1490 4308 1641 4392 quattuor

445 4424 591 4494 iunxisse
618 4423 718 4504 ludis,
758 4425 814 4515 qui
841 4423 1069 4494 Panathenaea
1096 4424 1316 4518 appellantur.
1370 4425 1641 4514 Philorppriuset

445 4547 572 4618 Seroim
588 4550 631 4616 od
662 4549 745 4637 Verp.
765 4549 877 4637 Georp.
901 4545 937 4628 3,
963 4544 1041 4618 113.
1086 4549 1214 4636 Regum
1242 4545 1497 4616 Atheniensium
1519 4547 1641 4639 primus

448 4670 506 4740 luit
536 4671 694 4761 Cecrops,
734 4670 810 4738 dein
840 4671 1002 4751 Cranaos,
1047 4670 1138 4740 tertio
1171 4668 1410 4763 Amphictyon,
1451 4679 1523 4759 post
1556 4667 1641 4737 hunc
