<?xml version="1.0" encoding="UTF-8"?>
<!DOCTYPE html PUBLIC "-//W3C//DTD XHTML 1.0 Transitional//EN"
    "http://www.w3.org/TR/xhtml1/DTD/xhtml1-transitional.dtd">
<html xmlns="http://www.w3.org/1999/xhtml" xml:lang="en" lang="en">
 <head>
  <title>
</title>
<meta http-equiv="Content-Type" content="text/html;charset=utf-8" />
  <meta name='ocr-system' content='tesseract 3.04.00' />
  <meta name='ocr-capabilities' content='ocr_page ocr_carea ocr_par ocr_line ocrx_word'/>
</head>
<body>
  <div class='ocr_page' id='page_1' title='image "./gaisalustiicris00rothgoog_0235.png"; bbox 0 0 3554 5600; ppageno 0'>
   <div class='ocr_carea' id='block_1_1' title="bbox 461 635 529 706">
    <p class='ocr_par' dir='ltr' id='par_1_1' title="bbox 461 635 529 706">
     <span class='ocr_line' id='line_1_1' title="bbox 461 635 529 706; baseline 0.029 -2"><span class='ocrx_word' id='word_1_1' title='bbox 461 635 529 706; x_wconf 79' lang='lat'><strong>198</strong></span> 
     </span>
    </p>
   </div>
   <div class='ocr_carea' id='block_1_2' title="bbox 445 836 1671 2164">
    <p class='ocr_par' dir='ltr' id='par_1_2' title="bbox 445 836 1668 1676">
     <span class='ocr_line' id='line_1_2' title="bbox 457 836 1661 930; baseline 0.003 -24"><span class='ocrx_word' id='word_1_2' title='bbox 457 837 551 907; x_wconf 90' lang='lat' dir='ltr'><strong>nulla</strong></span> <span class='ocrx_word' id='word_1_3' title='bbox 571 836 759 927; x_wconf 77' lang='lat' dir='ltr'><strong>prestantia</strong></span> <span class='ocrx_word' id='word_1_4' title='bbox 783 836 910 908; x_wconf 87' lang='lat' dir='ltr'><strong>virtutis</strong></span> <span class='ocrx_word' id='word_1_5' title='bbox 934 845 991 908; x_wconf 91' lang='lat' dir='ltr'><strong>aut</strong></span> <span class='ocrx_word' id='word_1_6' title='bbox 1016 837 1143 930; x_wconf 88' lang='lat' dir='ltr'><strong>ingenii</strong></span> <span class='ocrx_word' id='word_1_7' title='bbox 1170 840 1420 910; x_wconf 85' lang='lat' dir='ltr'><strong>commendavit.</strong></span> <span class='ocrx_word' id='word_1_8' title='bbox 1464 840 1548 922; x_wconf 78' lang='lat' dir='ltr'><strong>Qua</strong></span> <span class='ocrx_word' id='word_1_9' title='bbox 1574 863 1661 910; x_wconf 89' lang='lat' dir='ltr'><strong>vcro</strong></span> 
     </span>
     <span class='ocr_line' id='line_1_3' title="bbox 445 955 1664 1056; baseline 0.002 -27"><span class='ocrx_word' id='word_1_10' title='bbox 445 955 526 1030; x_wconf 86' lang='lat' dir='ltr'><strong>&#39;nou</strong></span> <span class='ocrx_word' id='word_1_11' title='bbox 551 960 697 1030; x_wconf 73' lang='lat' dir='ltr'><strong>tabem</strong></span> <span class='ocrx_word' id='word_1_12' title='bbox 722 961 830 1053; x_wconf 91' lang='lat' dir='ltr'><strong>potius</strong></span> <span class='ocrx_word' id='word_1_13' title='bbox 868 972 925 1032; x_wconf 92' lang='lat' dir='ltr'><strong>aut</strong></span> <span class='ocrx_word' id='word_1_14' title='bbox 951 962 1012 1054; x_wconf 75' lang='lat' dir='ltr'><strong>qui</strong></span> <span class='ocrx_word' id='word_1_15' title='bbox 1040 985 1106 1032; x_wconf 92' lang='lat' dir='ltr'><strong>non</strong></span> <span class='ocrx_word' id='word_1_16' title='bbox 1133 985 1251 1056; x_wconf 86' lang='lat' dir='ltr'><strong>greges</strong></span> <span class='ocrx_word' id='word_1_17' title='bbox 1283 965 1456 1034; x_wconf 86' lang='lat' dir='ltr'><strong>infamium</strong></span> <span class='ocrx_word' id='word_1_18' title='bbox 1482 962 1664 1035; x_wconf 87' lang='lat' dir='ltr'><strong>bominum</strong></span> 
     </span>
     <span class='ocr_line' id='line_1_4' title="bbox 461 1083 1668 1178; baseline 0.004 -25"><span class='ocrx_word' id='word_1_19' title='bbox 461 1083 662 1178; x_wconf 78' lang='lat' dir='ltr'>sibyllinum</span> <span class='ocrx_word' id='word_1_20' title='bbox 687 1085 783 1155; x_wconf 77' lang='lat' dir='ltr'><strong>isuran</strong></span> <span class='ocrx_word' id='word_1_21' title='bbox 807 1085 992 1178; x_wconf 87' lang='lat' dir='ltr'><strong>principem</strong></span> <span class='ocrx_word' id='word_1_22' title='bbox 1017 1086 1314 1159; x_wconf 67' lang='lat' dir='ltr'><strong>concelebrarent?</strong></span> <span class='ocrx_word' id='word_1_23' title='bbox 1355 1110 1431 1158; x_wconf 86' lang='lat' dir='ltr'><strong>uara</strong></span> <span class='ocrx_word' id='word_1_24' title='bbox 1461 1087 1561 1158; x_wconf 83' lang='lat' dir='ltr'><strong>vitam</strong></span> <span class='ocrx_word' id='word_1_25' title='bbox 1586 1087 1668 1158; x_wconf 84' lang='lat' dir='ltr'><strong>eius</strong></span> 
     </span>
     <span class='ocr_line' id='line_1_5' title="bbox 459 1201 1667 1304; baseline 0.002 -26"><span class='ocrx_word' id='word_1_26' title='bbox 459 1231 723 1280; x_wconf 88' lang='lat' dir='ltr'><strong>commemorare</strong></span> <span class='ocrx_word' id='word_1_27' title='bbox 748 1201 814 1280; x_wconf 87' lang='lat' dir='ltr'><strong>uon</strong></span> <span class='ocrx_word' id='word_1_28' title='bbox 840 1221 888 1280; x_wconf 88' lang='lat' dir='ltr'><strong>est</strong></span> <span class='ocrx_word' id='word_1_29' title='bbox 912 1232 1063 1292; x_wconf 87' lang='lat' dir='ltr'><strong>necesse,</strong></span> <span class='ocrx_word' id='word_1_30' title='bbox 1094 1223 1257 1284; x_wconf 86' lang='lat' dir='ltr'><strong>versatam</strong></span> <span class='ocrx_word' id='word_1_31' title='bbox 1282 1235 1413 1304; x_wconf 81' lang='lat' dir='ltr'>semper</span> <span class='ocrx_word' id='word_1_32' title='bbox 1437 1212 1472 1282; x_wconf 93' lang='lat' dir='ltr'><strong>in</strong></span> <span class='ocrx_word' id='word_1_33' title='bbox 1496 1211 1667 1282; x_wconf 78' lang='lat' dir='ltr'><strong>obeundis</strong></span> 
     </span>
     <span class='ocr_line' id='line_1_6' title="bbox 462 1331 1666 1426; baseline 0 -22"><span class='ocrx_word' id='word_1_34' title='bbox 462 1331 656 1404; x_wconf 89' lang='lat' dir='ltr'><strong>libidinibus</strong></span> <span class='ocrx_word' id='word_1_35' title='bbox 686 1357 725 1404; x_wconf 88' lang='lat' dir='ltr'><strong>ac</strong></span> <span class='ocrx_word' id='word_1_36' title='bbox 760 1333 914 1404; x_wconf 88' lang='lat' dir='ltr'><strong>societate</strong></span> <span class='ocrx_word' id='word_1_37' title='bbox 938 1334 1204 1426; x_wconf 88' lang='lat' dir='ltr'><strong>turpissimorum</strong></span> <span class='ocrx_word' id='word_1_38' title='bbox 1234 1336 1405 1407; x_wconf 87' lang='lat' dir='ltr'><strong>bominum</strong></span> <span class='ocrx_word' id='word_1_39' title='bbox 1430 1336 1666 1407; x_wconf 75' lang='lat' dir='ltr'><strong>nobilitatam:</strong></span> 
     </span>
     <span class='ocr_line' id='line_1_7' title="bbox 463 1456 1667 1550; baseline 0.002 -24"><span class='ocrx_word' id='word_1_40' title='bbox 463 1456 548 1528; x_wconf 88' lang='lat' dir='ltr'><strong>nibil</strong></span> <span class='ocrx_word' id='word_1_41' title='bbox 579 1458 615 1526; x_wconf 89' lang='lat' dir='ltr'><strong>in</strong></span> <span class='ocrx_word' id='word_1_42' title='bbox 647 1481 688 1528; x_wconf 92' lang='lat' dir='ltr'><strong>eo</strong></span> <span class='ocrx_word' id='word_1_43' title='bbox 719 1457 890 1550; x_wconf 87' lang='lat' dir='ltr'><strong>sanguinis</strong></span> <span class='ocrx_word' id='word_1_44' title='bbox 923 1457 1013 1540; x_wconf 84' lang='lat' dir='ltr'><strong>aviti,</strong></span> <span class='ocrx_word' id='word_1_45' title='bbox 1053 1458 1138 1531; x_wconf 89' lang='lat' dir='ltr'><strong>nibil</strong></span> <span class='ocrx_word' id='word_1_46' title='bbox 1173 1459 1341 1531; x_wconf 76' lang='lat' dir='ltr'><strong>industriae</strong></span> <span class='ocrx_word' id='word_1_47' title='bbox 1366 1461 1533 1540; x_wconf 75' lang='lat' dir='ltr'><strong>Romane,</strong></span> <span class='ocrx_word' id='word_1_48' title='bbox 1572 1459 1667 1528; x_wconf 89' lang='lat' dir='ltr'><strong>nihil</strong></span> 
     </span>
     <span class='ocr_line' id='line_1_8' title="bbox 464 1581 1317 1676; baseline 0.005 -26"><span class='ocrx_word' id='word_1_49' title='bbox 464 1581 647 1675; x_wconf 79' lang='lat' dir='ltr'><strong>splendoris</strong></span> <span class='ocrx_word' id='word_1_50' title='bbox 670 1581 851 1664; x_wconf 78' lang='lat' dir='ltr'><strong>domestici,</strong></span> <span class='ocrx_word' id='word_1_51' title='bbox 881 1582 966 1653; x_wconf 88' lang='lat' dir='ltr'><strong>nibil</strong></span> <span class='ocrx_word' id='word_1_52' title='bbox 990 1584 1086 1654; x_wconf 76' lang='lat' dir='ltr'><strong>avito</strong></span> <span class='ocrx_word' id='word_1_53' title='bbox 1111 1584 1317 1676; x_wconf 77' lang='lat' dir='ltr'><strong>frugalitatis.</strong></span> 
     </span>
    </p>

    <p class='ocr_par' dir='ltr' id='par_1_3' title="bbox 467 1706 1671 2164">
     <span class='ocr_line' id='line_1_9' title="bbox 539 1706 1670 1801; baseline 0.002 -27"><span class='ocrx_word' id='word_1_54' title='bbox 539 1727 634 1774; x_wconf 82' lang='grc' dir='ltr'><strong>ιιιι.</strong></span> <span class='ocrx_word' id='word_1_55' title='bbox 684 1706 814 1798; x_wconf 75' lang='lat' dir='ltr'><strong>Fingite</strong></span> <span class='ocrx_word' id='word_1_56' title='bbox 830 1707 934 1790; x_wconf 88' lang='lat' dir='ltr'><strong>vobis,</strong></span> <span class='ocrx_word' id='word_1_57' title='bbox 959 1707 1098 1790; x_wconf 88' lang='lat' dir='ltr'><strong>ludices,</strong></span> <span class='ocrx_word' id='word_1_58' title='bbox 1124 1708 1238 1801; x_wconf 87' lang='lat' dir='ltr'><strong>fingite</strong></span> <span class='ocrx_word' id='word_1_59' title='bbox 1263 1709 1458 1801; x_wconf 87' lang='lat' dir='ltr'><strong>dignitatem</strong></span> <span class='ocrx_word' id='word_1_60' title='bbox 1482 1708 1580 1778; x_wconf 90' lang='lat' dir='ltr'><strong>buius</strong></span> <span class='ocrx_word' id='word_1_61' title='bbox 1598 1706 1670 1776; x_wconf 87' lang='lat' dir='ltr'><strong>lro-</strong></span> 
     </span>
     <span class='ocr_line' id='line_1_10' title="bbox 467 1829 1670 1926; baseline 0.002 -28"><span class='ocrx_word' id='word_1_62' title='bbox 467 1829 576 1910; x_wconf 89' lang='lat' dir='ltr'><strong>minis,</strong></span> <span class='ocrx_word' id='word_1_63' title='bbox 613 1839 683 1900; x_wconf 88' lang='lat' dir='ltr'><strong>tum</strong></span> <span class='ocrx_word' id='word_1_64' title='bbox 716 1829 887 1902; x_wconf 86' lang='lat' dir='ltr'><strong>florentem</strong></span> <span class='ocrx_word' id='word_1_65' title='bbox 925 1831 1128 1926; x_wconf 87' lang='lat' dir='ltr'><strong>amplissimo</strong></span> <span class='ocrx_word' id='word_1_66' title='bbox 1160 1833 1367 1924; x_wconf 86' lang='lat' dir='ltr'><strong>magistratu,</strong></span> <span class='ocrx_word' id='word_1_67' title='bbox 1403 1843 1474 1902; x_wconf 89' lang='lat' dir='ltr'><strong>turn</strong></span> <span class='ocrx_word' id='word_1_68' title='bbox 1506 1829 1670 1901; x_wconf 85' lang='lat' dir='ltr'><strong>omnibns</strong></span> 
     </span>
     <span class='ocr_line' id='line_1_11' title="bbox 468 1951 1671 2049; baseline 0.003 -27"><span class='ocrx_word' id='word_1_69' title='bbox 468 1951 582 2044; x_wconf 86' lang='lat' dir='ltr'><strong>populi</strong></span> <span class='ocrx_word' id='word_1_70' title='bbox 612 1953 752 2024; x_wconf 83' lang='lat' dir='ltr'><strong>Romani</strong></span> <span class='ocrx_word' id='word_1_71' title='bbox 785 1955 979 2026; x_wconf 84' lang='lat' dir='ltr'><strong>muneribus</strong></span> <span class='ocrx_word' id='word_1_72' title='bbox 1011 1967 1220 2026; x_wconf 83' lang='lat' dir='ltr'><strong>exornatam:</strong></span> <span class='ocrx_word' id='word_1_73' title='bbox 1255 1967 1415 2049; x_wconf 87' lang='lat' dir='ltr'><strong>quantum</strong></span> <span class='ocrx_word' id='word_1_74' title='bbox 1449 1978 1562 2049; x_wconf 72' lang='lat' dir='ltr'><strong>queso</strong></span> <span class='ocrx_word' id='word_1_75' title='bbox 1583 1979 1671 2025; x_wconf 90' lang='lat' dir='ltr'><strong>san-</strong></span> 
     </span>
     <span class='ocr_line' id='line_1_12' title="bbox 468 2074 1670 2164; baseline 0.005 -21"><span class='ocrx_word' id='word_1_76' title='bbox 468 2074 579 2164; x_wconf 90' lang='lat' dir='ltr'><strong>guinis</strong></span> <span class='ocrx_word' id='word_1_77' title='bbox 608 2077 713 2146; x_wconf 88' lang='lat' dir='ltr'><strong>civilis</strong></span> <span class='ocrx_word' id='word_1_78' title='bbox 745 2077 779 2146; x_wconf 91' lang='lat' dir='ltr'><strong>io</strong></span> <span class='ocrx_word' id='word_1_79' title='bbox 813 2079 896 2160; x_wconf 92' lang='lat' dir='ltr'><strong>foro,</strong></span> <span class='ocrx_word' id='word_1_80' title='bbox 931 2079 964 2149; x_wconf 93' lang='lat' dir='ltr'><strong>in</strong></span> <span class='ocrx_word' id='word_1_81' title='bbox 994 2081 1086 2149; x_wconf 90' lang='lat' dir='ltr'><strong>curia</strong></span> <span class='ocrx_word' id='word_1_82' title='bbox 1111 2079 1371 2152; x_wconf 81' lang='lat' dir='ltr'><strong>redundaturum</strong></span> <span class='ocrx_word' id='word_1_83' title='bbox 1402 2103 1473 2150; x_wconf 86' lang='lat' dir='ltr'><strong>esse</strong></span> <span class='ocrx_word' id='word_1_84' title='bbox 1506 2079 1670 2150; x_wconf 71' lang='lat' dir='ltr'><strong>creditis?</strong></span> 
     </span>
    </p>
   </div>
   <div class='ocr_carea' id='block_1_3' title="bbox 469 2321 1674 2793">
    <p class='ocr_par' dir='ltr' id='par_1_4' title="bbox 469 2321 1674 2793">
     <span class='ocr_line' id='line_1_13' title="bbox 469 2321 1671 2420; baseline 0.003 -28"><span class='ocrx_word' id='word_1_85' title='bbox 469 2321 591 2392; x_wconf 89' lang='lat' dir='ltr'><strong>civium</strong></span> <span class='ocrx_word' id='word_1_86' title='bbox 623 2323 776 2395; x_wconf 89' lang='lat' dir='ltr'><strong>cubicula</strong></span> <span class='ocrx_word' id='word_1_87' title='bbox 806 2325 1082 2398; x_wconf 82' lang='lat' dir='ltr'><strong>demanaturamf</strong></span> <span class='ocrx_word' id='word_1_88' title='bbox 1123 2328 1269 2420; x_wconf 89' lang='lat' dir='ltr'><strong>profecto</strong></span> <span class='ocrx_word' id='word_1_89' title='bbox 1298 2327 1457 2419; x_wconf 84' lang='lat' dir='ltr'><strong>dignitate</strong></span> <span class='ocrx_word' id='word_1_90' title='bbox 1484 2327 1588 2397; x_wconf 77' lang='lat' dir='ltr'><strong>belus</strong></span> <span class='ocrx_word' id='word_1_91' title='bbox 1612 2349 1671 2408; x_wconf 86' lang='lat' dir='ltr'><strong>ca,</strong></span> 
     </span>
     <span class='ocr_line' id='line_1_14' title="bbox 471 2445 1674 2545; baseline 0.005 -30"><span class='ocrx_word' id='word_1_92' title='bbox 471 2467 545 2537; x_wconf 78' lang='lat' dir='ltr'><strong>qua</strong></span> <span class='ocrx_word' id='word_1_93' title='bbox 570 2445 716 2538; x_wconf 86' lang='lat' dir='ltr'><strong>privatus</strong></span> <span class='ocrx_word' id='word_1_94' title='bbox 740 2450 990 2542; x_wconf 81' lang='lat' dir='ltr'><strong>concupivisset,</strong></span> <span class='ocrx_word' id='word_1_95' title='bbox 1022 2452 1094 2522; x_wconf 90' lang='lat' dir='ltr'><strong>siue</strong></span> <span class='ocrx_word' id='word_1_96' title='bbox 1123 2451 1225 2523; x_wconf 90' lang='lat' dir='ltr'><strong>dubio</strong></span> <span class='ocrx_word' id='word_1_97' title='bbox 1249 2461 1526 2545; x_wconf 81' lang='lat' dir='ltr'><strong>consequeretur:</strong></span> <span class='ocrx_word' id='word_1_98' title='bbox 1559 2451 1674 2521; x_wconf 84' lang='lat' dir='ltr'><strong>ferre-</strong></span> 
     </span>
     <span class='ocr_line' id='line_1_15' title="bbox 470 2571 1673 2668; baseline 0.004 -28"><span class='ocrx_word' id='word_1_99' title='bbox 470 2578 563 2640; x_wconf 87' lang='lat' dir='ltr'><strong>retur</strong></span> <span class='ocrx_word' id='word_1_100' title='bbox 577 2591 691 2642; x_wconf 90' lang='lat' dir='ltr'><strong>amens</strong></span> <span class='ocrx_word' id='word_1_101' title='bbox 716 2571 751 2641; x_wconf 94' lang='lat' dir='ltr'><strong>in</strong></span> <span class='ocrx_word' id='word_1_102' title='bbox 776 2573 899 2655; x_wconf 91' lang='lat' dir='ltr'><strong>omnia,</strong></span> <span class='ocrx_word' id='word_1_103' title='bbox 927 2597 988 2646; x_wconf 88' lang='lat' dir='ltr'><strong>uec</strong></span> <span class='ocrx_word' id='word_1_104' title='bbox 1012 2577 1090 2647; x_wconf 79' lang='lat' dir='ltr'><strong>ulle</strong></span> <span class='ocrx_word' id='word_1_105' title='bbox 1115 2577 1259 2647; x_wconf 88' lang='lat' dir='ltr'><strong>rationes</strong></span> <span class='ocrx_word' id='word_1_106' title='bbox 1283 2577 1496 2648; x_wconf 89' lang='lat' dir='ltr'><strong>consiliorum</strong></span> <span class='ocrx_word' id='word_1_107' title='bbox 1521 2586 1580 2646; x_wconf 89' lang='lat' dir='ltr'><strong>aut</strong></span> <span class='ocrx_word' id='word_1_108' title='bbox 1604 2599 1673 2668; x_wconf 92' lang='lat' dir='ltr'><strong>pu-</strong></span> 
     </span>
     <span class='ocr_line' id='line_1_16' title="bbox 472 2693 1673 2793; baseline 0.004 -30"><span class='ocrx_word' id='word_1_109' title='bbox 472 2693 561 2764; x_wconf 88' lang='lat' dir='ltr'><strong>doris</strong></span> <span class='ocrx_word' id='word_1_110' title='bbox 585 2717 648 2766; x_wconf 89' lang='lat' dir='ltr'><strong>nec</strong></span> <span class='ocrx_word' id='word_1_111' title='bbox 671 2697 740 2766; x_wconf 92' lang='lat' dir='ltr'><strong>ulla</strong></span> <span class='ocrx_word' id='word_1_112' title='bbox 761 2697 870 2768; x_wconf 90' lang='lat' dir='ltr'><strong>studia</strong></span> <span class='ocrx_word' id='word_1_113' title='bbox 891 2697 1103 2770; x_wconf 88' lang='lat' dir='ltr'><strong>humanitatis</strong></span> <span class='ocrx_word' id='word_1_114' title='bbox 1123 2701 1329 2772; x_wconf 81' lang='lat' dir='ltr'><strong>refrenarent</strong></span> <span class='ocrx_word' id='word_1_115' title='bbox 1349 2700 1553 2793; x_wconf 75' lang='lat' dir='ltr'><strong>precipitem</strong></span> <span class='ocrx_word' id='word_1_116' title='bbox 1570 2712 1673 2792; x_wconf 81' lang='lat' dir='ltr'><strong>atque</strong></span> 
     </span>
    </p>
   </div>
   <div class='ocr_carea' id='block_1_4' title="bbox 473 2817 1674 3412">
    <p class='ocr_par' dir='ltr' id='par_1_5' title="bbox 473 2817 1674 3412">
     <span class='ocr_line' id='line_1_17' title="bbox 473 2817 1674 2917; baseline 0.003 -29"><span class='ocrx_word' id='word_1_117' title='bbox 473 2817 643 2890; x_wconf 87' lang='lat' dir='ltr'><strong>incitatum</strong></span> <span class='ocrx_word' id='word_1_118' title='bbox 668 2843 800 2892; x_wconf 81' lang='lat' dir='ltr'><strong>ctusum</strong></span> <span class='ocrx_word' id='word_1_119' title='bbox 825 2834 960 2894; x_wconf 78' lang='lat' dir='ltr'><strong>vetuste</strong></span> <span class='ocrx_word' id='word_1_120' title='bbox 993 2825 1206 2896; x_wconf 78' lang='lat' dir='ltr'><strong>crudelitatis.</strong></span> <span class='ocrx_word' id='word_1_121' title='bbox 1249 2823 1415 2917; x_wconf 82' lang='lat' dir='ltr'><strong>Cethegus</strong></span> <span class='ocrx_word' id='word_1_122' title='bbox 1444 2823 1584 2894; x_wconf 85' lang='lat' dir='ltr'><strong>inferior</strong></span> <span class='ocrx_word' id='word_1_123' title='bbox 1607 2847 1674 2893; x_wconf 94' lang='lat' dir='ltr'><strong>no-</strong></span> 
     </span>
     <span class='ocr_line' id='line_1_18' title="bbox 473 2941 1672 3039; baseline 0.005 -27"><span class='ocrx_word' id='word_1_124' title='bbox 473 2941 598 3012; x_wconf 91' lang='lat' dir='ltr'><strong>bilitate</strong></span> <span class='ocrx_word' id='word_1_125' title='bbox 630 2955 730 3037; x_wconf 88' lang='lat' dir='ltr'><strong>atque</strong></span> <span class='ocrx_word' id='word_1_126' title='bbox 767 2945 913 3037; x_wconf 89' lang='lat' dir='ltr'><strong>ingenio,</strong></span> <span class='ocrx_word' id='word_1_127' title='bbox 951 2948 1158 3020; x_wconf 86' lang='lat' dir='ltr'><strong>vehementia</strong></span> <span class='ocrx_word' id='word_1_128' title='bbox 1195 2950 1315 3021; x_wconf 87' lang='lat' dir='ltr'><strong>furoris</strong></span> <span class='ocrx_word' id='word_1_129' title='bbox 1347 2950 1446 3039; x_wconf 92' lang='lat' dir='ltr'><strong>longe</strong></span> <span class='ocrx_word' id='word_1_130' title='bbox 1478 2947 1672 3030; x_wconf 80' lang='lat' dir='ltr'><strong>immanior,</strong></span> 
     </span>
     <span class='ocr_line' id='line_1_19' title="bbox 475 3069 1673 3157; baseline 0.003 -21"><span class='ocrx_word' id='word_1_131' title='bbox 475 3087 592 3157; x_wconf 87' lang='lat' dir='ltr'><strong>parum</strong></span> <span class='ocrx_word' id='word_1_132' title='bbox 611 3091 632 3136; x_wconf 91' lang='lat' dir='ltr'><strong>a</strong></span> <span class='ocrx_word' id='word_1_133' title='bbox 648 3069 783 3140; x_wconf 84' lang='lat' dir='ltr'><strong>Lentuli</strong></span> <span class='ocrx_word' id='word_1_134' title='bbox 807 3072 935 3141; x_wconf 90' lang='lat' dir='ltr'><strong>somnio</strong></span> <span class='ocrx_word' id='word_1_135' title='bbox 958 3071 1128 3144; x_wconf 87' lang='lat' dir='ltr'><strong>discedere</strong></span> <span class='ocrx_word' id='word_1_136' title='bbox 1154 3075 1241 3144; x_wconf 78' lang='lat' dir='ltr'><strong>visto</strong></span> <span class='ocrx_word' id='word_1_137' title='bbox 1260 3083 1319 3144; x_wconf 90' lang='lat' dir='ltr'><strong>est.</strong></span> <span class='ocrx_word' id='word_1_138' title='bbox 1362 3075 1485 3144; x_wconf 89' lang='lat' dir='ltr'><strong>Verum</strong></span> <span class='ocrx_word' id='word_1_139' title='bbox 1505 3071 1673 3141; x_wconf 90' lang='lat' dir='ltr'><strong>insaniam</strong></span> 
     </span>
     <span class='ocr_line' id='line_1_20' title="bbox 475 3191 1673 3294; baseline 0.002 -32"><span class='ocrx_word' id='word_1_140' title='bbox 475 3191 651 3264; x_wconf 82' lang='lat' dir='ltr'><strong>levissimae</strong></span> <span class='ocrx_word' id='word_1_141' title='bbox 666 3195 831 3288; x_wconf 86' lang='lat' dir='ltr'><strong>opinionis</strong></span> <span class='ocrx_word' id='word_1_142' title='bbox 846 3197 1044 3269; x_wconf 88' lang='lat' dir='ltr'><strong>modestiore</strong></span> <span class='ocrx_word' id='word_1_143' title='bbox 1069 3198 1227 3294; x_wconf 85' lang='lat' dir='ltr'><strong>loquendi</strong></span> <span class='ocrx_word' id='word_1_144' title='bbox 1246 3199 1373 3268; x_wconf 89' lang='lat' dir='ltr'><strong>ratione</strong></span> <span class='ocrx_word' id='word_1_145' title='bbox 1388 3205 1569 3286; x_wconf 78' lang='lat' dir='ltr'><strong>contegere</strong></span> <span class='ocrx_word' id='word_1_146' title='bbox 1586 3195 1673 3265; x_wconf 87' lang='lat' dir='ltr'><strong>velle</strong></span> 
     </span>
     <span class='ocr_line' id='line_1_21' title="bbox 475 3319 1674 3412; baseline -0.001 -23"><span class='ocrx_word' id='word_1_147' title='bbox 475 3319 621 3390; x_wconf 88' lang='lat' dir='ltr'><strong>videtur:</strong></span> <span class='ocrx_word' id='word_1_148' title='bbox 670 3343 774 3410; x_wconf 85' lang='lat' dir='ltr'><strong>genus</strong></span> <span class='ocrx_word' id='word_1_149' title='bbox 815 3333 864 3392; x_wconf 87' lang='lat' dir='ltr'><strong>cst</strong></span> <span class='ocrx_word' id='word_1_150' title='bbox 905 3321 993 3392; x_wconf 88' lang='lat' dir='ltr'><strong>idern</strong></span> <span class='ocrx_word' id='word_1_151' title='bbox 1036 3333 1146 3392; x_wconf 86' lang='lat' dir='ltr'><strong>tamen</strong></span> <span class='ocrx_word' id='word_1_152' title='bbox 1193 3321 1312 3392; x_wconf 87' lang='lat' dir='ltr'><strong>furoris</strong></span> <span class='ocrx_word' id='word_1_153' title='bbox 1358 3319 1543 3412; x_wconf 79' lang='lat' dir='ltr'><strong>eodemque</strong></span> <span class='ocrx_word' id='word_1_154' title='bbox 1589 3319 1674 3390; x_wconf 87' lang='lat' dir='ltr'><strong>ratio</strong></span> 
     </span>
    </p>
   </div>
   <div class='ocr_carea' id='block_1_5' title="bbox 475 3441 1675 4790">
    <p class='ocr_par' dir='ltr' id='par_1_6' title="bbox 475 3441 1674 4163">
     <span class='ocr_line' id='line_1_22' title="bbox 476 3441 1674 3518; baseline -0.001 -3"><span class='ocrx_word' id='word_1_155' title='bbox 476 3445 714 3516; x_wconf 73' lang='lat' dir='ltr'><strong>concelebrata·</strong></span> <span class='ocrx_word' id='word_1_156' title='bbox 739 3445 962 3516; x_wconf 83' lang='lat' dir='ltr'><strong>divinationis.</strong></span> <span class='ocrx_word' id='word_1_157' title='bbox 1003 3448 1100 3518; x_wconf 82' lang='lat' dir='ltr'><strong>Tales</strong></span> <span class='ocrx_word' id='word_1_158' title='bbox 1126 3445 1160 3516; x_wconf 89' lang='lat' dir='ltr'><strong>bi</strong></span> <span class='ocrx_word' id='word_1_159' title='bbox 1185 3446 1348 3516; x_wconf 89' lang='lat' dir='ltr'><strong>scelerum</strong></span> <span class='ocrx_word' id='word_1_160' title='bbox 1379 3441 1523 3513; x_wconf 87' lang='lat' dir='ltr'><strong>artifices</strong></span> <span class='ocrx_word' id='word_1_161' title='bbox 1554 3443 1674 3514; x_wconf 79' lang='lat' dir='ltr'><strong>autbo—</strong></span> 
     </span>
     <span class='ocr_line' id='line_1_23' title="bbox 475 3568 1673 3664; baseline -0.001 -26"><span class='ocrx_word' id='word_1_162' title='bbox 475 3591 541 3662; x_wconf 85' lang='lat' dir='ltr'><strong>que</strong></span> <span class='ocrx_word' id='word_1_163' title='bbox 570 3569 723 3640; x_wconf 88' lang='lat' dir='ltr'><strong>concitati</strong></span> <span class='ocrx_word' id='word_1_164' title='bbox 747 3568 790 3639; x_wconf 88' lang='lat' dir='ltr'><strong>ad</strong></span> <span class='ocrx_word' id='word_1_165' title='bbox 814 3570 1024 3640; x_wconf 87' lang='lat' dir='ltr'><strong>evertendam</strong></span> <span class='ocrx_word' id='word_1_166' title='bbox 1056 3593 1126 3640; x_wconf 91' lang='lat' dir='ltr'><strong>rem</strong></span> <span class='ocrx_word' id='word_1_167' title='bbox 1157 3570 1335 3664; x_wconf 83' lang='lat' dir='ltr'><strong>publicant,</strong></span> <span class='ocrx_word' id='word_1_168' title='bbox 1362 3569 1480 3662; x_wconf 88' lang='lat' dir='ltr'><strong>partim</strong></span> <span class='ocrx_word' id='word_1_169' title='bbox 1499 3591 1527 3637; x_wconf 85' lang='lat' dir='ltr'><strong>u</strong></span> <span class='ocrx_word' id='word_1_170' title='bbox 1552 3591 1673 3638; x_wconf 87' lang='lat' dir='ltr'><strong>vesana</strong></span> 
     </span>
     <span class='ocr_line' id='line_1_24' title="bbox 476 3693 1674 3787; baseline -0.002 -24"><span class='ocrx_word' id='word_1_171' title='bbox 476 3717 534 3787; x_wconf 90' lang='lat' dir='ltr'><strong>spe</strong></span> <span class='ocrx_word' id='word_1_172' title='bbox 558 3693 703 3764; x_wconf 83' lang='lat' dir='ltr'><strong>vaticinii</strong></span> <span class='ocrx_word' id='word_1_173' title='bbox 729 3694 988 3776; x_wconf 87' lang='lat' dir='ltr'><strong>commemorati,</strong></span> <span class='ocrx_word' id='word_1_174' title='bbox 1015 3695 1169 3787; x_wconf 77' lang='lat' dir='ltr'><strong>partim</strong></span> <span class='ocrx_word' id='word_1_175' title='bbox 1191 3694 1317 3764; x_wconf 85' lang='lat' dir='ltr'><strong>nefaria</strong></span> <span class='ocrx_word' id='word_1_176' title='bbox 1342 3694 1505 3763; x_wconf 87' lang='lat' dir='ltr'><strong>scelerum</strong></span> <span class='ocrx_word' id='word_1_177' title='bbox 1532 3693 1674 3763; x_wconf 65' lang='lat' dir='ltr'><strong>umidul-</strong></span> 
     </span>
     <span class='ocr_line' id='line_1_25' title="bbox 476 3815 1674 3910; baseline -0.003 -20"><span class='ocrx_word' id='word_1_178' title='bbox 476 3829 556 3903; x_wconf 87' lang='lat' dir='ltr'><strong>tate,</strong></span> <span class='ocrx_word' id='word_1_179' title='bbox 583 3819 761 3890; x_wconf 83' lang='lat' dir='ltr'><strong>Catilinam</strong></span> <span class='ocrx_word' id='word_1_180' title='bbox 777 3815 985 3890; x_wconf 83' lang='lat' dir='ltr'><strong>offenderunt</strong></span> <span class='ocrx_word' id='word_1_181' title='bbox 1009 3819 1103 3889; x_wconf 90' lang='lat' dir='ltr'><strong>novis</strong></span> <span class='ocrx_word' id='word_1_182' title='bbox 1128 3817 1229 3888; x_wconf 89' lang='lat' dir='ltr'><strong>rebus</strong></span> <span class='ocrx_word' id='word_1_183' title='bbox 1250 3817 1447 3896; x_wconf 89' lang='lat' dir='ltr'><strong>studentem,</strong></span> <span class='ocrx_word' id='word_1_184' title='bbox 1473 3817 1569 3887; x_wconf 86' lang='lat' dir='ltr'><strong>euius</strong></span> <span class='ocrx_word' id='word_1_185' title='bbox 1588 3839 1674 3910; x_wconf 78' lang='lat' dir='ltr'><strong>pra:-</strong></span> 
     </span>
     <span class='ocr_line' id='line_1_26' title="bbox 476 3941 1672 4042; baseline -0.008 -24"><span class='ocrx_word' id='word_1_186' title='bbox 476 3946 561 4018; x_wconf 91' lang='lat' dir='ltr'><strong>sidio</strong></span> <span class='ocrx_word' id='word_1_187' title='bbox 595 3947 799 4042; x_wconf 85' lang='lat' dir='ltr'><strong>consilioque</strong></span> <span class='ocrx_word' id='word_1_188' title='bbox 836 3947 1030 4042; x_wconf 87' lang='lat' dir='ltr'><strong>cupiditates</strong></span> <span class='ocrx_word' id='word_1_189' title='bbox 1057 3969 1133 4017; x_wconf 88' lang='lat' dir='ltr'><strong>suas</strong></span> <span class='ocrx_word' id='word_1_190' title='bbox 1169 3947 1211 4016; x_wconf 90' lang='lat' dir='ltr'><strong>ita</strong></span> <span class='ocrx_word' id='word_1_191' title='bbox 1247 3945 1353 4015; x_wconf 87' lang='lat' dir='ltr'><strong>iuvari</strong></span> <span class='ocrx_word' id='word_1_192' title='bbox 1384 3965 1479 4036; x_wconf 86' lang='lat' dir='ltr'><strong>posse</strong></span> <span class='ocrx_word' id='word_1_193' title='bbox 1514 3941 1672 4013; x_wconf 90' lang='lat' dir='ltr'><strong>facillime</strong></span> 
     </span>
     <span class='ocr_line' id='line_1_27' title="bbox 478 4066 1672 4163; baseline -0.01 -19"><span class='ocrx_word' id='word_1_194' title='bbox 478 4075 699 4154; x_wconf 87' lang='lat' dir='ltr'><strong>crediderunt,</strong></span> <span class='ocrx_word' id='word_1_195' title='bbox 730 4073 758 4142; x_wconf 93' lang='lat' dir='ltr'><strong>si</strong></span> <span class='ocrx_word' id='word_1_196' title='bbox 784 4073 855 4144; x_wconf 89' lang='lat' dir='ltr'><strong>viro</strong></span> <span class='ocrx_word' id='word_1_197' title='bbox 879 4073 1043 4143; x_wconf 87' lang='lat' dir='ltr'><strong>sociorum</strong></span> <span class='ocrx_word' id='word_1_198' title='bbox 1068 4069 1293 4163; x_wconf 89' lang='lat' dir='ltr'><strong>copiosissimo</strong></span> <span class='ocrx_word' id='word_1_199' title='bbox 1317 4091 1388 4138; x_wconf 84' lang='lat' dir='ltr'><strong>sese</strong></span> <span class='ocrx_word' id='word_1_200' title='bbox 1414 4066 1672 4138; x_wconf 83' lang='lat' dir='ltr'><strong>coniunxissent.</strong></span> 
     </span>
    </p>

    <p class='ocr_par' dir='ltr' id='par_1_7' title="bbox 477 4188 1675 4790">
     <span class='ocr_line' id='line_1_28' title="bbox 551 4188 1674 4285; baseline -0.01 -15"><span class='ocrx_word' id='word_1_201' title='bbox 551 4223 635 4270; x_wconf 89' lang='grc' dir='ltr'><strong>ιιι.</strong></span> <span class='ocrx_word' id='word_1_202' title='bbox 686 4203 744 4272; x_wconf 88' lang='lat' dir='ltr'><strong>Est</strong></span> <span class='ocrx_word' id='word_1_203' title='bbox 768 4199 858 4269; x_wconf 84' lang='lat' dir='ltr'><strong>eninr</strong></span> <span class='ocrx_word' id='word_1_204' title='bbox 883 4199 919 4270; x_wconf 90' lang='lat' dir='ltr'><strong>iu</strong></span> <span class='ocrx_word' id='word_1_205' title='bbox 945 4198 1003 4268; x_wconf 91' lang='lat' dir='ltr'><strong>illo</strong></span> <span class='ocrx_word' id='word_1_206' title='bbox 1029 4207 1185 4276; x_wconf 88' lang='lat' dir='ltr'><strong>monstro,</strong></span> <span class='ocrx_word' id='word_1_207' title='bbox 1216 4194 1311 4264; x_wconf 88' lang='lat' dir='ltr'><strong>sicuti</strong></span> <span class='ocrx_word' id='word_1_208' title='bbox 1338 4193 1437 4285; x_wconf 91' lang='lat' dir='ltr'><strong>paulo</strong></span> <span class='ocrx_word' id='word_1_209' title='bbox 1461 4201 1539 4262; x_wconf 88' lang='lat' dir='ltr'><strong>ante</strong></span> <span class='ocrx_word' id='word_1_210' title='bbox 1565 4188 1674 4281; x_wconf 85' lang='lat' dir='ltr'><strong>tetigi-</strong></span> 
     </span>
     <span class='ocr_line' id='line_1_29' title="bbox 477 4315 1673 4413; baseline -0.011 -17"><span class='ocrx_word' id='word_1_211' title='bbox 477 4349 561 4405; x_wconf 87' lang='lat' dir='ltr'><strong>mus,</strong></span> <span class='ocrx_word' id='word_1_212' title='bbox 596 4325 643 4395; x_wconf 84' lang='lat' dir='ltr'><strong>vis</strong></span> <span class='ocrx_word' id='word_1_213' title='bbox 669 4324 792 4395; x_wconf 83' lang='lat' dir='ltr'><strong>eximia</strong></span> <span class='ocrx_word' id='word_1_214' title='bbox 818 4323 1012 4394; x_wconf 79' lang='lat' dir='ltr'><strong>facetiarum</strong></span> <span class='ocrx_word' id='word_1_215' title='bbox 1045 4330 1077 4390; x_wconf 89' lang='lat' dir='ltr'><strong>ct</strong></span> <span class='ocrx_word' id='word_1_216' title='bbox 1101 4319 1185 4390; x_wconf 89' lang='lat' dir='ltr'><strong>ratio</strong></span> <span class='ocrx_word' id='word_1_217' title='bbox 1209 4317 1361 4413; x_wconf 76' lang='lat' dir='ltr'><strong>quedam</strong></span> <span class='ocrx_word' id='word_1_218' title='bbox 1387 4317 1583 4387; x_wconf 86' lang='lat' dir='ltr'><strong>adumbrata</strong></span> <span class='ocrx_word' id='word_1_219' title='bbox 1606 4315 1673 4382; x_wconf 84' lang='lat' dir='ltr'><strong>vir·</strong></span> 
     </span>
     <span class='ocr_line' id='line_1_30' title="bbox 478 4437 1675 4539; baseline -0.013 -19"><span class='ocrx_word' id='word_1_220' title='bbox 478 4461 595 4532; x_wconf 84' lang='lat' dir='ltr'><strong>tutum,</strong></span> <span class='ocrx_word' id='word_1_221' title='bbox 632 4449 736 4520; x_wconf 89' lang='lat' dir='ltr'><strong>facilis</strong></span> <span class='ocrx_word' id='word_1_222' title='bbox 761 4447 802 4518; x_wconf 86' lang='lat' dir='ltr'><strong>ad</strong></span> <span class='ocrx_word' id='word_1_223' title='bbox 826 4444 1174 4539; x_wconf 86' lang='lat' dir='ltr'><strong>comprehendendum</strong></span> <span class='ocrx_word' id='word_1_224' title='bbox 1204 4443 1351 4513; x_wconf 84' lang='lat' dir='ltr'><strong>omniurn</strong></span> <span class='ocrx_word' id='word_1_225' title='bbox 1377 4439 1552 4513; x_wconf 64' lang='lat' dir='ltr'><strong>Marinum</strong></span> <span class='ocrx_word' id='word_1_226' title='bbox 1577 4437 1675 4508; x_wconf 89' lang='lat' dir='ltr'><strong>fami-</strong></span> 
     </span>
     <span class='ocr_line' id='line_1_31' title="bbox 479 4563 1670 4660; baseline -0.014 -16"><span class='ocrx_word' id='word_1_227' title='bbox 479 4573 645 4644; x_wconf 87' lang='lat' dir='ltr'><strong>liaritates.</strong></span> <span class='ocrx_word' id='word_1_228' title='bbox 690 4573 788 4641; x_wconf 87' lang='lat' dir='ltr'><strong>llunc</strong></span> <span class='ocrx_word' id='word_1_229' title='bbox 815 4570 915 4660; x_wconf 86' lang='lat' dir='ltr'><strong>igitur</strong></span> <span class='ocrx_word' id='word_1_230' title='bbox 929 4569 1109 4640; x_wconf 87' lang='lat' dir='ltr'><strong>Catilinam</strong></span> <span class='ocrx_word' id='word_1_231' title='bbox 1134 4567 1243 4658; x_wconf 87' lang='lat' dir='ltr'><strong>adepti</strong></span> <span class='ocrx_word' id='word_1_232' title='bbox 1262 4565 1426 4656; x_wconf 79' lang='lat' dir='ltr'><strong>Cethegus</strong></span> <span class='ocrx_word' id='word_1_233' title='bbox 1450 4573 1485 4632; x_wconf 90' lang='lat' dir='ltr'><strong>et</strong></span> <span class='ocrx_word' id='word_1_234' title='bbox 1502 4563 1670 4637; x_wconf 83' lang='lat' dir='ltr'><strong>Lentulus,</strong></span> 
     </span>
     <span class='ocr_line' id='line_1_32' title="bbox 479 4685 1671 4790; baseline -0.011 -25"><span class='ocrx_word' id='word_1_235' title='bbox 479 4709 511 4766; x_wconf 87' lang='lat' dir='ltr'><strong>et</strong></span> <span class='ocrx_word' id='word_1_236' title='bbox 537 4698 597 4790; x_wconf 87' lang='lat' dir='ltr'><strong>ipsi</strong></span> <span class='ocrx_word' id='word_1_237' title='bbox 623 4695 795 4766; x_wconf 86' lang='lat' dir='ltr'><strong>lenociniis</strong></span> <span class='ocrx_word' id='word_1_238' title='bbox 829 4695 896 4764; x_wconf 91' lang='lat' dir='ltr'><strong>suis</strong></span> <span class='ocrx_word' id='word_1_239' title='bbox 931 4693 1075 4783; x_wconf 82' lang='lat' dir='ltr'><strong>insignes</strong></span> <span class='ocrx_word' id='word_1_240' title='bbox 1109 4691 1149 4762; x_wconf 88' lang='lat' dir='ltr'><strong>ud</strong></span> <span class='ocrx_word' id='word_1_241' title='bbox 1175 4715 1273 4760; x_wconf 85' lang='lat' dir='ltr'><strong>omne</strong></span> <span class='ocrx_word' id='word_1_242' title='bbox 1299 4713 1404 4780; x_wconf 81' lang='lat' dir='ltr'><strong>genus</strong></span> <span class='ocrx_word' id='word_1_243' title='bbox 1437 4685 1671 4758; x_wconf 75' lang='lat' dir='ltr'><strong>benevolentia</strong></span> 
     </span>
    </p>
   </div>
   <div class='ocr_carea' id='block_1_6' title="bbox 0 0 1806 5600">
    <p class='ocr_par' dir='ltr' id='par_1_8' title="bbox 0 0 1806 5600">
     <span class='ocr_line' id='line_1_33' title="bbox 0 0 1806 5600; baseline 0 0"><span class='ocrx_word' id='word_1_244' title='bbox 0 0 1806 5600; x_wconf 95' lang='lat' dir='ltr'><strong> </strong></span> 
     </span>
    </p>
   </div>
  </div>
 </body>
</html>
