3582 5594
1281 652 1351 764 137

151 844 202 915 dia
221 845 362 917 deducta
379 859 479 942 atque
496 847 665 940 imposita:
691 871 734 918 ex
750 847 899 921 lubidine
916 849 1008 941 leges
1025 852 1247 943 imperantur3
1274 876 1351 924 eum

150 970 283 1040 interim
308 959 367 1041 vos
383 971 510 1064 legatos
528 985 560 1043 et
576 973 708 1043 decreta
724 973 859 1066 paratis.
903 974 1035 1058 Quanto
1061 972 1253 1046 mehercule
1278 979 1352 1047 avi-

149 1094 224 1164 dius
249 1118 366 1187 pacem
390 1097 561 1190 petieritis,
596 1107 685 1168 tanto
711 1098 836 1169 bellum
871 1098 979 1168 acrius
1006 1097 1079 1181 erit,
1115 1122 1191 1168 cum
1216 1099 1352 1171 intelle-

150 1230 215 1310 get,
247 1242 283 1288 se
308 1231 400 1290 metu
425 1221 533 1312 magis
558 1244 659 1314 quam
685 1244 782 1315 aequo
816 1232 848 1292 et
876 1223 964 1292 bono
988 1232 1215 1294 sustentatum.
1264 1226 1351 1296 Nam

150 1344 206 1434 qui
232 1344 346 1415 turbas
371 1356 404 1417 et
428 1347 554 1418 caedem
580 1346 701 1418 civium
727 1348 835 1418 odisse
861 1349 917 1430 ait,
950 1360 982 1419 et
1006 1350 1049 1420 oh
1075 1351 1107 1420 id
1133 1359 1262 1421 armato
1284 1354 1352 1422 he-

149 1469 226 1562 pido
251 1492 311 1541 vos
336 1471 481 1542 inermos
507 1473 642 1553 retinet;
675 1496 750 1565 quae
776 1473 870 1544 victis
895 1475 1068 1544 toleranda
1092 1485 1178 1557 sunt,
1209 1499 1250 1545 ea
1275 1499 1351 1546 cum

150 1597 259 1670 lacere
286 1597 427 1692 possitis,
452 1597 625 1690 patiamini
650 1598 759 1690 potius
786 1607 908 1668 censet.
961 1600 1011 1668 lta
1045 1599 1095 1669 illi
1126 1623 1146 1668 a
1171 1599 1265 1669 vohis
1289 1622 1352 1692 pa·

150 1745 233 1802 cem,
268 1721 363 1791 robis
388 1721 431 1791 ah
456 1721 515 1791 illo
540 1720 666 1791 bellum
693 1721 819 1791 suadet.
864 1724 945 1792 Haec
971 1723 999 1791 si
1023 1724 1167 1815 placent,
1201 1724 1229 1792 si
1262 1733 1351 1794 tanta

149 1845 288 1938 torpedo
317 1845 444 1917 animos
469 1846 642 1938 oppressit,
669 1856 705 1915 ut
729 1845 823 1916 obliti
849 1846 1013 1916 scelerum
1039 1846 1165 1929 tinne,
1198 1847 1290 1917 euius
1316 1847 1351 1916 in

149 1969 267 2040 urbem
293 1968 403 2039 reditu
427 1968 528 2038 decus
553 1967 679 2038 ordinis
706 1967 803 2039 huius
829 1969 963 2052 interiit,
989 1967 1208 2041 nihilominus
1226 1993 1284 2040 vos
1301 1980 1352 2040 at-

150 2118 214 2188 que
249 2093 411 2183 coniuges
445 2105 478 2164 et
502 2092 623 2163 liberos
649 2093 777 2187 Lepido
810 2093 1002 2186 permissuri
1036 2094 1124 2177 sitis;
1164 2095 1243 2187 quid
1268 2117 1352 2187 opus

149 2218 317 2290 decretis‘l
354 2216 435 2309 quid
459 2217 585 2288 auxilio
611 2217 744 2288 Catuli‘l
782 2218 861 2310 quin
887 2217 915 2286 is
941 2228 973 2286 et
1002 2217 1060 2287 alii
1085 2218 1163 2287 honi
1190 2241 1259 2287 rem
1288 2241 1353 2311 pu·

148 2344 273 2414 blicam
299 2343 420 2414 frustm
444 2352 572 2412 curant.
611 2341 721 2433 Agite,
751 2352 786 2412 ut
810 2341 921 2421 luhet;
955 2353 1069 2433 parate
1094 2342 1188 2413 robis
1214 2341 1352 2433 Cethegi

149 2481 249 2562 atque
277 2467 345 2536 alia
369 2467 574 2558 proditorum
599 2467 795 2559 patrocinia,
822 2466 879 2558 qui
905 2467 1036 2560 rapinas
1061 2477 1094 2537 et
1119 2466 1274 2537 incendia
1298 2466 1352 2535 in-

147 2607 300 2666 stamare
325 2591 462 2683 cupiunt
485 2601 517 2660 et
540 2612 653 2661 rursus
678 2589 854 2659 advorsum
879 2591 958 2660 deos
983 2589 1113 2660 Penatis
1145 2613 1263 2660 manus
1295 2613 1352 2659 ar-

148 2741 253 2788 mare.
301 2715 358 2786 Sin
392 2685 527 2786 libertas
560 2724 593 2784 et
626 2737 705 2784 vera
737 2715 844 2806 magis
873 2715 1012 2808 placent,
1052 2715 1218 2784 decernite
1252 2715 1353 2806 digna

148 2840 293 2922 nomini,
320 2849 353 2908 et
377 2849 495 2931 augete
520 2838 691 2930 ingenium
716 2839 797 2908 viris
823 2838 973 2908 fortibus.
1010 2837 1113 2908 Adest
1136 2861 1237 2909 novos
1254 2861 1353 2908 exer-

149 2967 246 3048 citus,
272 2965 403 3037 adhoc
429 2964 568 3035 coloniae
586 2977 735 3036 veterum
753 2964 909 3046 militum,
935 2965 1090 3034 nobilitas
1107 2965 1224 3046 omnis,
1251 2965 1353 3034 duces

149 3091 298 3184 optumi:
340 3091 471 3161 fortuna
502 3091 656 3160 meliores
687 3089 846 3182 sequitur.
894 3091 965 3159 lam
990 3089 1059 3170 illa,
1098 3111 1172 3183 quae
1202 3089 1353 3158 socordia

148 3227 264 3286 nostm
290 3213 428 3285 collecta
454 3225 540 3296 sunt,
573 3213 772 3284 dilabeutur.
816 3212 929 3296 Quare
954 3213 1000 3282 ita
1025 3233 1160 3281 censeo:
1195 3211 1352 3304 quoniam

149 3338 299 3432 Lepidus
325 3338 509 3408 exercitum
534 3338 662 3431 privato
688 3337 827 3407 consilio
849 3348 1000 3430 paratum
1026 3359 1102 3407 oum
1134 3335 1295 3429 pessumis
1321 3345 1354 3404 et

150 3463 301 3534 hostibus
326 3461 536 3555 reipublicae
562 3471 674 3532 contra
700 3460 798 3532 huius
824 3461 948 3532 ordinis
974 3460 1201 3531 auctoritatem
1226 3459 1268 3528 ad
1292 3482 1354 3529 ur-

150 3588 228 3660 bem
253 3587 356 3668 ducit,
382 3587 429 3658 uti
454 3586 581 3680 Appius
607 3587 763 3657 Claudius
790 3586 935 3656 interrex
960 3607 1035 3655 cum
1063 3584 1105 3668 Q.
1132 3583 1248 3655 Gamlo
1273 3606 1353 3676 pro-

152 3712 289 3782 consule
323 3723 357 3781 et
387 3711 517 3793 ceteris,
552 3711 672 3804 quihus
702 3710 880 3802 imperium
912 3720 972 3791 est,
1007 3708 1083 3779 urbi
1109 3707 1263 3799 praesidio
1288 3706 1354 3776 sint

152 3857 357 3930 operamque
383 3836 471 3918 dent,
505 3835 653 3927 nequid
678 3858 732 3905 res
757 3834 892 3928 publica
916 3832 1103 3904 detrimenti
1130 3831 1248 3925 capiat.

399 4380 545 4467 tutuo
569 4381 638 4466 till
662 4379 801 4466 tona
825 4378 906 4465 tos,
928 4378 984 4463 ab
1007 4379 1040 4463 P.
1064 4378 1102 4463 b,

228 4596 389 4682 Quirites,
414 4597 519 4667 multa
545 4595 628 4666 mihi
653 4593 803 4686 pericula
828 4593 918 4663 domi
943 4593 1147 4686 militiaque,
1173 4589 1278 4660 multa
1295 4589 1355 4660 ad-

153 4745 250 4793 vorsa
280 4724 394 4794 luere:
437 4744 579 4814 quorum
611 4719 677 4790 alia
710 4718 859 4800 toleravi,
897 4717 1015 4810 partim
1053 4716 1183 4808 reppuli
1218 4714 1354 4784 deorum
