3526 5604
451 604 522 676 318

449 806 508 876 31.
532 805 667 876 Coelius
694 805 778 878 libro
804 805 900 875 tertio
923 807 987 876 seri
1008 828 1147 876 avenam
1164 806 1317 878 ostendit.
1357 809 1486 878 Seroim
1506 810 1549 877 ud
1566 811 1640 900 l'erp.
1732 869 1733 888 ,

450 930 563 1022 Georp.
595 930 627 1013 1,
658 929 717 1001 77.
828 932 887 1002 32.
920 935 1088 1004 Nucernm
1121 928 1199 1024 [pro
1225 932 1365 1020 nucum]
1397 934 1532 1005 Coelius
1560 934 1642 1003 dixit.

449 1056 614 1124 Charisius
644 1055 675 1136 1,
706 1053 762 1135 17,
792 1053 826 1124 7.
859 1059 916 1148 cfr.
940 1058 1051 1126 Liuius
1072 1053 1132 1136 23,
1161 1054 1216 1136 19,
1245 1056 1301 1126 12.
1413 1057 1471 1127 33.
1507 1059 1641 1128 Subnira

448 1178 564 1248 Petilia
576 1177 688 1264 muro]
714 1177 795 1270 quia
820 1178 973 1272 imposita
992 1191 1042 1248 est
1059 1178 1192 1248 excelso
1211 1201 1318 1260 muro,
1346 1191 1382 1250 ut
1400 1181 1532 1250 Coelius
1552 1181 1642 1249 bisto-
1732 1227 1733 1248 2

448 1306 537 1376 ricus
562 1305 619 1374 ait.
662 1304 791 1374 Seruius
814 1307 857 1375 cd
884 1308 973 1395 Verp.
1000 1306 1078 1374 Asu.
1101 1303 1136 1386 3,
1163 1301 1248 1377 402.
1350 1306 1410 1376 31.
1438 1305 1566 1376 Caelius
1589 1327 1642 1372 an-

448 1430 517 1500 nali
541 1429 598 1498 lib.
619 1429 683 1499 lll:
710 1429 890 1522 imperator
915 1430 1103 1500 conclamat
1128 1431 1169 1499 ds
1196 1429 1307 1500 medio
1333 1430 1497 1501 anelitatis
1531 1425 1579 1514 [ut
1596 1453 1641 1498 ιι-

447 1552 551 1640 titul]
590 1553 624 1622 in
655 1552 788 1622 sinistro
821 1575 926 1622 cornu
955 1539 1202 1632 removeantur,
1242 1554 1347 1624 Gallis
1380 1577 1446 1622 non
1473 1553 1638 1623 dubitatim

446 1677 676 1748 immittantur.
714 1677 838 1746 Nouius
857 1701 890 1769 p.
917 1673 976 1758 98,
1003 1674 1062 1748 29.
1165 1677 1223 1747 35.
1252 1678 1365 1757 Calua,
1461 1679 1536 1747 licet
1561 1679 1637 1747 Cae-

447 1802 512 1870 lius
538 1810 570 1870 et
595 1800 702 1870 Varro
728 1799 906 1870 calvariam
933 1799 1055 1870 dicant.
1097 1800 1196 1891 Caper
1221 1802 1259 1869 ds
1284 1801 1423 1891 ortbopr.
1446 1825 1480 1892 p.
1502 1797 1593 1872 2243
1609 1802 1637 1869 P.

447 1930 505 2019 cfr.
538 1948 638 2017 supro
665 1948 699 2018 p.
730 1921 814 2007 308,
851 1924 885 1996 9.
991 1926 1051 1995 36.
1083 1925 1216 1996 Caelius
1248 1926 1289 1995 de
1324 1926 1474 1996 Cumano
1499 1927 1638 2017 Apolline

448 2049 510 2120 ait:
544 2049 652 2118 estin
679 2048 756 2118 lano
782 2049 916 2138 signum
942 2048 1107 2140 Apollinis
1134 2048 1295 2138 ligneum,
1321 2049 1427 2117 altum
1452 2072 1517 2118 non
1543 2048 1637 2117 minus

446 2172 546 2266 pedes
562 2175 632 2242 XV.
673 2173 861 2244 Serviuscd
879 2174 968 2264 Verp.
985 2174 1063 2242 Am.
1082 2171 1117 2254 6,
1135 2171 1170 2243 9.
1271 2172 1331 2241 37.
1358 2172 1471 2242 Tertio
1488 2183 1637 2265 etqnsrto
1705 2249 1714 2276 .

446 2296 579 2376 consul,
618 2317 686 2364 non
727 2296 858 2366 tertium
898 2306 1137 2388 quartumqne3
1183 2295 1283 2387 idque
1316 2295 1351 2364 in
1385 2297 1545 2388 principio
1572 2295 1636 2364 libri

446 2415 609 2511 [queret]
637 2418 789 2490 Coelium
810 2419 991 2512 scripsisse.
1032 2419 1153 2489 Gellius
1174 2419 1229 2498 19,
1261 2419 1291 2500 1,
1319 2417 1352 2489 3.
1380 2423 1438 2512 cfr.
1461 2423 1567 2490 Liuius
1584 2417 1633 2497 24,

446 2541 481 2624 9,
515 2543 548 2612 7.
655 2543 714 2614 38.
746 2543 878 2614 Caelius
912 2542 1000 2635 apud
1035 2565 1095 2612 nos
1131 2544 1165 2612 in
1197 2546 1331 2614 Averno
1363 2545 1411 2614 ait
1442 2545 1538 2614 etiam
1568 2545 1635 2613 lolia

445 2666 625 2738 subsidere.
669 2667 796 2736 Plinius
811 2683 877 2737 oct.
899 2669 972 2736 bist.
999 2665 1058 2748 31,
1075 2665 1110 2748 2,
1132 2665 1192 2737 21.
1294 2667 1353 2738 39.
1381 2667 1634 2737 Caeliusinllll:

445 2792 634 2863 custodibus
659 2790 810 2861 discessis
838 2792 931 2862 multi
957 2791 1212 2862 interficiuntur.
1259 2794 1445 2862 Priscianus
1470 2792 1504 2874 9,
1528 2791 1560 2871 9,
1583 2789 1633 2860 49.

446 2917 505 2986 ld.
533 2917 683 2986 Coelius:
714 2919 887 3001 Maurusii,
913 2918 971 3011 qui
997 2919 1089 2988 iuxta
1108 2920 1281 2990 Oceanum
1302 2919 1426 2990 colunt
1464 2921 1584 2989 Scimus
1598 2917 1634 2984 nd

448 3043 537 3132 Verp.
557 3041 634 3109 Asu.
654 3036 690 3120 4,
711 3038 796 3110 206.
897 3041 957 3109 tl.
983 3039 1036 3111 Ad
1062 3041 1175 3111 lucum
1201 3042 1364 3112 Feroniae
1390 3042 1499 3135 pergit
1521 3043 1566 3111 ire
1582 3091 1589 3108 .
1605 3089 1631 3106 ..

446 3164 578 3235 Coelius
605 3165 744 3232 Romam
777 3175 911 3233 euntem
941 3165 984 3234 ab
1017 3168 1118 3236 Ereto
1149 3165 1327 3236 devertisse
1359 3191 1399 3236 eo
1430 3163 1632 3237 Hannibalem

444 3289 554 3368 tradit,
581 3287 710 3380 iterque
737 3286 808 3358 eius
833 3289 875 3358 ab
902 3289 1004 3358 Reate
1027 3288 1225 3382 Cutiliisque
1251 3300 1283 3358 et
1308 3290 1350 3358 ab
1365 3289 1533 3360 Amiterno
1556 3285 1633 3356 ordi-

445 3423 517 3489 tur;
552 3433 594 3479 ex
621 3409 803 3502 Campania
828 3411 863 3480 in
889 3411 1074 3493 Samnium,
1108 3411 1184 3482 inde
1216 3413 1250 3481 in
1280 3411 1437 3502 Pelignos
1464 3411 1631 3502 peruenisse

444 3547 642 3629 praeterque
668 3535 828 3627 oppidum
856 3536 1050 3606 Sulmonem
1077 3537 1112 3606 in
1138 3537 1345 3608 Marrucinos
1370 3537 1538 3616 transisse,
1568 3532 1631 3602 inde

443 3661 583 3732 Albensi
608 3681 690 3750 agro
720 3659 754 3728 in
785 3662 923 3744 Marsos,
961 3661 1040 3730 binc
1064 3661 1276 3732 Amiternum
1304 3661 1504 3753 Forulosque
1537 3659 1630 3729 noun

443 3786 582 3856 venisse.
626 3788 737 3855 Liuius
758 3785 819 3865 26,
852 3786 909 3866 11,
939 3786 984 3858 10
1005 3811 1071 3879 sqq.
1176 3789 1235 3857 ts.
1262 3787 1395 3858 Caelius
1420 3786 1628 3857 historiarum:

445 3912 640 4004 delinquere
671 3912 889 3992 frumentum,
925 3912 1111 3983 Sardiniam
1142 3911 1251 3982 hostes
1281 3926 1405 3983 tenere.
1451 3913 1573 3981 Seruius
1594 3907 1629 3974 ud

447 4039 537 4126 Verp.
564 4037 641 4103 Aen.
664 4032 699 4115 4,
728 4033 811 4107 390.
912 4034 971 4104 ts.
999 4029 1121 4125 Saturi]
1148 4036 1241 4105 locus
1266 4034 1413 4116 Tarenti,
1441 4055 1536 4128 quem
1557 4033 1629 4103 Cae·

444 4159 508 4229 lius
536 4159 569 4226 in
597 4159 712 4248 quinto
739 4159 824 4228 libro
851 4157 1066 4230 historiarum
1093 4159 1171 4229 dicit
1196 4183 1319 4228 nomen
1353 4159 1516 4252 accepisse
1539 4181 1556 4226 a
1578 4157 1629 4224 Sa·

444 4298 517 4354 tura
551 4282 682 4376 puella,
720 4306 822 4376 quam
854 4287 1026 4377 Neptunus
1063 4284 1266 4378 compressit.
1319 4284 1448 4354 Sebolin
1483 4279 1628 4353 leidrado

444 4411 487 4479 od
521 4410 606 4501 Verp.
636 4411 748 4501 Georp.
774 4409 810 4490 2,
845 4407 927 4480 197.
1037 4411 1096 4480 dd.
1132 4411 1184 4480 De
1211 4409 1361 4482 Marcelli
1390 4421 1495 4479 morte
1520 4407 1628 4479 variant

443 4545 618 4602 auctores.
637 4585 669 4602 ..
697 4535 737 4604 Ut
761 4534 910 4602 omittam
933 4535 1028 4616 alios,
1056 4535 1092 4604 C.
1112 4535 1246 4603 Laelius
1273 4529 1460 4621 [Caelius‘l]
1486 4533 1626 4626 triplicem

443 4669 554 4751 gestae
572 4661 620 4729 rei
639 4660 791 4729 ordinem
810 4659 894 4728 edit:
921 4681 1024 4728 unam
1044 4660 1194 4729 traditam
1214 4660 1312 4738 lama,
1340 4660 1478 4728 alteram
1492 4657 1624 4747 scriptam
