3526 5604
1135 639 1147 652 ’
1287 681 1358 750 111

141 873 207 953 22,
235 871 273 946 8.
313 878 379 948 Res
411 877 482 947 eius
514 879 549 946 in
582 878 676 947 ltalia
702 889 810 968 gestas
844 877 1025 946 memoriae
1054 877 1357 970 prodiderunt...

141 1001 258 1092 Nepos
273 1009 306 1069 ct
319 997 451 1068 Cassius
468 1007 500 1068 et
517 1001 634 1070 Varro.
672 1001 858 1070 Lmtontlns
873 1001 1010 1070 institut.
1029 1001 1060 1082 1,
1080 997 1138 1081 13,
1155 998 1190 1071 8.
1226 1001 1358 1072 Cassius

142 1125 291 1195 Severus
316 1135 373 1195 aut
398 1123 572 1195 Cornelius
597 1127 720 1217 Nepos.
764 1125 977 1194 Tertullianus
1003 1126 1128 1217 opoloq.
1159 1124 1215 1196 10.
1255 1126 1359 1217 Legi-

142 1269 220 1317 mus
246 1248 337 1340 apud
363 1248 515 1318 Cassium
541 1249 713 1330 Severum,
740 1247 829 1340 apud
855 1248 1029 1319 Cornelios
1054 1249 1216 1340 Nepotem
1242 1249 1359 1319 1111-

144 1371 262 1442 citum.
307 1374 519 1444 Tertullianus
544 1375 588 1443 od
612 1376 757 1444 notiones
776 1372 811 1454 2,
842 1372 898 1444 12.
1002 1378 1038 1443 21
1066 1375 1197 1445 Cassius
1214 1375 1359 1445 Hemina

143 1494 293 1575 tradidit,
328 1496 477 1567 Siculum
509 1496 675 1588 quendam
708 1498 844 1567 nomine
875 1499 988 1568 uxoris
1013 1521 1094 1568 suae
1120 1499 1358 1592 Clytemestrae

144 1619 335 1688 condidisse
361 1619 626 1712 Clytemestrum,
654 1641 732 1689 mcx
758 1631 913 1713 corrupto
939 1623 1074 1692 nomine
1094 1623 1358 1693 Crustumerium

144 1742 286 1812 dictum.
336 1745 465 1812 Seruios
490 1747 533 1813 od
552 1744 639 1836 Verq.
657 1747 735 1816 Aeo.
763 1743 797 1823 7,
826 1742 910 1814 631.
1011 1743 1046 1816 3.
1073 1748 1196 1815 Notum
1214 1757 1358 1817 esteon·

145 1865 295 1935 stitutum
408 1866 556 1936 Ariciam
591 1866 633 1936 111
659 1867 861 1937 Archilocho
888 1868 1012 1951 Siculo,
1047 1869 1136 1939 unde
1165 1881 1198 1938 ct
1222 1891 1356 1951 nomen,

146 2000 182 2057 ut
195 1988 311 2056 Cassio
326 1989 490 2059 Heminae
511 1991 631 2082 placet,
654 2001 806 2061 tractum.
834 1991 1080 2084 Sollonspolplt.
1094 1990 1129 2063 8.
1225 1993 1260 2062 d.
1275 1993 1358 2064 Cin-

146 2112 219 2182 cius
246 2124 278 2180 et
305 2112 437 2184 Cassius
463 2114 556 2184 aiunt
581 2115 623 2184 ab
649 2115 807 2185 Euandro
824 2115 978 2185 Faunum
1004 2126 1066 2184 etc.
1092 2138 1191 2208 supro
1211 2140 1247 2208 p.
1270 2114 1355 2197 259,

146 2236 207 2308 22.
259 2240 311 2308 Eo
344 2250 505 2330 regnante
531 2239 615 2308 forte
641 2239 832 2309 Recuranus
861 2239 997 2331 quidam
1027 2241 1173 2311 Graecae
1205 2240 1355 2332 originis,

147 2361 290 2452 ingentis
316 2363 462 2452 corporis
488 2373 520 2430 et
546 2383 744 2452 magnarum
770 2361 891 2432 virium
912 2373 1034 2455 pastor,
1061 2363 1141 2456 quia
1162 2374 1233 2433 crat
1250 2365 1356 2433 lorma

147 2495 180 2553 ct
203 2485 324 2556 virtute
350 2485 468 2554 ceteris
500 2485 704 2555 antecellens
730 2486 894 2556 Hercules
923 2486 1119 2579 appellatus,
1153 2486 1270 2556 eodem
1296 2509 1356 2558 vc·

147 2613 206 2682 nit.
258 2612 411 2703 Cumque
446 2623 596 2681 armenta
629 2611 700 2681 eius
732 2611 820 2680 circa
846 2611 970 2681 llnmen
997 2611 1154 2682 Albulam
1178 2633 1356 2704 pasceren-

148 2748 209 2818 tur,
238 2736 344 2807 Cacus
369 2735 519 2806 Euandri
546 2759 671 2818 servm,
697 2736 868 2829 nequitiae
893 2745 1044 2806 versutus
1077 2747 1110 2805 et
1142 2749 1274 2828 practer
1299 2759 1356 2806 ce-

147 2873 216 2932 tera
236 2863 474 2945 furacissimus,
500 2863 663 2933 Recarani
678 2862 815 2955 hospitis
834 2863 935 2933 boves
952 2862 1117 2956 subripuit
1137 2886 1187 2945 ac,
1206 2885 1249 2931 11
1264 2861 1353 2954 quod

147 2999 230 3058 esset
256 2989 428 3070 indicium,
463 3011 595 3059 aversas
627 2990 661 3058 in
691 2989 883 3081 speluncam
916 2990 1057 3058 attraxit.
1109 2989 1260 3081 Cumque
1287 2988 1355 3056 Rc-

147 3135 287 3184 caranns
304 3112 422 3182 vicinis
434 3111 627 3203 regionibns
647 3113 832 3205 peragratis
853 3112 1071 3205 scrutatisque
1091 3111 1246 3180 omnibus
1264 3110 1354 3180 eius-

147 3237 277 3308 cemodi
295 3236 429 3307 latebris
455 3237 659 3329 desperasset
681 3237 902 3318 inventurum,
921 3248 1100 3329 utcumque
1113 3258 1222 3328 aequo
1243 3237 1354 3305 animo

146 3361 358 3455 dispendium
383 3363 504 3442 ferens,
530 3360 693 3430 excedere
719 3360 772 3431 his
797 3360 920 3430 finibus
936 3360 1159 3430 constituerat.
1206 3362 1250 3430 At
1274 3383 1353 3429 vero

146 3486 306 3557 Euander
332 3484 631 3555 excellentissimae
658 3483 799 3554 iustitiae
825 3483 877 3554 vir
907 3493 1082 3575 postquam
1111 3507 1182 3552 rem
1208 3484 1256 3554 nti
1282 3494 1354 3552 actu

145 3621 217 3680 erat
238 3609 411 3701 comperit,
437 3630 569 3677 servum
583 3631 691 3678 noxae
713 3609 804 3679 dedit
819 3609 986 3700 bovesque
1000 3608 1126 3678 restitui
1140 3609 1228 3679 lecit.
1268 3610 1351 3678 Tum

144 3737 338 3805 Recaranus
362 3733 424 3802 sub
443 3709 609 3804 Aventino
628 3733 797 3804 Inventori
815 3733 904 3803 Patri
928 3756 1022 3804 aram
1049 3733 1212 3804 dedicavit
1236 3735 1353 3827 appel·

146 3860 293 3954 lavitque
319 3859 500 3931 Maximam
533 3869 565 3927 et
595 3859 683 3952 apud
717 3883 791 3930 cam
817 3860 981 3930 decimam
1008 3859 1059 3930 sui
1084 3859 1214 3953 pecoris
1239 3861 1353 3952 prola·

48 4039 53 4050 .
147 3985 246 4054 navit.
294 3984 445 4076 Cumque
471 3993 547 4054 ante
573 3984 675 4054 moris
700 3996 796 4066 esset,
823 3985 869 4055 uti
895 3985 1046 4055 homines
1072 3984 1236 4054 decimam
1261 3983 1352 4052 fruc·

147 4117 238 4178 tuum
266 4108 400 4200 regibus
426 4109 493 4178 suis
519 4117 733 4200 praestarent,
760 4108 899 4200 aequius
918 4108 982 4178 sibi
1003 4108 1048 4178 ait
1066 4107 1172 4178 videri
1192 4107 1269 4177 deos
1289 4128 1352 4198 po·

148 4229 210 4300 tius
236 4230 296 4300 illo
320 4231 447 4301 honore
473 4230 711 4323 impartiendos
737 4253 934 4323 essequam
960 4252 1071 4322 reges3
1099 4229 1175 4299 inde
1197 4229 1353 4300 videlicet

149 4365 297 4438 tractum,
323 4365 360 4423 ut
382 4354 521 4424 Herculi
548 4349 713 4423 decimam
739 4354 908 4446 profanari
933 4376 1004 4423 mos
1030 4364 1115 4422 esset
1224 4351 1352 4422 Conse-

147 4489 234 4548 crata
258 4477 358 4569 igitur
382 4499 441 4548 ara
466 4476 613 4547 maxima
637 4478 876 4570 profanataque
901 4475 991 4569 apud
1017 4497 1090 4546 eam
1112 4474 1253 4557 decima,
1280 4478 1350 4546 lle-

147 4622 296 4682 earanm,
323 4623 363 4670 eo
388 4600 479 4692 quod
491 4600 676 4671 Carmentis
701 4601 836 4672 invitata
861 4600 904 4671 ad
929 4599 963 4670 id
987 4621 1121 4670 sacrum
1147 4599 1351 4670 11111111-

147 4735 205 4806 set,
231 4723 341 4794 sanxit
365 4746 407 4794 ne
433 4723 486 4793 cui
519 4724 662 4794 11111111
696 4724 744 4794 111
770 4734 856 4796 esset
881 4724 969 4793 vesci
995 4746 1038 4793 ex
1064 4745 1103 4792 eo
1129 4723 1218 4816 quod
1240 4723 1349 4794 eidem

1152 4869 1188 4925 19
