<?xml version="1.0" encoding="UTF-8"?>
<!DOCTYPE html PUBLIC "-//W3C//DTD XHTML 1.0 Transitional//EN"
    "http://www.w3.org/TR/xhtml1/DTD/xhtml1-transitional.dtd">
<html xmlns="http://www.w3.org/1999/xhtml" xml:lang="en" lang="en">
 <head>
  <title>
</title>
<meta http-equiv="Content-Type" content="text/html;charset=utf-8" />
  <meta name='ocr-system' content='tesseract 3.04.00' />
  <meta name='ocr-capabilities' content='ocr_page ocr_carea ocr_par ocr_line ocrx_word'/>
</head>
<body>
  <div class='ocr_page' id='page_1' title='image "./gaisalustiicris00rothgoog_0603.png"; bbox 0 0 3702 5600; ppageno 0'>
   <div class='ocr_carea' id='block_1_1' title="bbox 393 607 463 678">
    <p class='ocr_par' dir='ltr' id='par_1_1' title="bbox 393 607 463 678">
     <span class='ocr_line' id='line_1_1' title="bbox 393 607 463 678; baseline 0.057 -3"><span class='ocrx_word' id='word_1_1' title='bbox 393 607 463 678; x_wconf 87' lang='grc'>566</span> 
     </span>
    </p>
   </div>
   <div class='ocr_carea' id='block_1_2' title="bbox 349 796 1683 4730">
    <p class='ocr_par' dir='ltr' id='par_1_2' title="bbox 349 796 1683 4730">
     <span class='ocr_line' id='line_1_2' title="bbox 391 796 1595 884; baseline -0.005 -18"><span class='ocrx_word' id='word_1_2' title='bbox 391 805 556 884; x_wconf 80' lang='lat' dir='ltr'>praeceptis</span> <span class='ocrx_word' id='word_1_3' title='bbox 578 808 640 864; x_wconf 89' lang='lat' dir='ltr'>tum</span> <span class='ocrx_word' id='word_1_4' title='bbox 661 805 700 863; x_wconf 88' lang='lat' dir='ltr'>de</span> <span class='ocrx_word' id='word_1_5' title='bbox 721 802 991 864; x_wconf 84' lang='lat' dir='ltr'>Pseudo-Salustii</span> <span class='ocrx_word' id='word_1_6' title='bbox 1014 796 1174 880; x_wconf 83' lang='lat' dir='ltr'>persona,“</span> <span class='ocrx_word' id='word_1_7' title='bbox 1207 820 1235 880; x_wconf 95' lang='lat' dir='ltr'>p.</span> <span class='ocrx_word' id='word_1_8' title='bbox 1256 805 1391 862; x_wconf 73' lang='lat'>13-28.</span> <span class='ocrx_word' id='word_1_9' title='bbox 1435 800 1498 862; x_wconf 90' lang='lat' dir='ltr'>Sed</span> <span class='ocrx_word' id='word_1_10' title='bbox 1524 801 1595 860; x_wconf 83' lang='lat' dir='ltr'>illes</span> 
     </span>
     <span class='ocr_line' id='line_1_3' title="bbox 392 909 1594 987; baseline -0.006 -13"><span class='ocrx_word' id='word_1_11' title='bbox 392 913 549 974; x_wconf 86' lang='lat' dir='ltr'>crationes</span> <span class='ocrx_word' id='word_1_12' title='bbox 570 929 590 971; x_wconf 91' lang='lat' dir='ltr'>a</span> <span class='ocrx_word' id='word_1_13' title='bbox 610 911 820 972; x_wconf 80' lang='lat' dir='ltr'><strong>declamatore</strong></span> <span class='ocrx_word' id='word_1_14' title='bbox 850 911 952 987; x_wconf 89' lang='lat' dir='ltr'>potius</span> <span class='ocrx_word' id='word_1_15' title='bbox 974 927 1061 985; x_wconf 87' lang='lat' dir='ltr'>quam</span> <span class='ocrx_word' id='word_1_16' title='bbox 1088 927 1107 969; x_wconf 92' lang='lat' dir='ltr'>a</span> <span class='ocrx_word' id='word_1_17' title='bbox 1132 926 1233 970; x_wconf 89' lang='lat' dir='ltr'>rernm</span> <span class='ocrx_word' id='word_1_18' title='bbox 1254 909 1456 970; x_wconf 85' lang='lat' dir='ltr'>Romanarum</span> <span class='ocrx_word' id='word_1_19' title='bbox 1476 909 1594 969; x_wconf 87' lang='lat' dir='ltr'>doren-</span> 
     </span>
     <span class='ocr_line' id='line_1_4' title="bbox 393 1000 1596 1093; baseline -0.005 -15"><span class='ocrx_word' id='word_1_20' title='bbox 393 1017 512 1079; x_wconf 85' lang='lat' dir='ltr'>tissimo</span> <span class='ocrx_word' id='word_1_21' title='bbox 526 1019 653 1077; x_wconf 88' lang='lat' dir='ltr'>auctore</span> <span class='ocrx_word' id='word_1_22' title='bbox 664 1000 726 1075; x_wconf 82' lang='lat' dir='ltr'>eta</span> <span class='ocrx_word' id='word_1_23' title='bbox 735 1031 850 1076; x_wconf 89' lang='lat' dir='ltr'>sommo</span> <span class='ocrx_word' id='word_1_24' title='bbox 864 1019 989 1076; x_wconf 90' lang='lat' dir='ltr'>oratore</span> <span class='ocrx_word' id='word_1_25' title='bbox 1003 1031 1074 1076; x_wconf 92' lang='lat' dir='ltr'>esse</span> <span class='ocrx_word' id='word_1_26' title='bbox 1086 1016 1274 1093; x_wconf 88' lang='lat' dir='ltr'>compositas</span> <span class='ocrx_word' id='word_1_27' title='bbox 1285 1032 1351 1074; x_wconf 87' lang='lat' dir='ltr'>cum</span> <span class='ocrx_word' id='word_1_28' title='bbox 1367 1015 1454 1074; x_wconf 87' lang='lat' dir='ltr'>multi</span> <span class='ocrx_word' id='word_1_29' title='bbox 1466 1014 1596 1074; x_wconf 83' lang='lat' dir='ltr'>coniec-</span> 
     </span>
     <span class='ocr_line' id='line_1_5' title="bbox 394 1120 1597 1200; baseline -0.005 -16"><span class='ocrx_word' id='word_1_30' title='bbox 394 1129 461 1184; x_wconf 91' lang='lat' dir='ltr'>tura</span> <span class='ocrx_word' id='word_1_31' title='bbox 482 1123 616 1184; x_wconf 77' lang='lat' dir='ltr'>assecuti</span> <span class='ocrx_word' id='word_1_32' title='bbox 645 1138 716 1182; x_wconf 92' lang='lat' dir='ltr'>esse</span> <span class='ocrx_word' id='word_1_33' title='bbox 744 1122 930 1197; x_wconf 89' lang='lat' dir='ltr'>viderentur,</span> <span class='ocrx_word' id='word_1_34' title='bbox 957 1138 986 1182; x_wconf 92' lang='lat' dir='ltr'>e.</span> <span class='ocrx_word' id='word_1_35' title='bbox 1014 1141 1058 1198; x_wconf 83' lang='lat' dir='ltr'>gr.</span> <span class='ocrx_word' id='word_1_36' title='bbox 1087 1120 1211 1200; x_wconf 83' lang='lat' dir='ltr'>Lipsius</span> <span class='ocrx_word' id='word_1_37' title='bbox 1237 1121 1325 1182; x_wconf 88' lang='lat' dir='ltr'>Varr.</span> <span class='ocrx_word' id='word_1_38' title='bbox 1346 1121 1444 1182; x_wconf 90' lang='lat' dir='ltr'>Lectt.</span> <span class='ocrx_word' id='word_1_39' title='bbox 1466 1141 1485 1181; x_wconf 90' lang='lat' dir='ltr'>r.</span> <span class='ocrx_word' id='word_1_40' title='bbox 1507 1123 1535 1180; x_wconf 84' lang='grc'>8.</span> <span class='ocrx_word' id='word_1_41' title='bbox 1563 1121 1597 1178; x_wconf 90' lang='lat' dir='ltr'>ei</span> 
     </span>
     <span class='ocr_line' id='line_1_6' title="bbox 395 1228 1596 1291; baseline -0.004 -2"><span class='ocrx_word' id='word_1_42' title='bbox 395 1230 491 1289; x_wconf 91' lang='lat' dir='ltr'>0ratt.</span> <span class='ocrx_word' id='word_1_43' title='bbox 514 1249 565 1288; x_wconf 88' lang='lat' dir='ltr'>vn.</span> <span class='ocrx_word' id='word_1_44' title='bbox 593 1229 724 1291; x_wconf 79' lang='lat' dir='ltr'>Vossius</span> <span class='ocrx_word' id='word_1_45' title='bbox 746 1229 891 1290; x_wconf 89' lang='lat' dir='ltr'>devitiis</span> <span class='ocrx_word' id='word_1_46' title='bbox 913 1231 1063 1290; x_wconf 89' lang='lat' dir='ltr'>sermonis</span> <span class='ocrx_word' id='word_1_47' title='bbox 1083 1228 1151 1288; x_wconf 90' lang='lat' dir='ltr'>Lib.</span> <span class='ocrx_word' id='word_1_48' title='bbox 1171 1249 1212 1289; x_wconf 87' lang='lat' dir='ltr'>ru.</span> <span class='ocrx_word' id='word_1_49' title='bbox 1234 1232 1263 1288; x_wconf 84' lang='lat'>5.</span> <span class='ocrx_word' id='word_1_50' title='bbox 1304 1228 1415 1290; x_wconf 89' lang='lat' dir='ltr'>Petrus</span> <span class='ocrx_word' id='word_1_51' title='bbox 1437 1228 1596 1289; x_wconf 90' lang='lat' dir='ltr'>Victorius</span> 
     </span>
     <span class='ocr_line' id='line_1_7' title="bbox 394 1335 1597 1414; baseline -0.001 -19"><span class='ocrx_word' id='word_1_52' title='bbox 394 1337 482 1397; x_wconf 92' lang='lat' dir='ltr'>Varr.</span> <span class='ocrx_word' id='word_1_53' title='bbox 512 1335 608 1398; x_wconf 85' lang='lat' dir='ltr'>Lecti.</span> <span class='ocrx_word' id='word_1_54' title='bbox 630 1355 681 1396; x_wconf 84' lang='lat' dir='ltr'>xv.</span> <span class='ocrx_word' id='word_1_55' title='bbox 704 1339 730 1395; x_wconf 88' lang='grc'>3.</span> <span class='ocrx_word' id='word_1_56' title='bbox 759 1341 857 1397; x_wconf 85' lang='lat' dir='ltr'>totam</span> <span class='ocrx_word' id='word_1_57' title='bbox 884 1353 949 1396; x_wconf 91' lang='lat' dir='ltr'>rem</span> <span class='ocrx_word' id='word_1_58' title='bbox 975 1335 1142 1414; x_wconf 78' lang='lat' dir='ltr'><strong>diligenter</strong></span> <span class='ocrx_word' id='word_1_59' title='bbox 1166 1335 1369 1414; x_wconf 75' lang='lat' dir='ltr'>pertractavit</span> <span class='ocrx_word' id='word_1_60' title='bbox 1394 1335 1597 1397; x_wconf 81' lang='lat' dir='ltr'>Sebastianus</span> 
     </span>
     <span class='ocr_line' id='line_1_8' title="bbox 394 1440 1597 1520; baseline -0.002 -16"><span class='ocrx_word' id='word_1_61' title='bbox 394 1441 548 1504; x_wconf 78' lang='lat' dir='ltr'>Corradus</span> <span class='ocrx_word' id='word_1_62' title='bbox 568 1443 599 1502; x_wconf 91' lang='lat' dir='ltr'>in</span> <span class='ocrx_word' id='word_1_63' title='bbox 617 1443 708 1518; x_wconf 92' lang='lat' dir='ltr'>libro,</span> <span class='ocrx_word' id='word_1_64' title='bbox 729 1443 781 1518; x_wconf 92' lang='lat' dir='ltr'>qui</span> <span class='ocrx_word' id='word_1_65' title='bbox 801 1443 941 1520; x_wconf 72' lang='lat' dir='ltr'>synadae</span> <span class='ocrx_word' id='word_1_66' title='bbox 962 1443 1030 1502; x_wconf 88' lang='lat' dir='ltr'>sive</span> <span class='ocrx_word' id='word_1_67' title='bbox 1053 1445 1205 1514; x_wconf 80' lang='lat' dir='ltr'>ouaeatoro</span> <span class='ocrx_word' id='word_1_68' title='bbox 1225 1444 1391 1520; x_wconf 89' lang='lat' dir='ltr'>inscriptus</span> <span class='ocrx_word' id='word_1_69' title='bbox 1412 1444 1470 1502; x_wconf 90' lang='lat' dir='ltr'>est.</span> <span class='ocrx_word' id='word_1_70' title='bbox 1498 1440 1597 1502; x_wconf 78' lang='lat' dir='ltr'>livul-</span> 
     </span>
     <span class='ocr_line' id='line_1_9' title="bbox 394 1549 1598 1628; baseline -0.002 -18"><span class='ocrx_word' id='word_1_71' title='bbox 394 1554 482 1626; x_wconf 81' lang='lat' dir='ltr'>gatus</span> <span class='ocrx_word' id='word_1_72' title='bbox 510 1554 560 1610; x_wconf 88' lang='lat' dir='ltr'>est</span> <span class='ocrx_word' id='word_1_73' title='bbox 579 1549 703 1610; x_wconf 83' lang='lat' dir='ltr'>Basilius</span> <span class='ocrx_word' id='word_1_74' title='bbox 730 1550 898 1628; x_wconf 80' lang='lat' dir='ltr'>sumptibus</span> <span class='ocrx_word' id='word_1_75' title='bbox 923 1549 1046 1610; x_wconf 90' lang='lat' dir='ltr'>loannis</span> <span class='ocrx_word' id='word_1_76' title='bbox 1069 1551 1196 1628; x_wconf 88' lang='lat' dir='ltr'>Oporini</span> <span class='ocrx_word' id='word_1_77' title='bbox 1216 1569 1314 1610; x_wconf 76' lang='lat' dir='ltr'>amaru</span> <span class='ocrx_word' id='word_1_78' title='bbox 1336 1553 1364 1610; x_wconf 86' lang='grc'>8.</span> <span class='ocrx_word' id='word_1_79' title='bbox 1391 1567 1451 1624; x_wconf 90' lang='lat' dir='ltr'>quo</span> <span class='ocrx_word' id='word_1_80' title='bbox 1473 1549 1598 1625; x_wconf 89' lang='lat' dir='ltr'>quidem</span> 
     </span>
     <span class='ocr_line' id='line_1_10' title="bbox 395 1655 1598 1732; baseline -0.002 -17"><span class='ocrx_word' id='word_1_81' title='bbox 395 1672 435 1716; x_wconf 81' lang='lat' dir='ltr'>ex</span> <span class='ocrx_word' id='word_1_82' title='bbox 455 1657 537 1717; x_wconf 92' lang='lat' dir='ltr'>libro</span> <span class='ocrx_word' id='word_1_83' title='bbox 556 1671 662 1732; x_wconf 89' lang='lat' dir='ltr'>pauca,</span> <span class='ocrx_word' id='word_1_84' title='bbox 684 1673 750 1731; x_wconf 76' lang='lat' dir='ltr'>quae</span> <span class='ocrx_word' id='word_1_85' title='bbox 772 1655 907 1716; x_wconf 82' lang='lat' dir='ltr'>firmiora</span> <span class='ocrx_word' id='word_1_86' title='bbox 927 1656 1080 1731; x_wconf 87' lang='lat' dir='ltr'>videntur,</span> <span class='ocrx_word' id='word_1_87' title='bbox 1101 1657 1247 1718; x_wconf 77' lang='lat' dir='ltr'>laudasse</span> <span class='ocrx_word' id='word_1_88' title='bbox 1269 1657 1346 1716; x_wconf 90' lang='lat' dir='ltr'>satis</span> <span class='ocrx_word' id='word_1_89' title='bbox 1368 1657 1434 1716; x_wconf 85' lang='lat' dir='ltr'>erit</span> <span class='ocrx_word' id='word_1_90' title='bbox 1466 1655 1598 1714; x_wconf 87' lang='lat' dir='ltr'>Primum</span> 
     </span>
     <span class='ocr_line' id='line_1_11' title="bbox 395 1762 1598 1840; baseline 0 -20"><span class='ocrx_word' id='word_1_91' title='bbox 395 1763 488 1838; x_wconf 84' lang='lat' dir='ltr'>igitur</span> <span class='ocrx_word' id='word_1_92' title='bbox 508 1763 588 1822; x_wconf 89' lang='lat' dir='ltr'>tales</span> <span class='ocrx_word' id='word_1_93' title='bbox 610 1779 709 1822; x_wconf 77' lang='lat' dir='ltr'>causae</span> <span class='ocrx_word' id='word_1_94' title='bbox 731 1763 762 1821; x_wconf 89' lang='lat' dir='ltr'>iu</span> <span class='ocrx_word' id='word_1_95' title='bbox 783 1767 890 1822; x_wconf 89' lang='lat' dir='ltr'>senatu</span> <span class='ocrx_word' id='word_1_96' title='bbox 911 1779 971 1823; x_wconf 93' lang='lat' dir='ltr'>non</span> <span class='ocrx_word' id='word_1_97' title='bbox 993 1763 1171 1839; x_wconf 81' lang='lat' dir='ltr'>agebantur,</span> <span class='ocrx_word' id='word_1_98' title='bbox 1191 1763 1251 1822; x_wconf 93' lang='lat' dir='ltr'>nisi</span> <span class='ocrx_word' id='word_1_99' title='bbox 1269 1766 1398 1840; x_wconf 88' lang='lat' dir='ltr'>propter</span> <span class='ocrx_word' id='word_1_100' title='bbox 1410 1780 1475 1823; x_wconf 92' lang='lat' dir='ltr'>rem</span> <span class='ocrx_word' id='word_1_101' title='bbox 1490 1762 1598 1840; x_wconf 92' lang='lat' dir='ltr'>publi-</span> 
     </span>
     <span class='ocr_line' id='line_1_12' title="bbox 396 1868 1598 1946; baseline 0.001 -17"><span class='ocrx_word' id='word_1_102' title='bbox 396 1887 462 1929; x_wconf 86' lang='lat' dir='ltr'>cam</span> <span class='ocrx_word' id='word_1_103' title='bbox 485 1869 648 1928; x_wconf 76' lang='lat' dir='ltr'>inimicitie</span> <span class='ocrx_word' id='word_1_104' title='bbox 670 1871 821 1945; x_wconf 81' lang='lat' dir='ltr'>susceptae</span> <span class='ocrx_word' id='word_1_105' title='bbox 841 1871 954 1928; x_wconf 89' lang='lat' dir='ltr'>essent</span> <span class='ocrx_word' id='word_1_106' title='bbox 997 1868 1118 1929; x_wconf 85' lang='lat' dir='ltr'>Dixerit</span> <span class='ocrx_word' id='word_1_107' title='bbox 1149 1869 1243 1946; x_wconf 74' lang='lat' dir='ltr'>igitur</span> <span class='ocrx_word' id='word_1_108' title='bbox 1263 1869 1375 1945; x_wconf 86' lang='lat' dir='ltr'>aliquis</span> <span class='ocrx_word' id='word_1_109' title='bbox 1399 1886 1453 1930; x_wconf 90' lang='lat' dir='ltr'>eas</span> <span class='ocrx_word' id='word_1_110' title='bbox 1475 1872 1598 1931; x_wconf 87' lang='lat' dir='ltr'>oratio-</span> 
     </span>
     <span class='ocr_line' id='line_1_13' title="bbox 396 1975 1597 2052; baseline 0.002 -19"><span class='ocrx_word' id='word_1_111' title='bbox 396 1991 451 2034; x_wconf 89' lang='lat' dir='ltr'>nes</span> <span class='ocrx_word' id='word_1_112' title='bbox 478 1991 515 2034; x_wconf 91' lang='lat' dir='ltr'>eo</span> <span class='ocrx_word' id='word_1_113' title='bbox 546 1979 683 2052; x_wconf 88' lang='lat' dir='ltr'>tempore</span> <span class='ocrx_word' id='word_1_114' title='bbox 704 1991 776 2034; x_wconf 91' lang='lat' dir='ltr'>esse</span> <span class='ocrx_word' id='word_1_115' title='bbox 798 1975 929 2051; x_wconf 84' lang='lat' dir='ltr'>babitus,</span> <span class='ocrx_word' id='word_1_116' title='bbox 956 1992 1015 2051; x_wconf 92' lang='lat' dir='ltr'>quo</span> <span class='ocrx_word' id='word_1_117' title='bbox 1037 1975 1163 2036; x_wconf 84' lang='lat' dir='ltr'>Clodius</span> <span class='ocrx_word' id='word_1_118' title='bbox 1191 1993 1210 2035; x_wconf 93' lang='lat' dir='ltr'>a</span> <span class='ocrx_word' id='word_1_119' title='bbox 1232 1976 1345 2036; x_wconf 91' lang='lat' dir='ltr'>blilone</span> <span class='ocrx_word' id='word_1_120' title='bbox 1373 1994 1471 2037; x_wconf 77' lang='lat' dir='ltr'>cesos</span> <span class='ocrx_word' id='word_1_121' title='bbox 1494 1976 1597 2036; x_wconf 85' lang='lat' dir='ltr'>luerit</span> 
     </span>
     <span class='ocr_line' id='line_1_14' title="bbox 349 2081 1599 2157; baseline 0.002 -17"><span class='ocrx_word' id='word_1_122' title='bbox 349 2116 351 2120; x_wconf 80' lang='lat'><em>.</em></span> <span class='ocrx_word' id='word_1_123' title='bbox 397 2097 457 2156; x_wconf 92' lang='lat' dir='ltr'>quo</span> <span class='ocrx_word' id='word_1_124' title='bbox 479 2081 600 2157; x_wconf 92' lang='lat' dir='ltr'>quidem</span> <span class='ocrx_word' id='word_1_125' title='bbox 621 2083 758 2157; x_wconf 90' lang='lat' dir='ltr'>tempore</span> <span class='ocrx_word' id='word_1_126' title='bbox 784 2081 1009 2142; x_wconf 86' lang='lat' dir='ltr'>inimicissimas</span> <span class='ocrx_word' id='word_1_127' title='bbox 1032 2082 1191 2142; x_wconf 90' lang='lat' dir='ltr'>contiones</span> <span class='ocrx_word' id='word_1_128' title='bbox 1217 2081 1394 2143; x_wconf 88' lang='lat' dir='ltr'>aSalustio</span> <span class='ocrx_word' id='word_1_129' title='bbox 1423 2084 1462 2143; x_wconf 92' lang='lat' dir='ltr'>de</span> <span class='ocrx_word' id='word_1_130' title='bbox 1483 2083 1599 2142; x_wconf 89' lang='lat' dir='ltr'>ldilone</span> 
     </span>
     <span class='ocr_line' id='line_1_15' title="bbox 396 2187 1599 2264; baseline 0.002 -19"><span class='ocrx_word' id='word_1_131' title='bbox 396 2187 519 2246; x_wconf 91' lang='lat' dir='ltr'>habitas</span> <span class='ocrx_word' id='word_1_132' title='bbox 540 2203 738 2264; x_wconf 78' lang='lat' dir='ltr'>magnamque</span> <span class='ocrx_word' id='word_1_133' title='bbox 759 2188 903 2248; x_wconf 87' lang='lat' dir='ltr'>invidiam</span> <span class='ocrx_word' id='word_1_134' title='bbox 918 2187 1059 2248; x_wconf 80' lang='lat' dir='ltr'>Ciceroni</span> <span class='ocrx_word' id='word_1_135' title='bbox 1079 2187 1192 2249; x_wconf 86' lang='lat' dir='ltr'>laetam</span> <span class='ocrx_word' id='word_1_136' title='bbox 1213 2205 1285 2249; x_wconf 88' lang='lat' dir='ltr'>esse</span> <span class='ocrx_word' id='word_1_137' title='bbox 1305 2194 1477 2248; x_wconf 88' lang='lat' dir='ltr'>auctorest</span> <span class='ocrx_word' id='word_1_138' title='bbox 1495 2188 1599 2247; x_wconf 84' lang='lat' dir='ltr'>Asco-</span> 
     </span>
     <span class='ocr_line' id='line_1_16' title="bbox 397 2295 1599 2376; baseline 0.001 -23"><span class='ocrx_word' id='word_1_139' title='bbox 397 2295 466 2354; x_wconf 82' lang='lat' dir='ltr'>nius</span> <span class='ocrx_word' id='word_1_140' title='bbox 493 2295 548 2355; x_wconf 88' lang='lat' dir='ltr'>cir.</span> <span class='ocrx_word' id='word_1_141' title='bbox 576 2313 669 2374; x_wconf 89' lang='lat' dir='ltr'>supra</span> <span class='ocrx_word' id='word_1_142' title='bbox 696 2314 724 2374; x_wconf 96' lang='lat' dir='ltr'>p.</span> <span class='ocrx_word' id='word_1_143' title='bbox 753 2317 803 2357; x_wconf 86' lang='lat' dir='ltr'>xv.</span> <span class='ocrx_word' id='word_1_144' title='bbox 846 2297 909 2358; x_wconf 93' lang='lat' dir='ltr'>Sed</span> <span class='ocrx_word' id='word_1_145' title='bbox 930 2298 1038 2358; x_wconf 84' lang='lat' dir='ltr'>Cicero</span> <span class='ocrx_word' id='word_1_146' title='bbox 1066 2299 1097 2357; x_wconf 94' lang='lat' dir='ltr'>in</span> <span class='ocrx_word' id='word_1_147' title='bbox 1124 2300 1328 2376; x_wconf 86' lang='lat' dir='ltr'>responsione</span> <span class='ocrx_word' id='word_1_148' title='bbox 1357 2299 1527 2358; x_wconf 83' lang='lat' dir='ltr'>c.v11.30.</span> <span class='ocrx_word' id='word_1_149' title='bbox 1550 2300 1599 2355; x_wconf 84' lang='lat'>31.</span> 
     </span>
     <span class='ocr_line' id='line_1_17' title="bbox 397 2400 1683 2481; baseline 0 -21"><span class='ocrx_word' id='word_1_150' title='bbox 397 2400 561 2462; x_wconf 83' lang='lat' dir='ltr'>Salustium</span> <span class='ocrx_word' id='word_1_151' title='bbox 582 2401 686 2462; x_wconf 87' lang='lat' dir='ltr'>villam</span> <span class='ocrx_word' id='word_1_152' title='bbox 717 2403 761 2462; x_wconf 93' lang='lat' dir='ltr'>ait</span> <span class='ocrx_word' id='word_1_153' title='bbox 789 2403 951 2481; x_wconf 91' lang='lat' dir='ltr'>possidere</span> <span class='ocrx_word' id='word_1_154' title='bbox 976 2402 1007 2463; x_wconf 85' lang='lat' dir='ltr'>C.</span> <span class='ocrx_word' id='word_1_155' title='bbox 1031 2403 1175 2480; x_wconf 79' lang='lat' dir='ltr'>Gesseris,</span> <span class='ocrx_word' id='word_1_156' title='bbox 1212 2421 1300 2480; x_wconf 88' lang='lat' dir='ltr'>quam</span> <span class='ocrx_word' id='word_1_157' title='bbox 1329 2404 1384 2464; x_wconf 94' lang='lat' dir='ltr'>illo</span> <span class='ocrx_word' id='word_1_158' title='bbox 1406 2404 1526 2462; x_wconf 90' lang='lat' dir='ltr'>demum</span> <span class='ocrx_word' id='word_1_159' title='bbox 1547 2403 1599 2460; x_wconf 88' lang='lat' dir='ltr'>in·</span> <span class='ocrx_word' id='word_1_160' title='bbox 1679 2415 1683 2418; x_wconf 85' lang='lat'>·</span> 
     </span>
     <span class='ocr_line' id='line_1_18' title="bbox 398 2510 1599 2591; baseline 0.002 -23"><span class='ocrx_word' id='word_1_161' title='bbox 398 2513 548 2587; x_wconf 91' lang='lat' dir='ltr'>terempto</span> <span class='ocrx_word' id='word_1_162' title='bbox 570 2513 602 2570; x_wconf 91' lang='lat' dir='ltr'>et</span> <span class='ocrx_word' id='word_1_163' title='bbox 621 2511 761 2571; x_wconf 83' lang='lat' dir='ltr'>Numidia</span> <span class='ocrx_word' id='word_1_164' title='bbox 784 2512 918 2591; x_wconf 82' lang='lat' dir='ltr'>expilata</span> <span class='ocrx_word' id='word_1_165' title='bbox 940 2531 1006 2574; x_wconf 91' lang='lat' dir='ltr'>eum</span> <span class='ocrx_word' id='word_1_166' title='bbox 1029 2531 1140 2590; x_wconf 85' lang='lat' dir='ltr'>parare</span> <span class='ocrx_word' id='word_1_167' title='bbox 1162 2515 1223 2574; x_wconf 93' lang='lat' dir='ltr'>sibi</span> <span class='ocrx_word' id='word_1_168' title='bbox 1244 2513 1383 2590; x_wconf 89' lang='lat' dir='ltr'>potuisse</span> <span class='ocrx_word' id='word_1_169' title='bbox 1405 2510 1599 2571; x_wconf 77' lang='lat' dir='ltr'>manifestum</span> 
     </span>
     <span class='ocr_line' id='line_1_19' title="bbox 398 2617 1600 2697; baseline 0.002 -21"><span class='ocrx_word' id='word_1_170' title='bbox 398 2619 454 2676; x_wconf 89' lang='lat' dir='ltr'>est.</span> <span class='ocrx_word' id='word_1_171' title='bbox 485 2617 547 2676; x_wconf 91' lang='lat' dir='ltr'>Sed</span> <span class='ocrx_word' id='word_1_172' title='bbox 562 2618 653 2677; x_wconf 86' lang='lat' dir='ltr'>etiam</span> <span class='ocrx_word' id='word_1_173' title='bbox 666 2617 819 2680; x_wconf 85' lang='lat' dir='ltr'>Historias</span> <span class='ocrx_word' id='word_1_174' title='bbox 836 2620 896 2679; x_wconf 87' lang='lat' dir='ltr'>iam</span> <span class='ocrx_word' id='word_1_175' title='bbox 916 2621 955 2679; x_wconf 93' lang='lat' dir='ltr'>ab</span> <span class='ocrx_word' id='word_1_176' title='bbox 971 2637 1009 2680; x_wconf 92' lang='lat' dir='ltr'>eo</span> <span class='ocrx_word' id='word_1_177' title='bbox 1029 2620 1220 2697; x_wconf 87' lang='lat' dir='ltr'>conscriptas</span> <span class='ocrx_word' id='word_1_178' title='bbox 1235 2619 1334 2678; x_wconf 83' lang='lat' dir='ltr'>fuisse</span> <span class='ocrx_word' id='word_1_179' title='bbox 1348 2619 1502 2696; x_wconf 77' lang='lat' dir='ltr'>significat</span> <span class='ocrx_word' id='word_1_180' title='bbox 1518 2636 1542 2676; x_wconf 90' lang='lat' dir='ltr'>c.</span> <span class='ocrx_word' id='word_1_181' title='bbox 1557 2639 1600 2678; x_wconf 89' lang='lat' dir='ltr'>m.</span> 
     </span>
     <span class='ocr_line' id='line_1_20' title="bbox 400 2721 1600 2802; baseline 0.001 -20"><span class='ocrx_word' id='word_1_182' title='bbox 400 2721 523 2799; x_wconf 81' lang='lat' dir='ltr'>„Neque</span> <span class='ocrx_word' id='word_1_183' title='bbox 544 2727 575 2784; x_wconf 91' lang='lat' dir='ltr'>te</span> <span class='ocrx_word' id='word_1_184' title='bbox 596 2725 639 2785; x_wconf 89' lang='lat' dir='ltr'>tui</span> <span class='ocrx_word' id='word_1_185' title='bbox 659 2725 752 2802; x_wconf 81' lang='lat' dir='ltr'>piget,</span> <span class='ocrx_word' id='word_1_186' title='bbox 773 2727 866 2786; x_wconf 92' lang='lat' dir='ltr'>bomo</span> <span class='ocrx_word' id='word_1_187' title='bbox 879 2726 1052 2786; x_wconf 87' lang='lat' dir='ltr'>levissime!</span> <span class='ocrx_word' id='word_1_188' title='bbox 1078 2743 1146 2787; x_wconf 89' lang='lat' dir='ltr'>cum</span> <span class='ocrx_word' id='word_1_189' title='bbox 1167 2741 1205 2785; x_wconf 89' lang='lat' dir='ltr'>ea</span> <span class='ocrx_word' id='word_1_190' title='bbox 1225 2725 1341 2801; x_wconf 87' lang='lat' dir='ltr'>culpas,</span> <span class='ocrx_word' id='word_1_191' title='bbox 1360 2741 1427 2801; x_wconf 83' lang='lat' dir='ltr'>quae</span> <span class='ocrx_word' id='word_1_192' title='bbox 1441 2725 1472 2783; x_wconf 94' lang='lat' dir='ltr'>in</span> <span class='ocrx_word' id='word_1_193' title='bbox 1491 2723 1600 2783; x_wconf 91' lang='lat' dir='ltr'>ilisto-</span> 
     </span>
     <span class='ocr_line' id='line_1_21' title="bbox 397 2827 1601 2912; baseline -0.003 -19"><span class='ocrx_word' id='word_1_194' title='bbox 397 2834 453 2894; x_wconf 92' lang='lat' dir='ltr'>riis</span> <span class='ocrx_word' id='word_1_195' title='bbox 474 2834 547 2894; x_wconf 92' lang='lat' dir='ltr'>mibi</span> <span class='ocrx_word' id='word_1_196' title='bbox 568 2833 674 2910; x_wconf 76' lang='lat' dir='ltr'>gloriae</span> <span class='ocrx_word' id='word_1_197' title='bbox 696 2827 809 2894; x_wconf 85' lang='lat' dir='ltr'>ducis.“</span> <span class='ocrx_word' id='word_1_198' title='bbox 845 2835 960 2896; x_wconf 89' lang='lat' dir='ltr'>Postea</span> <span class='ocrx_word' id='word_1_199' title='bbox 982 2841 1081 2895; x_wconf 89' lang='lat' dir='ltr'>autem</span> <span class='ocrx_word' id='word_1_200' title='bbox 1101 2835 1191 2895; x_wconf 74' lang='lat' dir='ltr'>nullae</span> <span class='ocrx_word' id='word_1_201' title='bbox 1213 2834 1342 2912; x_wconf 87' lang='lat' dir='ltr'>amplius</span> <span class='ocrx_word' id='word_1_202' title='bbox 1364 2831 1530 2892; x_wconf 83' lang='lat' dir='ltr'>inimicitiae</span> <span class='ocrx_word' id='word_1_203' title='bbox 1545 2831 1601 2889; x_wconf 84' lang='lat' dir='ltr'>Gi·</span> 
     </span>
     <span class='ocr_line' id='line_1_22' title="bbox 398 2942 1601 3019; baseline -0.001 -18"><span class='ocrx_word' id='word_1_204' title='bbox 398 2943 504 3003; x_wconf 89' lang='lat' dir='ltr'>ceroni</span> <span class='ocrx_word' id='word_1_205' title='bbox 521 2959 588 3002; x_wconf 88' lang='lat' dir='ltr'>cum</span> <span class='ocrx_word' id='word_1_206' title='bbox 602 2942 736 3004; x_wconf 89' lang='lat' dir='ltr'>Salustio</span> <span class='ocrx_word' id='word_1_207' title='bbox 752 2943 968 3004; x_wconf 89' lang='lat' dir='ltr'>intercessisse</span> <span class='ocrx_word' id='word_1_208' title='bbox 984 2944 1135 3004; x_wconf 85' lang='lat' dir='ltr'>ridentur.</span> <span class='ocrx_word' id='word_1_209' title='bbox 1162 2943 1265 3004; x_wconf 82' lang='lat' dir='ltr'>fuerat</span> <span class='ocrx_word' id='word_1_210' title='bbox 1284 2945 1363 3004; x_wconf 89' lang='lat' dir='ltr'>enim</span> <span class='ocrx_word' id='word_1_211' title='bbox 1377 2943 1409 3002; x_wconf 92' lang='lat' dir='ltr'>in</span> <span class='ocrx_word' id='word_1_212' title='bbox 1425 2942 1601 3019; x_wconf 83' lang='lat' dir='ltr'>suspicione</span> 
     </span>
     <span class='ocr_line' id='line_1_23' title="bbox 398 3047 1602 3126; baseline -0.002 -18"><span class='ocrx_word' id='word_1_213' title='bbox 398 3047 552 3110; x_wconf 90' lang='lat' dir='ltr'>Salustius</span> <span class='ocrx_word' id='word_1_214' title='bbox 571 3065 637 3109; x_wconf 91' lang='lat' dir='ltr'>cum</span> <span class='ocrx_word' id='word_1_215' title='bbox 658 3049 713 3108; x_wconf 92' lang='lat' dir='ltr'>illo</span> <span class='ocrx_word' id='word_1_216' title='bbox 733 3049 909 3126; x_wconf 83' lang='lat' dir='ltr'>ingratiam</span> <span class='ocrx_word' id='word_1_217' title='bbox 929 3049 1061 3110; x_wconf 83' lang='lat' dir='ltr'>rediisse</span> <span class='ocrx_word' id='word_1_218' title='bbox 1081 3048 1137 3110; x_wconf 87' lang='lat' dir='ltr'>cir.</span> <span class='ocrx_word' id='word_1_219' title='bbox 1157 3050 1269 3110; x_wconf 84' lang='lat' dir='ltr'>Ascon.</span> <span class='ocrx_word' id='word_1_220' title='bbox 1291 3050 1312 3108; x_wconf 93' lang='lat' dir='ltr'>l.</span> <span class='ocrx_word' id='word_1_221' title='bbox 1333 3049 1352 3108; x_wconf 92' lang='lat' dir='ltr'>l.</span> <span class='ocrx_word' id='word_1_222' title='bbox 1381 3048 1488 3125; x_wconf 85' lang='lat' dir='ltr'>Neque</span> <span class='ocrx_word' id='word_1_223' title='bbox 1508 3048 1602 3106; x_wconf 81' lang='lat' dir='ltr'>aliter</span> 
     </span>
     <span class='ocr_line' id='line_1_24' title="bbox 398 3151 1601 3232; baseline 0.002 -20"><span class='ocrx_word' id='word_1_224' title='bbox 398 3151 465 3212; x_wconf 83' lang='lat' dir='ltr'>fieri</span> <span class='ocrx_word' id='word_1_225' title='bbox 480 3155 587 3230; x_wconf 88' lang='lat' dir='ltr'>potuit,</span> <span class='ocrx_word' id='word_1_226' title='bbox 601 3157 763 3232; x_wconf 83' lang='lat' dir='ltr'>postquam</span> <span class='ocrx_word' id='word_1_227' title='bbox 778 3160 935 3232; x_wconf 90' lang='lat' dir='ltr'>utrumqne</span> <span class='ocrx_word' id='word_1_228' title='bbox 950 3173 1012 3216; x_wconf 83' lang='lat' dir='ltr'>suae</span> <span class='ocrx_word' id='word_1_229' title='bbox 1027 3171 1127 3216; x_wconf 83' lang='lat' dir='ltr'>causae</span> <span class='ocrx_word' id='word_1_230' title='bbox 1141 3155 1236 3215; x_wconf 82' lang='lat' dir='ltr'>lulius</span> <span class='ocrx_word' id='word_1_231' title='bbox 1250 3153 1354 3216; x_wconf 77' lang='lat' dir='ltr'>Caesar</span> <span class='ocrx_word' id='word_1_232' title='bbox 1366 3155 1514 3214; x_wconf 85' lang='lat' dir='ltr'>adiunxit.</span> <span class='ocrx_word' id='word_1_233' title='bbox 1535 3155 1601 3223; x_wconf 83' lang='lat' dir='ltr'>Qua</span> 
     </span>
     <span class='ocr_line' id='line_1_25' title="bbox 399 3259 1601 3340; baseline -0.001 -21"><span class='ocrx_word' id='word_1_234' title='bbox 399 3259 519 3336; x_wconf 92' lang='lat' dir='ltr'>quidem</span> <span class='ocrx_word' id='word_1_235' title='bbox 541 3277 578 3320; x_wconf 84' lang='lat' dir='ltr'>ex</span> <span class='ocrx_word' id='word_1_236' title='bbox 597 3279 632 3320; x_wconf 91' lang='lat' dir='ltr'>re</span> <span class='ocrx_word' id='word_1_237' title='bbox 652 3267 737 3322; x_wconf 88' lang='lat' dir='ltr'>recte</span> <span class='ocrx_word' id='word_1_238' title='bbox 751 3262 915 3340; x_wconf 82' lang='lat' dir='ltr'>colligitur,</span> <span class='ocrx_word' id='word_1_239' title='bbox 937 3277 976 3320; x_wconf 91' lang='lat' dir='ltr'>ne</span> <span class='ocrx_word' id='word_1_240' title='bbox 994 3261 1034 3320; x_wconf 91' lang='lat' dir='ltr'>ab</span> <span class='ocrx_word' id='word_1_241' title='bbox 1052 3262 1221 3337; x_wconf 83' lang='lat' dir='ltr'>aequalibus</span> <span class='ocrx_word' id='word_1_242' title='bbox 1241 3262 1362 3338; x_wconf 90' lang='lat' dir='ltr'>quidem</span> <span class='ocrx_word' id='word_1_243' title='bbox 1383 3259 1504 3320; x_wconf 91' lang='lat' dir='ltr'>illorum</span> <span class='ocrx_word' id='word_1_244' title='bbox 1518 3264 1601 3319; x_wconf 92' lang='lat' dir='ltr'>tem-</span> 
     </span>
     <span class='ocr_line' id='line_1_26' title="bbox 397 3367 1600 3445; baseline -0.001 -19"><span class='ocrx_word' id='word_1_245' title='bbox 397 3381 513 3442; x_wconf 91' lang='lat' dir='ltr'>porum,</span> <span class='ocrx_word' id='word_1_246' title='bbox 528 3368 637 3427; x_wconf 89' lang='lat' dir='ltr'>nedum</span> <span class='ocrx_word' id='word_1_247' title='bbox 650 3367 826 3428; x_wconf 85' lang='lat' dir='ltr'>aCiceroue</span> <span class='ocrx_word' id='word_1_248' title='bbox 839 3373 869 3428; x_wconf 90' lang='lat' dir='ltr'>et</span> <span class='ocrx_word' id='word_1_249' title='bbox 880 3369 1016 3429; x_wconf 91' lang='lat' dir='ltr'>Salustio</span> <span class='ocrx_word' id='word_1_250' title='bbox 1029 3370 1085 3428; x_wconf 87' lang='lat' dir='ltr'>bas</span> <span class='ocrx_word' id='word_1_251' title='bbox 1095 3369 1335 3428; x_wconf 87' lang='lat' dir='ltr'>declamationes</span> <span class='ocrx_word' id='word_1_252' title='bbox 1347 3367 1442 3427; x_wconf 91' lang='lat' dir='ltr'>scribi</span> <span class='ocrx_word' id='word_1_253' title='bbox 1451 3367 1600 3445; x_wconf 89' lang='lat' dir='ltr'>potuisse.</span> 
     </span>
     <span class='ocr_line' id='line_1_27' title="bbox 398 3471 1602 3552; baseline 0.001 -22"><span class='ocrx_word' id='word_1_254' title='bbox 398 3471 490 3534; x_wconf 88' lang='lat' dir='ltr'>Plura</span> <span class='ocrx_word' id='word_1_255' title='bbox 507 3474 602 3550; x_wconf 85' lang='lat' dir='ltr'>igitur</span> <span class='ocrx_word' id='word_1_256' title='bbox 618 3474 734 3535; x_wconf 88' lang='lat' dir='ltr'>addere</span> <span class='ocrx_word' id='word_1_257' title='bbox 751 3475 804 3534; x_wconf 84' lang='lat' dir='ltr'>vix</span> <span class='ocrx_word' id='word_1_258' title='bbox 823 3492 901 3551; x_wconf 84' lang='lat' dir='ltr'>opus</span> <span class='ocrx_word' id='word_1_259' title='bbox 922 3477 977 3534; x_wconf 91' lang='lat' dir='ltr'>est.</span> <span class='ocrx_word' id='word_1_260' title='bbox 1013 3473 1154 3535; x_wconf 80' lang='lat' dir='ltr'>Ceterum</span> <span class='ocrx_word' id='word_1_261' title='bbox 1172 3474 1363 3552; x_wconf 90' lang='lat' dir='ltr'>impudenter</span> <span class='ocrx_word' id='word_1_262' title='bbox 1383 3474 1451 3532; x_wconf 87' lang='lat' dir='ltr'>eive</span> <span class='ocrx_word' id='word_1_263' title='bbox 1466 3471 1602 3532; x_wconf 90' lang='lat' dir='ltr'>absurde</span> 
     </span>
     <span class='ocr_line' id='line_1_28' title="bbox 398 3577 1600 3659; baseline -0.002 -21"><span class='ocrx_word' id='word_1_264' title='bbox 398 3579 450 3638; x_wconf 92' lang='lat' dir='ltr'>vel</span> <span class='ocrx_word' id='word_1_265' title='bbox 469 3580 530 3640; x_wconf 92' lang='lat' dir='ltr'>boe</span> <span class='ocrx_word' id='word_1_266' title='bbox 551 3581 662 3640; x_wconf 90' lang='lat' dir='ltr'>dictum</span> <span class='ocrx_word' id='word_1_267' title='bbox 685 3587 741 3657; x_wconf 88' lang='lat' dir='ltr'>est,</span> <span class='ocrx_word' id='word_1_268' title='bbox 763 3583 845 3659; x_wconf 90' lang='lat' dir='ltr'>quod</span> <span class='ocrx_word' id='word_1_269' title='bbox 866 3581 1025 3642; x_wconf 79' lang='lat' dir='ltr'>Ciceronis</span> <span class='ocrx_word' id='word_1_270' title='bbox 1047 3582 1239 3642; x_wconf 90' lang='lat' dir='ltr'>consulatum</span> <span class='ocrx_word' id='word_1_271' title='bbox 1268 3580 1490 3641; x_wconf 89' lang='lat' dir='ltr'>coniurationis</span> <span class='ocrx_word' id='word_1_272' title='bbox 1512 3577 1600 3638; x_wconf 84' lang='lat' dir='ltr'>Cati-</span> 
     </span>
     <span class='ocr_line' id='line_1_29' title="bbox 398 3686 1601 3766; baseline -0.002 -20"><span class='ocrx_word' id='word_1_273' title='bbox 398 3687 515 3748; x_wconf 83' lang='lat' dir='ltr'>lioariae</span> <span class='ocrx_word' id='word_1_274' title='bbox 536 3705 658 3748; x_wconf 85' lang='lat' dir='ltr'>causam</span> <span class='ocrx_word' id='word_1_275' title='bbox 679 3688 777 3749; x_wconf 84' lang='lat' dir='ltr'>luisse</span> <span class='ocrx_word' id='word_1_276' title='bbox 797 3688 961 3750; x_wconf 90' lang='lat' dir='ltr'>insimulat.</span> <span class='ocrx_word' id='word_1_277' title='bbox 995 3689 1066 3748; x_wconf 86' lang='lat' dir='ltr'>Tum</span> <span class='ocrx_word' id='word_1_278' title='bbox 1092 3706 1199 3766; x_wconf 87' lang='lat' dir='ltr'>parurn</span> <span class='ocrx_word' id='word_1_279' title='bbox 1225 3687 1387 3766; x_wconf 91' lang='lat' dir='ltr'>probabile</span> <span class='ocrx_word' id='word_1_280' title='bbox 1410 3686 1601 3746; x_wconf 90' lang='lat' dir='ltr'>mendacium</span> 
     </span>
     <span class='ocr_line' id='line_1_30' title="bbox 400 3791 1603 3873; baseline -0.003 -20"><span class='ocrx_word' id='word_1_281' title='bbox 400 3799 456 3870; x_wconf 75' lang='lat' dir='ltr'>est</span> <span class='ocrx_word' id='word_1_282' title='bbox 478 3795 560 3871; x_wconf 91' lang='lat' dir='ltr'>qood</span> <span class='ocrx_word' id='word_1_283' title='bbox 579 3793 686 3856; x_wconf 80' lang='lat' dir='ltr'>Cicero</span> <span class='ocrx_word' id='word_1_284' title='bbox 707 3800 780 3873; x_wconf 86' lang='lat' dir='ltr'>post</span> <span class='ocrx_word' id='word_1_285' title='bbox 801 3795 991 3857; x_wconf 87' lang='lat' dir='ltr'>consulatum</span> <span class='ocrx_word' id='word_1_286' title='bbox 1013 3813 1081 3860; x_wconf 87' lang='lat' dir='ltr'>cum</span> <span class='ocrx_word' id='word_1_287' title='bbox 1092 3795 1234 3855; x_wconf 76' lang='lat' dir='ltr'>Terentia</span> <span class='ocrx_word' id='word_1_288' title='bbox 1256 3809 1352 3854; x_wconf 85' lang='lat' dir='ltr'>uxore</span> <span class='ocrx_word' id='word_1_289' title='bbox 1373 3792 1452 3869; x_wconf 83' lang='lat' dir='ltr'>legis</span> <span class='ocrx_word' id='word_1_290' title='bbox 1471 3791 1603 3851; x_wconf 77' lang='lat' dir='ltr'>Plautiae·</span> 
     </span>
     <span class='ocr_line' id='line_1_31' title="bbox 398 3897 1602 3980; baseline -0.003 -20"><span class='ocrx_word' id='word_1_291' title='bbox 398 3901 512 3962; x_wconf 89' lang='lat' dir='ltr'>iudicia</span> <span class='ocrx_word' id='word_1_292' title='bbox 533 3901 615 3961; x_wconf 91' lang='lat' dir='ltr'>domi</span> <span class='ocrx_word' id='word_1_293' title='bbox 635 3900 751 3962; x_wconf 85' lang='lat' dir='ltr'>iecisse</span> <span class='ocrx_word' id='word_1_294' title='bbox 771 3903 910 3979; x_wconf 85' lang='lat' dir='ltr'>aliosque</span> <span class='ocrx_word' id='word_1_295' title='bbox 935 3905 1046 3980; x_wconf 87' lang='lat' dir='ltr'>capitis</span> <span class='ocrx_word' id='word_1_296' title='bbox 1067 3902 1237 3977; x_wconf 88' lang='lat' dir='ltr'>damnasse,</span> <span class='ocrx_word' id='word_1_297' title='bbox 1265 3901 1345 3960; x_wconf 89' lang='lat' dir='ltr'>alios</span> <span class='ocrx_word' id='word_1_298' title='bbox 1371 3899 1500 3977; x_wconf 87' lang='lat' dir='ltr'>pecnnia</span> <span class='ocrx_word' id='word_1_299' title='bbox 1521 3897 1602 3956; x_wconf 92' lang='lat' dir='ltr'>mul-</span> 
     </span>
     <span class='ocr_line' id='line_1_32' title="bbox 399 4006 1603 4086; baseline -0.005 -17"><span class='ocrx_word' id='word_1_300' title='bbox 399 4013 483 4070; x_wconf 88' lang='lat' dir='ltr'>tasse</span> <span class='ocrx_word' id='word_1_301' title='bbox 505 4009 625 4069; x_wconf 89' lang='lat' dir='ltr'>dicitur.</span> <span class='ocrx_word' id='word_1_302' title='bbox 662 4007 766 4085; x_wconf 91' lang='lat' dir='ltr'>Neque</span> <span class='ocrx_word' id='word_1_303' title='bbox 787 4009 848 4070; x_wconf 91' lang='lat' dir='ltr'>boc</span> <span class='ocrx_word' id='word_1_304' title='bbox 869 4013 917 4068; x_wconf 88' lang='lat' dir='ltr'>est</span> <span class='ocrx_word' id='word_1_305' title='bbox 937 4009 1169 4086; x_wconf 79' lang='lat' dir='ltr'>negligendum,</span> <span class='ocrx_word' id='word_1_306' title='bbox 1199 4007 1282 4084; x_wconf 94' lang='lat' dir='ltr'>quod</span> <span class='ocrx_word' id='word_1_307' title='bbox 1310 4007 1362 4083; x_wconf 91' lang='lat' dir='ltr'>qui</span> <span class='ocrx_word' id='word_1_308' title='bbox 1381 4006 1543 4082; x_wconf 81' lang='lat' dir='ltr'>profitetur</span> <span class='ocrx_word' id='word_1_309' title='bbox 1565 4021 1603 4063; x_wconf 82' lang='lat' dir='ltr'>re</span> 
     </span>
     <span class='ocr_line' id='line_1_33' title="bbox 398 4111 1603 4194; baseline -0.005 -19"><span class='ocrx_word' id='word_1_310' title='bbox 398 4133 615 4194; x_wconf 86' lang='lat' dir='ltr'>responsurum</span> <span class='ocrx_word' id='word_1_311' title='bbox 643 4134 714 4178; x_wconf 88' lang='lat' dir='ltr'>esse</span> <span class='ocrx_word' id='word_1_312' title='bbox 742 4117 774 4176; x_wconf 91' lang='lat' dir='ltr'>in</span> <span class='ocrx_word' id='word_1_313' title='bbox 802 4118 901 4178; x_wconf 84' lang='lat' dir='ltr'>altera</span> <span class='ocrx_word' id='word_1_314' title='bbox 927 4117 1069 4178; x_wconf 89' lang='lat' dir='ltr'>oratione</span> <span class='ocrx_word' id='word_1_315' title='bbox 1095 4115 1213 4175; x_wconf 90' lang='lat' dir='ltr'>initium</span> <span class='ocrx_word' id='word_1_316' title='bbox 1241 4114 1456 4174; x_wconf 89' lang='lat' dir='ltr'>altercationis</span> <span class='ocrx_word' id='word_1_317' title='bbox 1487 4111 1603 4170; x_wconf 85' lang='lat' dir='ltr'>iecisse</span> 
     </span>
     <span class='ocr_line' id='line_1_34' title="bbox 399 4219 1603 4296; baseline -0.006 -14"><span class='ocrx_word' id='word_1_318' title='bbox 399 4223 518 4284; x_wconf 92' lang='lat' dir='ltr'>dicitur.</span> <span class='ocrx_word' id='word_1_319' title='bbox 550 4223 603 4284; x_wconf 75' lang='lat' dir='ltr'>cll.</span> <span class='ocrx_word' id='word_1_320' title='bbox 626 4223 753 4283; x_wconf 82' lang='lat' dir='ltr'>de‘clam.</span> <span class='ocrx_word' id='word_1_321' title='bbox 775 4224 806 4283; x_wconf 93' lang='lat' dir='ltr'>in</span> <span class='ocrx_word' id='word_1_322' title='bbox 827 4223 890 4284; x_wconf 85' lang='lat' dir='ltr'>Gic.</span> <span class='ocrx_word' id='word_1_323' title='bbox 911 4241 936 4282; x_wconf 94' lang='lat' dir='ltr'>c.</span> <span class='ocrx_word' id='word_1_324' title='bbox 952 4228 979 4283; x_wconf 92' lang='lat' dir='ltr'>i.</span> <span class='ocrx_word' id='word_1_325' title='bbox 1000 4223 1032 4282; x_wconf 93' lang='lat' dir='ltr'>in</span> <span class='ocrx_word' id='word_1_326' title='bbox 1053 4221 1115 4282; x_wconf 85' lang='lat' dir='ltr'>Sal.</span> <span class='ocrx_word' id='word_1_327' title='bbox 1136 4239 1161 4282; x_wconf 93' lang='lat' dir='ltr'>c.</span> <span class='ocrx_word' id='word_1_328' title='bbox 1185 4226 1210 4281; x_wconf 92' lang='lat' dir='ltr'>i.</span> <span class='ocrx_word' id='word_1_329' title='bbox 1250 4220 1312 4280; x_wconf 91' lang='lat' dir='ltr'>Sed</span> <span class='ocrx_word' id='word_1_330' title='bbox 1334 4219 1474 4296; x_wconf 89' lang='lat' dir='ltr'>quamvis</span> <span class='ocrx_word' id='word_1_331' title='bbox 1494 4219 1603 4278; x_wconf 83' lang='lat' dir='ltr'>incon-</span> 
     </span>
     <span class='ocr_line' id='line_1_35' title="bbox 399 4327 1603 4408; baseline -0.007 -18"><span class='ocrx_word' id='word_1_332' title='bbox 399 4332 574 4391; x_wconf 84' lang='lat' dir='ltr'>sideranter</span> <span class='ocrx_word' id='word_1_333' title='bbox 600 4331 666 4390; x_wconf 77' lang='lat' dir='ltr'>baec</span> <span class='ocrx_word' id='word_1_334' title='bbox 692 4331 874 4406; x_wconf 83' lang='lat' dir='ltr'>dictasint,</span> <span class='ocrx_word' id='word_1_335' title='bbox 909 4330 953 4391; x_wconf 87' lang='lat' dir='ltr'>ita</span> <span class='ocrx_word' id='word_1_336' title='bbox 985 4335 1018 4391; x_wconf 92' lang='lat' dir='ltr'>ut</span> <span class='ocrx_word' id='word_1_337' title='bbox 1047 4331 1253 4408; x_wconf 87' lang='lat' dir='ltr'>suspicionem</span> <span class='ocrx_word' id='word_1_338' title='bbox 1278 4328 1424 4389; x_wconf 78' lang='lat' dir='ltr'>salsitatis</span> <span class='ocrx_word' id='word_1_339' title='bbox 1450 4327 1603 4398; x_wconf 82' lang='lat' dir='ltr'>moveant,</span> 
     </span>
     <span class='ocr_line' id='line_1_36' title="bbox 400 4433 1604 4514; baseline -0.007 -15"><span class='ocrx_word' id='word_1_340' title='bbox 400 4439 497 4499; x_wconf 87' lang='lat' dir='ltr'>omnis</span> <span class='ocrx_word' id='word_1_341' title='bbox 518 4444 616 4500; x_wconf 84' lang='lat' dir='ltr'>tamen</span> <span class='ocrx_word' id='word_1_342' title='bbox 639 4439 793 4499; x_wconf 89' lang='lat' dir='ltr'>dubitatio</span> <span class='ocrx_word' id='word_1_343' title='bbox 818 4454 856 4499; x_wconf 92' lang='lat' dir='ltr'>eo</span> <span class='ocrx_word' id='word_1_344' title='bbox 886 4441 1000 4499; x_wconf 88' lang='lat' dir='ltr'>tantum</span> <span class='ocrx_word' id='word_1_345' title='bbox 1025 4438 1157 4514; x_wconf 87' lang='lat' dir='ltr'>tollitur,</span> <span class='ocrx_word' id='word_1_346' title='bbox 1190 4438 1272 4514; x_wconf 89' lang='lat' dir='ltr'>quod</span> <span class='ocrx_word' id='word_1_347' title='bbox 1296 4434 1446 4495; x_wconf 86' lang='lat' dir='ltr'>historica</span> <span class='ocrx_word' id='word_1_348' title='bbox 1466 4433 1546 4492; x_wconf 89' lang='lat' dir='ltr'>inter</span> <span class='ocrx_word' id='word_1_349' title='bbox 1567 4448 1604 4490; x_wconf 92' lang='lat' dir='ltr'>se</span> 
     </span>
     <span class='ocr_line' id='line_1_37' title="bbox 400 4537 1604 4622; baseline -0.007 -19"><span class='ocrx_word' id='word_1_350' title='bbox 400 4545 583 4621; x_wconf 89' lang='lat' dir='ltr'>discrepant.</span> <span class='ocrx_word' id='word_1_351' title='bbox 619 4546 711 4614; x_wconf 82' lang='lat' dir='ltr'>Quam</span> <span class='ocrx_word' id='word_1_352' title='bbox 734 4545 773 4604; x_wconf 87' lang='lat' dir='ltr'>ad</span> <span class='ocrx_word' id='word_1_353' title='bbox 795 4545 1030 4622; x_wconf 87' lang='lat' dir='ltr'>discrepantiam</span> <span class='ocrx_word' id='word_1_354' title='bbox 1053 4544 1220 4605; x_wconf 89' lang='lat' dir='ltr'>tollendam</span> <span class='ocrx_word' id='word_1_355' title='bbox 1242 4560 1371 4604; x_wconf 89' lang='lat' dir='ltr'>necesse</span> <span class='ocrx_word' id='word_1_356' title='bbox 1392 4547 1449 4614; x_wconf 76' lang='lat' dir='ltr'>est</span> <span class='ocrx_word' id='word_1_357' title='bbox 1480 4543 1511 4598; x_wconf 93' lang='lat' dir='ltr'>ut</span> <span class='ocrx_word' id='word_1_358' title='bbox 1532 4537 1604 4597; x_wconf 89' lang='lat' dir='ltr'>illas</span> 
     </span>
     <span class='ocr_line' id='line_1_38' title="bbox 400 4646 1607 4730; baseline -0.006 -20"><span class='ocrx_word' id='word_1_359' title='bbox 400 4654 616 4726; x_wconf 87' lang='lat' dir='ltr'>oratiunculas,</span> <span class='ocrx_word' id='word_1_360' title='bbox 650 4671 716 4730; x_wconf 73' lang='lat' dir='ltr'>quae</span> <span class='ocrx_word' id='word_1_361' title='bbox 738 4660 798 4713; x_wconf 89' lang='lat' dir='ltr'>tam</span> <span class='ocrx_word' id='word_1_362' title='bbox 825 4656 909 4712; x_wconf 89' lang='lat' dir='ltr'>arcte</span> <span class='ocrx_word' id='word_1_363' title='bbox 937 4653 1015 4712; x_wconf 90' lang='lat' dir='ltr'>inter</span> <span class='ocrx_word' id='word_1_364' title='bbox 1043 4670 1077 4712; x_wconf 91' lang='lat' dir='ltr'>se</span> <span class='ocrx_word' id='word_1_365' title='bbox 1106 4652 1270 4726; x_wconf 71' lang='lat' dir='ltr'>cohaerent</span> <span class='ocrx_word' id='word_1_366' title='bbox 1302 4653 1333 4710; x_wconf 89' lang='lat' dir='ltr'>nt</span> <span class='ocrx_word' id='word_1_367' title='bbox 1358 4648 1486 4708; x_wconf 90' lang='lat' dir='ltr'>verbum</span> <span class='ocrx_word' id='word_1_368' title='bbox 1507 4646 1607 4704; x_wconf 86' lang='lat' dir='ltr'>verbo</span> 
     </span>
    </p>
   </div>
   <div class='ocr_carea' id='block_1_3' title="bbox 0 0 1866 5600">
    <p class='ocr_par' dir='ltr' id='par_1_3' title="bbox 0 0 1866 5600">
     <span class='ocr_line' id='line_1_39' title="bbox 0 0 1866 5600; baseline 0 0"><span class='ocrx_word' id='word_1_369' title='bbox 0 0 1866 5600; x_wconf 95' lang='lat' dir='ltr'> </span> 
     </span>
    </p>
   </div>
  </div>
 </body>
</html>
