3576 5602
1290 625 1362 695 413

152 829 332 898 laesionem.
365 827 471 896 Varro
487 824 567 895 dicit
582 825 764 896 Romulum
789 823 1003 896 dimicantem
1029 835 1141 895 eontra
1166 825 1205 894 T.
1228 825 1364 896 Tatium

153 950 457 1032 aanumonihus,
484 949 547 1020 hoc
573 960 621 1019 est
646 949 774 1030 Tuscis,
801 949 926 1018 auxilia
951 949 1152 1040 postulasse;
1180 949 1267 1020 unde
1287 950 1365 1042 qui-

153 1078 230 1147 dam
255 1076 348 1146 venit
372 1080 448 1146 cum
474 1075 632 1154 exercitu,
659 1075 713 1145 oui
739 1085 871 1168 recepto
897 1074 964 1144 iam
987 1074 1081 1147 Tatio
1109 1097 1182 1167 pars
1206 1047 1297 1147 urhis
1315 1089 1365 1147 est

154 1202 243 1282 data,
270 1200 358 1271 uude
384 1200 418 1270 in
445 1201 527 1270 urbe
553 1199 679 1270 Tuscus
706 1199 811 1270 dietus
838 1211 887 1268 ast
911 1200 1014 1269 vicus.
1058 1201 1187 1270 Sevius
1208 1202 1252 1271 od
1272 1204 1363 1294 Verp.

154 1329 233 1396 Aeo.
256 1323 291 1405 5,
315 1324 399 1396 560.
426 1329 484 1417 cfr.
508 1326 609 1394 Varro
634 1325 672 1392 de
698 1325 733 1393 L.
756 1325 794 1394 L.
822 1323 856 1404 5,
883 1321 943 1396 46.
986 1326 1037 1395 De
1064 1323 1255 1408 honoribus,
1282 1349 1364 1417 quoe

154 1449 352 1520 mulieribus
377 1447 507 1518 Sabinis
532 1448 574 1517 ob
601 1459 753 1517 navatam
780 1449 814 1516 in
844 1448 1094 1519 reconcilianda
1120 1471 1202 1542 paee
1227 1473 1364 1543 operam

154 1575 320 1646 Romulus
346 1586 378 1644 et
403 1573 517 1644 Tatius
543 1573 750 1654 tribuerunt,
786 1595 851 1642 non
886 1574 973 1644 inter
997 1597 1112 1645 omnes
1138 1576 1364 1647 Romanorum

154 1699 331 1792 scriptores
357 1697 520 1767 convenit.
565 1698 648 1766 Sunt
673 1694 763 1766 enim
790 1695 848 1788 qui
873 1696 1029 1778 scribant,
1056 1747 1093 1766 ..
1120 1698 1256 1790 triginta
1282 1723 1365 1794 quas

156 1823 304 1892 diximus
329 1823 439 1894 curias
463 1822 597 1893 illarum
624 1821 790 1913 accepisse
813 1822 960 1903 nomina,
986 1821 1074 1915 quod
1101 1823 1232 1893 totidem
1258 1825 1293 1894 in
1315 1827 1367 1896 le-

156 1947 290 2038 gatione
322 1948 467 2018 luissent.
520 1947 583 2016 Sed
610 1946 784 2016 Terentius
810 1947 916 2016 Varro
942 1946 1005 2016 hac
1036 1947 1069 2016 in
1100 1972 1136 2017 re
1162 1950 1205 2019 ab
1232 1949 1271 2019 iis
1297 1951 1367 2022 die-

155 2071 268 2151 sentit,
295 2070 417 2140 docens
443 2069 509 2140 iam
536 2081 634 2140 antea
668 2070 803 2139 nomina
837 2069 937 2140 curiis
963 2093 983 2140 a
1008 2071 1151 2141 Romulo
1177 2073 1276 2144 luisse
1301 2075 1367 2145 im-

156 2197 276 2290 posita,
306 2219 381 2266 oum
407 2196 549 2288 primum
575 2195 786 2266 distribueret
814 2194 1069 2277 multitudinem,
1104 2198 1224 2290 partim
1251 2222 1270 2268 a
1300 2199 1366 2270 du·-

158 2342 235 2391 enm
263 2317 453 2388 nominibus
480 2317 599 2410 partim
625 2318 667 2386 ab
694 2316 924 2387 universorum
951 2318 1056 2411 patria
1084 2319 1270 2414 desumptu;
1305 2345 1367 2392 neo

158 2445 193 2515 in
220 2442 422 2536 legationem
449 2442 611 2533 prolectas
643 2442 753 2520 XXX,
788 2441 845 2510 sed
871 2443 1038 2522 oxxvn:
1078 2466 1140 2514 uec
1171 2455 1261 2538 putat
1286 2469 1368 2515 oon-

158 2579 357 2638 sentaneum
395 2589 492 2660 reges
532 2589 609 2637 eum
652 2567 813 2638 honorem
852 2578 962 2638 tantae
999 2570 1178 2641 mulierum
1216 2580 1367 2642 catervae

159 2689 351 2783 ademptum
378 2691 500 2782 exiguo
524 2712 665 2760 numero
691 2689 870 2760 tributuros
896 2690 1008 2760 fuisso.
1056 2692 1234 2785 Dionysius
1259 2696 1366 2767 [lolio.

159 2815 196 2898 2,
221 2812 282 2886 47.
331 2815 437 2885 Varro
463 2815 544 2884 dicit
577 2815 609 2884 in
643 2826 741 2904 gente
776 2815 889 2906 populi
916 2815 1058 2885 Romani
1085 2817 1224 2890 Sabinos
1254 2843 1274 2891 a
1299 2824 1369 2892 llo-

160 2938 254 3007 mulo
282 2949 449 3030 susceptos
476 2939 574 3008 istum
600 2937 767 3030 accepisse
784 2947 941 3019 montem,
968 2960 1068 3030 quem
1093 2943 1137 3011 ab
1153 2945 1280 3015 Auente
1303 2945 1369 3018 ssu-

159 3061 216 3132 vio
241 3061 431 3154 provinciae
453 3083 532 3130 suae
550 3063 802 3154 appellaverunt
823 3061 1036 3132 Aventinum.
1075 3063 1260 3136 Seruiosod
1279 3069 1368 3160 Verp.

160 3189 239 3257 Aeo.
273 3183 307 3268 T,
342 3183 427 3256 657.
536 3187 595 3255 27.
627 3185 750 3278 Opima
781 3185 886 3278 spolia
918 3184 1006 3255 dictu
1039 3185 1085 3255 ait
1113 3189 1219 3260 Varro
1253 3192 1296 3262 al)
1328 3215 1370 3263 eo

160 3310 251 3403 quod
277 3332 350 3379 rem
375 3309 573 3379 familiarem
599 3332 698 3401 opem
725 3309 850 3380 dieunt.
893 3311 1079 3380 Plutarchus
1102 3314 1138 3382 io
1156 3314 1290 3388 Romulo
1311 3315 1369 3390 16.

162 3437 287 3530 Opima
313 3435 419 3528 spolia
449 3435 614 3516 dicuntur,
647 3487 724 3504 ...
756 3457 843 3529 quae
877 3434 945 3506 dux
977 3437 1091 3530 populi
1122 3441 1262 3511 Romani
1293 3443 1370 3516 duci

163 3559 309 3630 hostium
343 3556 504 3637 detraxit3
543 3579 687 3649 quorum
717 3568 807 3627 tauta
838 3557 957 3627 raritas
992 3571 1051 3641 est,
1086 3571 1122 3630 ut
1152 3562 1238 3634 intra
1266 3589 1371 3640 anuos

163 3683 398 3779 paulominus
421 3681 545 3750 DXXX
567 3695 689 3750 tontum
715 3681 799 3751 trina
825 3681 1026 3774 contigerint
1052 3687 1177 3756 nomini
1203 3689 1368 3762 Romano:

164 3833 232 3881 una
257 3829 345 3901 quae
363 3803 523 3874 Romulus
540 3803 582 3872 de
599 3806 743 3886 Acrone,
771 3804 875 3874 altera
901 3828 987 3899 quae
1013 3804 1128 3877 consul
1151 3809 1269 3882 Cossus
1286 3816 1371 3886 Cor-

164 3935 275 4006 nelius
301 3931 343 4004 de
370 3930 564 4012 Tolumnio,
604 3930 701 3999 tertia
732 3953 818 4023 quoe
851 3933 896 4002 Μ.
923 3931 1100 4002 Marcellus
1128 3935 1198 4004 lovi
1222 3938 1371 4010 Feretrio

166 4059 207 4129 de
225 4058 435 4128 Viridomaro
457 4053 613 4124 fixerunt.
656 4057 701 4126 Μ.
720 4055 826 4126 Varro
845 4055 891 4124 ait
910 4056 1021 4147 opima
1043 4057 1148 4150 spolia
1170 4082 1240 4130 esse
1257 4063 1370 4146 etiam,

166 4184 193 4253 si
224 4181 443 4274 manipularis
479 4179 574 4248 miles
608 4178 799 4260 detraxerit,
839 4179 1018 4250 dummodo
1052 4181 1128 4252 duci
1161 4183 1303 4256 hostium
1336 4211 1373 4260 eu

167 4309 339 4379 decreuerit
365 4357 373 4374 .
401 4355 443 4374 ..
476 4306 570 4390 Quod
601 4319 704 4374 autem
737 4307 845 4373 omnin
875 4306 978 4398 spolio
1012 4309 1106 4377 solito
1137 4331 1202 4378 nou
1233 4310 1297 4379 siut
1329 4312 1372 4384 ad

168 4433 285 4504 aedem
313 4432 399 4501 lovis
424 4430 552 4500 Feretri
584 4431 682 4524 poni,
722 4430 922 4500 testimonio
938 4453 1010 4500 esse
1040 4433 1141 4502 libros
1166 4436 1371 4527 pontificum,

169 4560 201 4630 in
228 4559 351 4654 quibus
376 4557 432 4627 sit:
458 4580 520 4650 pro
545 4557 661 4650 primis
687 4555 799 4648 spoliis
826 4557 920 4638 bove,
947 4581 1007 4651 pro
1033 4559 1186 4630 secundis
1206 4559 1375 4630 solitauri-

168 4681 276 4763 libus,
294 4704 354 4774 pro
380 4680 484 4750 tertiis
509 4702 597 4771 agno
623 4679 757 4773 publice
782 4678 856 4749 lieri
882 4681 1013 4751 debere.
1056 4683 1135 4752 mre
1158 4683 1256 4754 etiam
1274 4685 1374 4754 Pom·
