3554 5600
435 649 507 718 252

435 851 563 918 oinaml
584 849 671 939 Verp.
699 849 776 916 den.
795 843 852 926 12,
884 840 968 914 603.
1072 843 1105 912 l.
1137 835 1296 931 [Fabulis]
1324 841 1522 932 adiungatur
1538 841 1626 909 etiam

435 973 568 1042 Aeneae
593 969 770 1048 somnium,
796 967 884 1062 quod
911 968 944 1036 in
969 967 1121 1036 Numerii
1146 965 1242 1035 Fabii
1267 964 1405 1034 Pictoris
1425 965 1558 1036 Graecis
1573 988 1630 1034 an-

435 1095 568 1165 nalibus
594 1093 665 1164 eius
698 1091 789 1162 modi
819 1104 878 1174 cst,
913 1100 948 1160 ut
973 1091 1086 1160 omnia
1111 1113 1196 1184 quae
1227 1090 1271 1160 ab
1299 1092 1414 1161 Aenea
1440 1101 1532 1182 gesta
1561 1101 1630 1159 sunt

435 1242 588 1314 quaeque
613 1219 663 1288 illi
689 1217 880 1287 acciderunt
905 1239 945 1285 ea
971 1214 1104 1295 luerint,
1130 1237 1216 1307 qnae
1241 1215 1273 1284 ei
1295 1215 1477 1285 secundum
1494 1215 1630 1307 quietem
1755 1263 1756 1306 q

435 1345 505 1414 visa
530 1352 616 1414 siant.
656 1341 761 1410 (liceo
785 1343 824 1410 de
848 1341 951 1409 divio.
973 1337 1005 1421 1,
1032 1338 1091 1419 21,
1118 1336 1178 1410 43.
1279 1338 1315 1408 5.
1340 1340 1391 1409 De
1416 1339 1551 1408 nomine
1575 1339 1631 1408 Al-

435 1468 498 1539 bae
517 1473 653 1560 Longae
670 1465 803 1544 Fabius,
830 1464 954 1558 quires
972 1487 991 1534 a
1008 1465 1168 1534 Romanis
1183 1475 1292 1556 gestas
1309 1465 1514 1557 conscripsit,
1538 1464 1631 1533 aliam
1755 1473 1756 1540 t

436 1592 585 1664 tabulam
618 1591 772 1685 prodidit.
819 1590 877 1660 Ait
907 1589 997 1660 enim
1023 1591 1157 1660 Aeneae
1186 1588 1300 1659 datum
1329 1588 1430 1658 inisse
1455 1589 1630 1668 oraculum,
1755 1583 1756 1666 J

436 1717 507 1787 lore
534 1727 571 1786 ut
595 1713 720 1784 animal
741 1713 928 1806 quadrupes
951 1711 1144 1781 condendae
1169 1710 1260 1782 urbis
1285 1711 1352 1782 dux
1374 1712 1405 1780 ei
1427 1711 1533 1781 tieret.
1571 1713 1631 1780 lam

437 1865 513 1913 cum
539 1861 634 1910 sacra
659 1838 806 1908 lactarms
831 1846 933 1918 esset,
972 1858 1066 1906 suem
1100 1836 1222 1907 foetam
1247 1837 1359 1906 colore
1384 1837 1462 1907 albo
1486 1835 1632 1906 manibus
1755 1847 1756 1918 f

437 1967 585 2058 elapsam
611 1963 645 2031 in
672 1961 792 2031 collem
817 1960 984 2054 quendam
1010 1960 1198 2051 confugisse
1215 1960 1327 2054 ibique
1352 1959 1489 2052 triginta
1507 1961 1633 2053 porcel-

437 2094 486 2162 los
512 2091 645 2162 enixam
671 2110 753 2157 csse.
792 2088 941 2157 Aeneam
962 2097 1149 2180 portentum
1171 2087 1205 2157 id
1226 2087 1424 2158 admiratum
1445 2087 1633 2178 oraculique
1755 2137 1756 2164 p

437 2235 632 2309 responsum
657 2209 866 2306 reputantem
891 2212 1008 2284 urbem
1035 2213 1094 2282 illo
1120 2213 1193 2284 loco
1212 2213 1354 2284 condere
1376 2213 1541 2306 coepisse;
1567 2233 1634 2282 cum

437 2363 517 2410 vero
543 2359 603 2431 per
628 2336 774 2428 quietem
800 2336 966 2406 somnium
991 2335 1134 2418 vidisset.
1167 2360 1235 2430 quo
1263 2337 1445 2407 clarissime
1469 2337 1635 2407 velabatur

438 2475 471 2534 et
495 2472 568 2557 post
592 2462 728 2553 triginta
753 2484 872 2544 annos,
907 2473 989 2554 quot
1012 2485 1152 2534 numero
1177 2463 1316 2556 porcelli
1341 2465 1486 2542 lucrant.
1525 2463 1635 2534 urbem

439 2601 593 2660 extruere
619 2587 806 2670 iubebatur,
835 2587 877 2658 ab
903 2589 1035 2682 incepto
1063 2589 1239 2660 destitisse.
1289 2592 1367 2660 Post
1391 2592 1527 2661 Aeneae
1553 2611 1636 2658 mor-

438 2725 506 2784 tem
531 2714 710 2785 Ascanium
737 2715 845 2785 lilium
871 2715 942 2785 eius
967 2737 1073 2806 regno
1106 2727 1256 2810 accepto,
1292 2739 1368 2788 cum
1400 2716 1535 2808 triginta
1565 2715 1636 2786 anni

438 2840 685 2934 praeterissent,
735 2841 855 2911 collem
897 2840 1059 2912 aediliciis
1105 2841 1287 2913 munivisse
1336 2865 1477 2934 eamque
1525 2841 1636 2911 urbem

438 2965 560 3035 Albam
594 2964 814 3057 appellavisse
845 2965 887 3036 de
917 2967 1028 3038 colore
1059 2967 1128 3036 suis
1171 2960 1261 3055 (nam
1291 2965 1401 3038 Latini
1433 2988 1495 3036 sua
1528 2965 1638 3054 lingua

438 3081 495 3179 τήν
509 3083 620 3178 λευκήν
647 3087 758 3158 albam
794 3086 944 3180 vocant);
989 3091 1131 3161 alterum
1168 3111 1248 3161 vero
1285 3111 1407 3160 nomen
1447 3089 1638 3182 imposuisse

440 3214 606 3302 Longam,
649 3211 683 3282 id
726 3224 774 3282 est
803 3213 940 3304 μακράν,
975 3193 1151 3308 propterea
1176 3213 1264 3308 quod
1289 3236 1408 3307 parum
1435 3213 1468 3282 in
1496 3211 1639 3282 latitudi-

439 3357 519 3405 nem
542 3345 657 3428 patens
687 3337 720 3406 in
748 3337 885 3430 longum
916 3360 1120 3432 magnopore
1153 3349 1305 3432 porrecta
1336 3347 1432 3408 essct.
1480 3339 1641 3409 modone

440 3461 495 3530 lib.
523 3461 584 3530 Vll
604 3463 693 3554 apud
718 3463 888 3534 Eusebium
913 3465 1109 3544 ebrocini:
1143 3467 1284 3558 priorem
1317 3467 1490 3557 [rapotoni
1522 3477 1641 3557 portam

441 3585 601 3676 Sptcellua
625 3609 733 3678 praece
748 3591 895 3670 amauit,
919 3592 1124 3682 posteriorem
1146 3613 1186 3660 oo
1210 3592 1355 3660 armaria
1379 3591 1521 3659 saraim
1544 3592 1641 3660 inter·

436 3712 557 3803 prouti
588 3723 661 3779 aaut
689 3711 799 3780 Maius
827 3736 862 3805 p.
896 3709 969 3785 210
995 3727 1023 3782 et
1047 3714 1168 3784 Auebar
1201 3737 1236 3806 p.
1264 3711 1348 3785 387.
1451 3715 1486 3782 6.
1520 3713 1641 3784 Fabius

440 3834 550 3916 Pictor
566 3833 625 3904 lib.
649 3831 680 3902 l.
700 3845 732 3904 et
749 3835 942 3906 Vennonius
967 3837 1064 3906 solito
1089 3836 1301 3931 institutoque
1328 3859 1497 3929 egressam
1523 3831 1640 3926 [ssiam.

440 3953 621 4049 Vestalem]
652 3959 816 4050 virginem
848 3961 884 4030 in
909 3983 1006 4031 usum
1031 3982 1201 4032 sacrorum
1226 3985 1346 4055 aquam
1372 3963 1511 4056 petitum
1536 3987 1579 4033 ex
1604 3985 1641 4032 eo

441 4081 543 4162 fonte,
573 4082 729 4175 quierat
755 4082 790 4152 iu
815 4084 890 4154 luco
915 4086 1046 4166 Martis;
1072 4086 1181 4157 subito
1207 4086 1368 4157 imbribus
1393 4087 1642 4179 tonitrubusqne

441 4228 527 4298 qnae
553 4229 629 4276 cum
655 4206 714 4277 illa
739 4218 833 4278 erant
857 4208 1012 4292 disiectis,
1040 4233 1060 4280 a
1085 4211 1189 4280 Marte
1215 4233 1437 4304 compressam
1464 4213 1643 4282 conturba-

441 4340 596 4422 tamque;
633 4354 714 4401 mox
742 4343 925 4402 recreatam
950 4335 1173 4405 consolatione
1207 4335 1261 4405 dei
1287 4359 1407 4408 nomen
1433 4360 1531 4408 sunm
1558 4337 1644 4408 indi·

442 4453 547 4523 cantis
565 4453 842 4548 affirmantisque
869 4479 912 4526 ex
937 4480 978 4527 ea
1002 4468 1096 4528 uates
1122 4459 1239 4550 dignos
1264 4469 1356 4552 patre
1374 4482 1543 4531 evasuros.
1577 4463 1644 4531 Aac·

441 4577 538 4646 relius
578 4579 678 4648 Victor
720 4581 757 4648 da
791 4583 871 4671 erip.
911 4605 942 4670 p.
986 4583 1023 4651 ll.
1054 4580 1113 4661 20.
1156 4581 1186 4654 l.
1237 4570 1371 4676 ‘Lupus’
1412 4587 1641 4664 masculinnm,

442 4721 644 4793 quamquam
665 4705 770 4772 Varro
797 4679 830 4773 ii
848 4727 887 4772 eo
905 4706 1000 4783 libro,
1029 4729 1095 4797 qno
1121 4707 1214 4776 initia
1240 4709 1331 4778 urbis
1355 4709 1478 4778 Romae
1501 4721 1642 4784 enarrat.
