3526 5604
1258 539 1330 607 279

133 747 250 808 torum.
293 738 464 830 Porphyrii
488 752 513 805 ot
538 737 675 808 aliorum
699 739 817 808 scholio
841 739 885 806 ad
910 736 1039 806 Homeri
1067 736 1163 806 Iliad.
1185 734 1221 818 9,
1240 733 1324 808 383.

134 861 306 954 Stephanus
330 863 505 952 Byzantius
529 883 555 930 s.
578 885 609 930 o.
634 855 716 942 Διός
735 854 838 944 πόλις.
944 859 1002 930 73.
1034 861 1116 931 Cato
1148 861 1327 952 Originum

135 987 243 1056 tertio:
283 986 487 1079 laserpitium
521 1007 582 1077 pro
615 984 837 1078 pulmentario
866 1007 926 1056 suo
960 985 1069 1058 hahet.
1122 989 1160 1056 ln
1192 985 1326 1056 eodem:

133 1109 233 1179 multo
250 1109 421 1202 pulmento
447 1109 508 1178 nsi.
552 1109 716 1179 Onnum
739 1107 770 1189 l,
802 1107 857 1191 17,
884 1107 944 1180 37.
1044 1109 1103 1180 ld.
1129 1109 1327 1180 Philoctetae

135 1256 242 1312 muro:
281 1255 359 1304 nam
384 1233 431 1302 ait
455 1232 535 1304 Cato
560 1256 581 1302 a
605 1232 798 1312 Philocteta,
839 1233 968 1304 condita
998 1233 1064 1304 iam
1089 1233 1219 1326 pridem
1244 1233 1327 1304 civi·

133 1371 196 1428 tate
220 1351 374 1448 [Petilia]
401 1378 533 1429 murum
559 1366 684 1429 mutum
702 1357 835 1427 lactum.
878 1358 1006 1428 Servius
1027 1361 1071 1428 od
1094 1359 1180 1449 Verg.
1196 1361 1273 1428 Aac.
1290 1355 1324 1442 3,

133 1481 213 1556 402.
310 1485 476 1555 75.·1tem
503 1485 583 1554 Cato
606 1484 784 1575 Originum
809 1486 872 1554 lll:
903 1485 1063 1555 Thesunti
1094 1477 1322 1572 [Adnuntiil]

133 1609 284 1680 Tauriani
307 1621 468 1680 vocantur
492 1609 532 1679 de
562 1608 679 1690 llario,
717 1609 774 1701 qui
806 1621 941 1703 propter
969 1607 1054 1679 fluit.
1105 1607 1142 1677 ld
1167 1605 1324 1699 oppidum

133 1732 273 1802 Aurunci
292 1733 401 1824 primo
414 1732 639 1824 possederunt,
665 1732 744 1802 inde
761 1732 887 1802 Achaei
905 1733 1005 1803 Troia
1021 1732 1157 1803 domum
1179 1731 1324 1800 redeun-

134 1867 189 1924 tes.
225 1858 260 1927 ln
288 1877 404 1926 eornm
431 1879 512 1948 agro
539 1857 631 1927 lluvii
656 1865 732 1928 suut
756 1879 826 1939 sex,
852 1857 1009 1950 septimus
1033 1857 1116 1926 lines
1133 1854 1322 1947 Rheginum

133 1989 223 2070 atque
248 1979 432 2050 Taurinum
458 1980 621 2072 dispertit;
639 1963 740 2050 ⁴lluvii
766 2001 889 2050 nomen
915 1989 963 2050 est
984 1979 1095 2050 Pecoli
1121 1971 1320 2067 [Fucelinil].

132 2105 178 2172 Eo
210 2105 362 2175 Orestem
395 2128 470 2178 cnm
510 2105 684 2199 lphigenia
715 2116 814 2196 atque
844 2105 965 2198 Pylade
997 2103 1110 2174 dicunt
1139 2113 1321 2174 maternam

132 2251 238 2312 necem
263 2230 433 2322 expiatum
460 2229 605 2308 venisse;
641 2238 672 2298 et
697 2250 762 2298 uon
788 2229 890 2319 longa
915 2227 1075 2298 memoria
1101 2237 1159 2306 est,
1186 2247 1260 2295 cum
1287 2225 1320 2293 in

132 2356 241 2426 arbore
267 2377 380 2426 ensem
403 2353 556 2433 viderint,
583 2377 683 2446 quem
701 2355 833 2426 Orestes
859 2352 973 2424 abiens
997 2350 1171 2444 reliquisse
1189 2350 1318 2420 dicitur.

131 2481 241 2550 Produc
263 2483 301 2550 s'a
323 2480 410 2572 Verg.
428 2480 537 2552 Bueol.
559 2480 721 2571 prunonio
741 2473 817 2569 pat
847 2479 927 2548 Keil.
953 2482 993 2569 cs.
1011 2477 1137 2546 Plinius
1160 2488 1226 2544 aot.
1244 2475 1316 2544 lu'st.

132 2599 163 2680 3,
179 2603 211 2685 5,
230 2601 288 2674 73.
319 2603 448 2674 Scholia
463 2605 499 2671 in
522 2603 715 2672 llreocn'tum
724 2625 761 2694 p.
774 2600 847 2674 805
864 2603 976 2672 Kiessl.
1077 2602 1135 2671 76.
1162 2600 1199 2668 lu
1222 2598 1318 2669 tertia

131 2727 258 2819 Origine
283 2728 329 2798 hl.
356 2725 503 2796 Catonis:
542 2725 630 2796 hand
657 2747 725 2806 eos,
758 2725 876 2818 inquit,
905 2749 944 2795 eo
969 2737 1171 2817 postremum
1196 2724 1316 2804 scribo,

131 2851 201 2942 quin
240 2853 356 2945 populi
389 2864 422 2923 et
462 2853 539 2924 honi
581 2863 614 2920 et
649 2852 775 2922 streuui
812 2852 906 2922 sient.
951 2852 1071 2920 Gellius
1105 2848 1162 2930 17,
1197 2846 1254 2930 13,
1281 2847 1315 2920 3.

131 2975 184 3042 77.
215 2977 257 3047 ll.
290 2976 372 3046 Cato
402 2977 451 3046 vir
476 2976 511 3044 in
543 2975 779 3068 cognoscendis
804 2976 905 3046 rebus
933 2975 1028 3046 multi
1059 2973 1157 3044 studii
1190 2974 1316 3044 incerta

131 3113 230 3171 tamen
255 3111 290 3170 et
314 3101 477 3171 incuriose
502 3123 601 3194 snper
627 3093 739 3189 [lunae
757 3101 902 3193 solisque
919 3095 1170 3190 deiectionibus]
1196 3099 1315 3192 opina·

129 3234 174 3294 tm
197 3236 254 3296 est.
294 3227 405 3298 Verba
430 3227 563 3299 Catonis
590 3251 633 3297 ex
657 3228 836 3320 Originum
862 3237 978 3320 quarto
1007 3227 1090 3297 haec
1121 3236 1211 3297 snut:
1247 3247 1314 3296 non

129 3348 209 3419 luhet
232 3352 387 3432 scrihere,
413 3353 502 3445 quod
528 3353 562 3421 in
589 3352 700 3424 tabula
724 3353 812 3445 apud
838 3352 1027 3446 pontificem
1045 3353 1226 3424 maximum
1254 3366 1313 3435 est,

129 3475 269 3564 moliens
293 3497 427 3546 annona
453 3499 541 3558 carn,
573 3477 725 3570 quotiens
749 3479 849 3547 lunae
875 3488 931 3548 aut
957 3478 1035 3548 solis
1059 3478 1176 3550 lumini
1204 3481 1313 3574 caligo

128 3610 176 3668 aut
198 3602 274 3694 quid
299 3603 472 3673 obstiterit.
500 3604 620 3674 Gellius
635 3603 670 3684 2,
689 3602 749 3684 28,
776 3605 861 3696 5sg.
962 3606 1021 3676 78.
1046 3606 1189 3697 hlopalia
1214 3629 1311 3676 casae

127 3723 273 3796 Poenicae
298 3727 529 3821 appellantur.
546 3781 578 3797 ..
605 3731 688 3800 Galo
713 3729 890 3822 Originum
918 3731 1002 3800 libro
1027 3741 1164 3822 quarto:
1194 3753 1311 3823 mapa·

128 3845 164 3914 lia
194 3861 350 3921 uocantur
381 3851 439 3921 uhi
470 3851 633 3930 habitantz
673 3875 711 3922 en
744 3855 837 3947 quasi
863 3853 1013 3924 cohortes
1038 3854 1196 3924 rotundae
1223 3866 1308 3926 snut.

127 3971 219 4044 torn
234 3975 255 4043 l.
277 3973 323 4047 12
336 3999 362 4046 s.
378 4000 408 4045 u.
428 3977 580 4070 mapalia.
610 3978 690 4048 Cato
706 3979 884 4071 Originum
902 3981 1027 4073 primo:
1056 3983 1200 4073 magalia
1216 3981 1309 4052 aedi-

126 4094 189 4166 lcia
220 4100 315 4192 quasi
344 4109 470 4170 coortos
499 4101 658 4171 rotundas
682 4101 805 4172 dicunt.
846 4104 974 4174 Sunius
999 4107 1044 4175 ad
1063 4107 1140 4174 Aen.
1165 4107 1196 4186 1,
1222 4103 1307 4178 425.

126 4219 174 4288 79.
198 4222 277 4291 Tres
290 4234 419 4316 partes.
434 4275 466 4292 ..
493 4223 618 4316 populi,
644 4225 864 4317 optimatium,
889 4229 1002 4319 regiae
1022 4229 1200 4321 potestatis.
1226 4230 1307 4300 Cato

126 4343 202 4412 enim
232 4347 277 4415 ait
309 4347 351 4440 de
381 4346 486 4418 trihus
521 4348 589 4418 istis
620 4349 767 4441 partibus
795 4351 979 4423 ordinatam
1005 4353 1104 4424 luisse
1129 4353 1307 4444 Carthagi-

125 4485 200 4538 nem.
216 4469 342 4542 Scrns'ua
354 4473 482 4542 addar.
497 4469 531 4554 4,
546 4470 629 4544 682.
729 4476 788 4545 80.
814 4478 1022 4560 Merilavere,
1040 4501 1140 4572 saepe
1154 4501 1306 4548 mernere

125 4587 196 4661 dixit
225 4594 303 4665 Cato
346 4589 394 4684 [ia
432 4597 565 4667 historia
604 4593 802 4689 Polenorum
833 4604 893 4672 llll
927 4597 1072 4695 Sul[setes
1107 4618 1304 4674 marcuerunt
