3576 5602
431 630 503 701 tao

431 832 476 903 hl.
508 830 615 901 Varro
649 825 761 909 tradit,
890 825 1093 896 elaboratam
1127 827 1287 919 plasticen
1323 841 1429 899 artem
1459 826 1573 897 ltaliae
1601 835 1630 896 ct

430 975 587 1025 maxume
617 950 784 1032 Etruriae,
820 960 853 1020 et
884 950 1082 1021 Volcanium
1115 950 1207 1021 Veiis
1238 951 1390 1032 accitum,
1426 951 1477 1021 cui
1514 951 1631 1020 locaret

431 1078 631 1171 Tarquinius
673 1077 803 1147 Priscus
848 1077 933 1146 lovis
973 1065 1118 1167 effigiem
1163 1076 1196 1146 in
1240 1077 1405 1169 Capitolio
1443 1076 1630 1154 dicandam

431 1201 565 1272 fictilem
591 1221 667 1271 eum
694 1200 797 1272 luisse
823 1209 855 1270 et
879 1198 954 1270 ideo
976 1199 1110 1268 miniari
1132 1199 1281 1281 solitum;
1309 1199 1418 1270 fictilis
1444 1201 1477 1270 in
1505 1199 1631 1290 lastigie

431 1327 545 1420 templi
562 1325 633 1396 eius
650 1326 840 1420 quadrigas,
858 1325 899 1394 de
917 1325 1038 1416 quibus
1056 1347 1154 1417 saepe
1171 1324 1327 1394 diximus.
1364 1326 1419 1396 Ah
1436 1325 1499 1395 hoc
1520 1325 1630 1394 eodem

431 1453 553 1522 lactum
580 1453 760 1522 Herculem
790 1451 848 1544 qui
882 1449 1049 1543 hodieque
1080 1452 1237 1521 materiae
1264 1475 1386 1521 nomen
1413 1453 1447 1521 in
1471 1452 1555 1522 urbe
1579 1473 1630 1520 re·

432 1577 525 1646 tinet.
556 1579 629 1647 Hae
646 1577 735 1646 enim
760 1587 831 1646 tum
856 1576 985 1667 effigies
1002 1575 1140 1645 deornm
1163 1587 1257 1646 erant
1277 1576 1542 1656 laudatissimam
1572 1597 1629 1645 nec

430 1701 578 1793 paenitet
600 1723 661 1769 nos
687 1700 833 1779 illorum,
868 1700 925 1790 qni
959 1698 1033 1768 talis
1066 1721 1121 1768 eos
1154 1699 1303 1779 coluere;
1343 1722 1462 1770 aurum
1489 1701 1576 1770 enim
1600 1708 1629 1766 et

431 1835 603 1916 argentum
635 1847 675 1894 ne
706 1824 754 1892 dis
784 1823 919 1915 quidem
950 1823 1179 1892 conficiebant.
1229 1826 1354 1894 Plinius
1379 1839 1446 1893 not.
1472 1827 1546 1894 bist.
1573 1821 1627 1902 35,

433 1949 490 2029 12,
521 1947 601 2020 157.
644 1948 751 2017 Varro
777 1946 818 2016 de
845 1947 911 2014 vita
938 1948 972 2015 P.
991 1947 1031 2015 ll.
1059 1946 1146 2015 libro
1164 1948 1198 2016 l:
1228 1947 1310 2039 quid
1336 1947 1423 2016 inter
1448 1946 1509 2018 hos
1543 1949 1628 2016 loves

430 2074 556 2144 intersit
581 2082 614 2142 et
634 2095 702 2153 eos,
728 2071 786 2164 qui
808 2093 851 2139 ex
872 2094 1049 2150 marmore,
1076 2071 1189 2152 chore,
1216 2094 1297 2141 auro
1316 2095 1407 2141 nunc
1424 2072 1519 2151 fiunt,
1545 2081 1629 2163 potes

430 2198 541 2268 animo
566 2197 736 2267 advertere
762 2207 794 2264 et
820 2193 937 2281 horum
965 2205 1151 2286 temporum
1176 2193 1306 2264 divitias
1332 2207 1364 2263 et
1390 2195 1525 2266 illorum
1552 2218 1629 2287 pau·

429 2333 582 2415 pertates.
610 2323 733 2392 Nonius
742 2344 776 2411 p.
791 2318 871 2399 162,
894 2316 950 2389 Π.
1050 2318 1110 2388 37.
1137 2319 1281 2412 Sibyllas
1298 2319 1433 2412 plurimi
1450 2332 1484 2390 et
1497 2319 1628 2390 maximi

430 2461 579 2519 auctores
605 2443 823 2523 tradiderunt,
855 2443 1058 2512 Graecorum
1085 2441 1196 2512 Aristo
1221 2442 1325 2512 Chius
1355 2456 1387 2512 et
1411 2445 1629 2537 Apollodorus

428 2573 647 2666 Erythraeus,
678 2581 866 2641 nostrorum
893 2571 997 2639 Varro
1023 2581 1055 2637 et
1079 2570 1278 2640 Fenestella.
1325 2571 1369 2640 lli
1396 2594 1513 2641 omnes
1539 2593 1630 2665 prae·

429 2701 559 2793 cipuam
587 2710 619 2768 et
644 2697 790 2766 nobilem
815 2706 945 2788 praeter
971 2705 1097 2764 ceteras
1118 2695 1335 2788 Erythraeam
1362 2698 1463 2768 luisse
1489 2717 1630 2790 comme-

428 2831 570 2892 morant.
613 2822 797 2890 lactantius
822 2821 860 2888 dc
884 2821 938 2888 iro
967 2821 1018 2888 dci
1044 2816 1104 2897 22,
1136 2816 1169 2889 5.
1221 2821 1363 2914 Sibyllas
1392 2832 1504 2891 autem
1532 2822 1628 2890 Varro

428 2945 572 3040 prodidit
596 2944 708 3035 plures
735 2942 846 3022 luisse,
882 2964 949 3010 non
977 2965 1088 3010 unam.
1135 2945 1332 3034 Anqustr'nus
1356 2947 1394 3014 de
1416 2948 1476 3015 riu
1502 2945 1555 3013 dci
1578 2937 1628 3020 18,

428 3067 488 3148 23,
510 3068 541 3137 l.
584 3067 706 3137 lllultae
733 3078 844 3136 autem
871 3065 1014 3145 luerunt,
1042 3075 1077 3135 ut
1102 3087 1203 3159 supra
1228 3066 1384 3148 diximus,
1411 3091 1495 3160 quas
1522 3089 1629 3138 omues

428 3195 534 3264 Varro
559 3200 795 3262 commemorat
828 3183 875 3278 [in
909 3189 1002 3260 libris
1029 3193 1153 3260 ilerum
1179 3191 1402 3279 divinarum]‚
1438 3206 1471 3264 ct
1496 3193 1630 3288 requirit

428 3343 538 3412 aqua
563 3319 628 3388 sint
652 3318 720 3388 lata
746 3317 896 3385 Romana
922 3315 1119 3408 conscripta.
1167 3319 1210 3387 Et
1236 3317 1331 3387 multi
1356 3331 1534 3411 sequentes
1560 3319 1630 3390 Vir-

428 3444 546 3535 gilium
572 3445 614 3514 ob
641 3442 704 3512 hoc
730 3442 914 3513 Cumanam
942 3440 1066 3510 dicunt.
1116 3444 1159 3511 At
1183 3465 1269 3534 quae
1295 3444 1372 3512 licet
1396 3445 1561 3535 longaeva
1584 3446 1630 3514 lc·

428 3579 534 3658 gatur,
574 3578 684 3637 tamen
719 3588 786 3634 non
819 3563 915 3634 valde
951 3563 1107 3656 congruit
1140 3588 1214 3635 eam
1247 3591 1350 3661 usque
1381 3568 1422 3636 ad
1461 3567 1630 3661 Tarquinii

428 3701 577 3783 tempora
603 3690 750 3770 durasse,
783 3688 837 3757 cui
864 3686 1042 3780 Sibyllinos
1069 3689 1170 3758 libros
1197 3701 1323 3760 constat
1347 3692 1486 3761 oblatos.
1532 3693 1630 3764 Duci-

429 3827 480 3886 tur
506 3825 614 3884 tamen
642 3813 748 3881 Varro
778 3821 813 3882 ut
837 3810 1056 3904 Erythraeam
1091 3813 1203 3884 credat
1232 3815 1414 3908 scripsisse,
1450 3816 1531 3907 quia
1563 3826 1631 3910 post

427 3942 599 4010 incensum
625 3940 789 4032 Apollinis
815 3939 974 4031 templum
1001 3940 1034 4010 in
1062 3963 1129 4032 quo
1155 3943 1304 4023 lucrant,
1343 3942 1429 4034 apud
1456 3939 1630 4035 Erythram

428 4066 571 4136 insulam
598 4060 648 4148 [in
666 4065 762 4151 Asia]
789 4065 861 4156 ipsa
886 4065 1018 4134 inventa
1039 4077 1115 4135 sunt
1137 4068 1295 4136 carmina.
1339 4069 1467 4138 Seruius
1483 4072 1529 4138 od
1546 4070 1630 4157 l'erp.

428 4191 505 4258 Aca.
534 4187 569 4267 6,
596 4186 655 4259 36.
706 4190 813 4258 Varro
839 4189 955 4259 decem
981 4189 1123 4283 Sibyllas
1149 4191 1248 4261 luisse
1274 4192 1383 4272 tradit,
1422 4193 1568 4285 primam
1594 4193 1630 4264 de

429 4311 547 4392 Persis,
573 4311 754 4380 secundam
781 4311 964 4405 Lihyssam,
1000 4313 1131 4383 tertiam
1157 4314 1334 4406 Delphida,
1361 4329 1515 4408 quartam
1543 4317 1631 4388 Cim-

428 4435 580 4516 meriam,
606 4434 755 4526 quintam
773 4435 1006 4528 Erythraeam,
1032 4449 1159 4508 sextam
1178 4439 1336 4520 Samiam,
1362 4440 1540 4532 septimam
1567 4441 1631 4510 eu-

428 4581 573 4640 manam,
600 4569 748 4630 octavam
774 4561 1050 4655 Hellespontiam,
1086 4587 1210 4634 nonam
1237 4564 1428 4658 Phrygiam,
1468 4565 1631 4635 decimam

429 4683 612 4765 Tiburtem,
638 4683 694 4754 cui
718 4683 759 4752 sit
783 4707 904 4755 nomen
922 4686 1107 4756 Albuneae.
1152 4689 1203 4758 Ex
1224 4687 1275 4758 his
1291 4689 1446 4760 omnibus
1463 4690 1631 4762 Cumanae
