3526 5604
1244 667 1316 738 333

113 866 176 937 lih.
198 867 255 936 lll.
292 865 440 935 Aurelios
464 866 762 954 lictordeorip.p.
784 865 822 932 ll.
847 858 904 946 13,
932 861 955 934 6
980 886 1025 954 sp.
1128 865 1185 934 ll.
1210 867 1318 956 Igitur

112 1000 280 1083 regnante
304 991 422 1062 Latino
448 990 550 1061 Siluio
576 1000 638 1059 etc.
665 1011 763 1081 supro
785 1012 819 1082 p.
846 987 930 1070 260,
959 988 1015 1061 14.
1119 991 1175 1060 12.
1201 979 1318 1060 Cincio

115 1119 257 1185 Romam
278 1115 475 1185 duodecima
500 1113 689 1208 olympiade
715 1114 825 1206 placet
845 1113 1023 1196 conditam,
1051 1114 1171 1184 Pictori
1188 1123 1317 1195 octava,

115 1239 237 1331 Nepoti
264 1249 297 1307 et
320 1238 453 1309 Lutatio
477 1237 668 1331 opinionem
693 1235 918 1308 Eratosthenis
944 1248 976 1307 et
1000 1237 1194 1330 Apollodori
1226 1260 1319 1308 oom-

116 1363 337 1456 prohantihus
350 1361 545 1454 olympiadis
563 1360 721 1453 septimae
739 1383 827 1430 anno
840 1360 997 1431 secundo.
1023 1361 1152 1432 Solinus
1161 1362 1268 1455 pulpis.
1282 1361 1318 1433 2.

119 1489 179 1558 13.
205 1488 455 1568 Tubilustriom,
475 1489 623 1579 Nefestus
637 1486 747 1555 Priore
759 1500 860 1579 porte,
886 1488 996 1556 Felice
1015 1487 1124 1559 Marti.
1167 1487 1232 1557 Hic
1249 1486 1319 1556 dies

117 1613 306 1706 appellatur
329 1611 384 1692 ita,
410 1609 499 1703 quod
525 1609 559 1678 in
585 1608 668 1679 atrio
692 1608 815 1678 sutorio
840 1609 910 1680 tuhi
935 1609 1115 1680 lustrantur
1138 1610 1257 1702 quihus
1284 1610 1319 1680 in

117 1736 222 1806 sacris
248 1745 396 1804 utuntur.
445 1734 484 1817 O.
510 1732 660 1804 Lutatius
691 1731 820 1802 Οιιιιιὶιιι
847 1732 983 1825 quidem
1015 1732 1141 1803 clavum
1173 1757 1249 1804 eam
1274 1733 1320 1804 ait

118 1881 190 1928 esse
216 1859 251 1928 in
278 1858 374 1928 ruine
399 1857 521 1927 Palatii
544 1857 670 1927 incensi
695 1878 715 1926 u
737 1856 840 1928 Gallis
865 1866 1042 1949 repertam,
1068 1879 1135 1949 qua
1158 1857 1319 1928 Romulus

118 1983 239 2053 urhem
264 1981 523 2072 inauguraverit.
569 1981 696 2050 Verrius
716 1980 846 2051 rtem
868 1982 905 2052 ιἰι
925 1981 1030 2052 Fastis
1047 1981 1258 2052 Praeterieris
1276 1983 1320 2052 od

119 2108 239 2177 tuat.
266 2108 344 2198 Aps.
449 2106 504 2174 ld.
535 2107 642 2175 Lacus
664 2103 796 2176 Curtius
823 2155 888 2174 ...
914 2104 1088 2176 Cornelius
1114 2114 1146 2174 et
1169 2105 1320 2176 Lutatius

119 2233 268 2302 scribunt
292 2253 371 2301 eum
395 2231 507 2301 locum
532 2251 603 2298 esse
629 2227 824 2319 fulguritum
856 2237 889 2296 et
914 2251 956 2298 ex
981 2238 1111 2298 senatus
1136 2251 1210 2298 con.
1242 2251 1320 2322 sep·-

119 2367 189 2426 tnm
215 2379 307 2435 esse:
342 2355 376 2425 id
401 2355 488 2448 qnod
514 2354 638 2424 lactum
668 2359 753 2421 esset
783 2373 801 2420 a
827 2350 942 2423 Curtio
974 2352 1121 2433 consule,
1161 2351 1241 2446 quoi
1273 2354 1318 2425 hl.

119 2480 289 2551 Genucius
316 2479 377 2550 luit
401 2479 543 2569 collega,
583 2476 732 2547 Curtium
758 2474 970 2567 appellatum.
1029 2476 1127 2546 Varro
1156 2477 1194 2546 de
1221 2477 1258 2546 t.
1282 2478 1319 2548 t.

120 2603 153 2685 5,
184 2597 268 2676 150.
370 2604 426 2673 15.
452 2603 601 2673 Lutatius
627 2601 684 2671 lih.
701 2602 763 2670 llll
787 2600 868 2670 dicit
885 2600 1051 2670 Cumanos
1076 2601 1202 2670 incolas
1221 2624 1241 2670 a
1258 2625 1320 2695 pa-

120 2729 268 2798 rentibus
302 2727 467 2818 digressos
500 2724 731 2817 Parthenopen
765 2724 880 2794 nrhem
911 2724 1110 2806 condidisse,
1149 2725 1270 2795 dictam
1301 2748 1321 2796 a

122 2853 332 2943 Parthenope
358 2851 486 2932 Sirena,
522 2851 617 2920 cuius
643 2871 761 2941 corpus
788 2849 886 2917 etiam
912 2873 996 2917 nune
1018 2851 1138 2924 motolo
1162 2851 1321 2919 conditum

122 2978 256 3069 Neapoli
280 2977 441 3044 oisuetur.
484 2976 659 3067 Postquam
685 2974 727 3044 oh
753 2973 902 3044 locorum
926 2972 1109 3044 ubertatem
1135 2972 1321 3042 amoenite-

121 3111 254 3194 temque
281 3099 387 3190 magis
412 3109 564 3191 coeptum
595 3097 638 3166 sit
668 3096 888 3190 frequentari,
927 3097 1047 3167 veritos
1075 3119 1117 3166 ne
1143 3097 1320 3190 Cymaeam

122 3223 327 3303 desererent,
354 3221 454 3291 inisse
472 3220 646 3292 consilinm
664 3220 895 3312 Parthenopen
920 3219 1086 3290 diruendi.
1123 3222 1198 3290 Post
1220 3222 1320 3291 etiam

121 3346 311 3440 pestilentia
338 3345 471 3415 allectos
503 3365 732 3436 ex·responso
762 3344 890 3413 oraculi
922 3343 1038 3417 urhem
1063 3345 1241 3415 restituisse
1266 3367 1322 3414 sa·

123 3493 245 3564 oraque
273 3468 494 3561 Parthenopes
526 3491 601 3538 cum
634 3489 756 3558 magne
781 3467 944 3557 religione
970 3468 1162 3560 suscepisse,
1198 3490 1320 3537 nomen

123 3607 232 3665 antem
258 3592 397 3685 Neapoli
422 3592 464 3663 oh
491 3601 658 3662 recentem
683 3591 921 3660 restitutionem
946 3591 1150 3686 imposuisse.
1192 3592 1322 3662 Philer-

122 3721 233 3810 purius
259 3720 302 3788 od
332 3718 418 3808 Verp.
446 3717 559 3807 Georp.
585 3712 621 3797 4,
647 3712 731 3786 564.

600 4011 843 4022 -——-—

421 4249 506 4334 m
555 4249 787 4336 tttttttttts
814 4179 1023 4336 ttlttttttts

197 4464 357 4536 Lucullus
388 4465 525 4547 iuvenis,
563 4487 637 4535 oum
670 4464 756 4557 apud
783 4466 995 4537 Hortensium
1023 4475 1186 4534 oratorem
1211 4472 1243 4531 et
1267 4461 1322 4531 Si-

126 4607 264 4658 sennam
295 4585 486 4658 historicum
518 4588 697 4680 aliquando
729 4611 838 4658 sermo
867 4610 909 4656 ex
934 4587 1007 4657 ioco
1033 4587 1067 4656 in
1093 4585 1216 4656 serium
1240 4607 1322 4654 con-

127 4732 239 4780 versus
264 4722 361 4792 esset,
397 4713 481 4782 faeta
506 4736 583 4783 eum
609 4713 674 4782 illis
703 4713 879 4805 sponsione
903 4712 1025 4782 dicitur
1048 4710 1213 4804 professus
1238 4729 1320 4790 esse,
