3702 5600
413 629 489 696 572

412 826 507 886 totius
526 826 630 902 operis
647 827 825 903 procamium
840 827 1058 886 consarcinare
1072 843 1166 885 ansus
1187 829 1246 884 est.
1277 824 1339 884 lam
1354 829 1483 902 possunt
1499 825 1623 900 quidam

412 931 557 993 nonnulla
572 933 862 1010 satisprobahiliter
874 933 1031 1008 distribui;
1046 937 1151 1008 potest
1164 931 1236 991 aliis
1246 934 1348 991 certus
1361 932 1447 990 locus
1458 932 1622 1006 assignari.

412 1039 465 1098 uhi
487 1038 645 1099 commode
666 1039 769 1114 posita
791 1055 863 1098 esse
883 1038 1054 1112 videantur,
1078 1037 1120 1096 ita
1142 1041 1175 1097 ut
1190 1037 1221 1096 in
1235 1037 1410 1096 universum
1431 1035 1621 1113 singulorum

414 1145 562 1204 librorum
583 1147 762 1221 argumenta
782 1146 956 1218 noscantur,
988 1145 1044 1204 sed
1070 1143 1111 1203 ad
1132 1143 1322 1219 singulorum
1343 1143 1489 1203 librorum
1510 1142 1622 1218 dispo-

414 1251 553 1310 sitionem
568 1250 779 1310 illustrandam
802 1251 869 1310 haec
888 1268 995 1328 parum
1017 1250 1139 1310 iaciunt.
1170 1248 1303 1310 Accedit
1322 1249 1453 1324 denique
1471 1249 1622 1307 historica

415 1377 481 1434 qua
498 1359 610 1419 dicitur
628 1360 852 1436 interpretatio,
874 1376 941 1436 quae
962 1363 1015 1418 aut
1030 1359 1058 1417 in
1080 1358 1174 1418 rebus
1188 1357 1287 1434 gestis
1304 1357 1427 1416 illorum
1441 1361 1623 1431 temporum,

414 1483 481 1542 quae
502 1465 653 1526 Salustius
671 1467 802 1541 quinque
821 1464 1025 1525 Historiarum
1047 1464 1137 1524 libris
1157 1464 1333 1541 complexus
1353 1468 1411 1539 est,
1440 1464 1471 1522 in
1492 1463 1622 1522 univer-

414 1589 480 1632 sum
502 1571 692 1632 illustrandis
720 1576 878 1646 versatur‚
911 1575 965 1632 aut
991 1571 1022 1630 in
1050 1570 1192 1646 reliquiis
1220 1569 1413 1648 explicandis
1435 1570 1538 1646 posita
1560 1575 1620 1628 est.

418 1679 505 1748 Quod
526 1678 646 1753 quidem
666 1677 794 1754 primum
816 1695 835 1738 a
855 1677 1000 1742 Brossaeo
1023 1680 1185 1751 tentatum;
1207 1678 1294 1737 cuius
1316 1676 1448 1736 studium
1469 1677 1567 1752 magis
1589 1677 1622 1734 in

414 1802 452 1845 eo
468 1789 679 1862 consumptum
693 1788 750 1858 est,
773 1787 807 1846 ut
826 1783 987 1844 historiam
1010 1783 1094 1844 illius
1116 1784 1264 1860 temporis
1286 1787 1455 1857 enarraret,
1477 1799 1566 1858 quam
1587 1785 1625 1842 ut

415 1895 590 1969 exponeret,
613 1907 750 1966 quanam
764 1907 782 1948 a
797 1887 932 1949 Salustio
953 1891 985 1949 et
1006 1906 1065 1964 quo
1080 1890 1211 1950 consilio
1228 1888 1341 1949 tradita
1357 1889 1479 1948 luerint.
1519 1889 1623 1957 Quare

416 2000 490 2059 olim
513 1997 672 2058 duodecim
692 1997 815 2056 illorum
833 2011 979 2055 annorum
998 1995 1159 2056 historiam
1180 2012 1236 2072 por
1257 2013 1354 2056 annos
1376 1995 1492 2070 digessi
1513 2000 1546 2054 et
1565 2012 1623 2054 re-

417 2106 577 2182 liquiarum
599 2104 884 2181 interpretationem
905 2121 923 2162 a
943 2109 1094 2180 perpetua
1113 2105 1291 2164 narratione
1313 2097 1481 2173 seiunxi.*)

501 2211 582 2280 Quas
604 2210 726 2287 quidem
748 2226 837 2269 ouras
865 2211 1010 2286 repetere
1031 2226 1090 2269 nou
1118 2209 1193 2268 mihi
1207 2187 1209 2202 ¹
1222 2210 1340 2268 animoa
1362 2207 1427 2268 fnit.
1468 2208 1516 2269 lta
1540 2210 1624 2269 onim

414 2321 484 2376 aunt
504 2315 655 2375 elaborati
683 2313 730 2373 illi
752 2314 969 2388 commentarii,
992 2317 1026 2374 ut
1050 2315 1175 2374 nonita
1197 2314 1289 2374 multa
1312 2314 1455 2374 mutanda
1475 2331 1547 2375 esse
1571 2315 1623 2374 vi-

414 2423 554 2499 deantur,
581 2439 680 2498 eaque
703 2422 744 2481 ad
764 2439 830 2482 rem
851 2421 989 2482 criticam
1017 2421 1096 2482 nihil
1124 2422 1348 2500 pertinuerunt.
1391 2420 1453 2483 Sed
1481 2439 1520 2482 eo
1549 2423 1624 2501 plns

415 2533 509 2592 studii
537 2549 701 2609 operaeque
732 2532 762 2591 in
790 2532 867 2609 ipsis
895 2532 960 2591 illis
984 2531 1126 2608 reliquiis
1147 2533 1345 2593 emendandis
1371 2533 1473 2609 posui;
1510 2532 1624 2590 iterum

414 2657 515 2700 rerum
536 2639 640 2702 tontes
660 2639 731 2716 adii,
763 2641 947 2717 scriptorum
973 2640 1151 2701 testimonia
1173 2641 1435 2716 auctoritatesque
1456 2639 1624 2716 diligenter

416 2745 596 2820 examinavi,
621 2746 664 2804 ita
686 2750 720 2806 ut
742 2749 808 2806 tota
829 2744 974 2806 collectio
995 2749 1026 2806 et
1047 2745 1142 2806 multo
1165 2746 1282 2806 auctior
1303 2749 1336 2806 et
1357 2745 1547 2806 emendatior
1568 2745 1623 2818 sit3

415 2852 523 2912 sedin
546 2852 613 2930 ipso
636 2853 745 2914 ordine
765 2857 798 2912 et
826 2853 1051 2930 compositione
1072 2853 1272 2929 reliquiarum
1293 2869 1388 2931 pauca
1411 2852 1539 2926 mutavi;
1572 2851 1623 2909 le-

415 2958 503 3018 vibus
525 2957 605 3018 enim
619 2959 804 3018 coniecturis
818 2958 947 3034 gloriam
962 2975 1101 3034 quarere
1118 2975 1178 3018 non
1196 2960 1258 3018 tam
1272 2958 1395 3018 subtilis
1410 2957 1515 3017 iudicii
1530 2972 1622 3031 quam

415 3065 561 3124 vanitatis
584 3081 655 3124 osse
677 3065 787 3124 iudico.
829 3065 891 3125 Sed
917 3081 956 3124 ex
983 3065 1166 3142 fragmentis
1189 3066 1377 3126 incertorum
1397 3065 1546 3124 librorum
1567 3079 1623 3120 sa-

415 3172 455 3230 tis
476 3172 570 3230 multa
600 3171 630 3231 in
652 3189 737 3232 suum
763 3172 904 3247 quodque
925 3172 1038 3232 librom
1059 3173 1212 3247 transtuli,
1240 3173 1267 3232 si
1291 3189 1433 3232 numerus
1459 3169 1623 3244 scriptoris

417 3277 545 3337 alicuius
567 3278 743 3338 testimonio
766 3278 843 3338 satis
865 3278 1061 3338 confirmatus
1087 3295 1158 3338 esse
1188 3277 1360 3338 videbatur.
1401 3275 1464 3335 Sed
1485 3275 1624 3334 fortasse

416 3382 581 3442 etiamnum
608 3399 706 3460 pauca
734 3387 860 3457 restant,
900 3384 1011 3460 quibus
1043 3385 1191 3444 honorum
1221 3383 1369 3443 librorum
1397 3381 1513 3442 auxilio
1540 3381 1624 3440 alius

416 3488 501 3548 locus
534 3489 687 3564 assignari
717 3495 829 3567 potest
877 3488 976 3550 liliam
1009 3507 1090 3550 nova
1120 3490 1265 3551 nonnulla
1299 3489 1434 3548 sortasse
1463 3484 1623 3561 accedent,

416 3595 476 3654 etsi
502 3594 627 3655 multum
656 3594 774 3656 laboris
805 3597 835 3656 in
870 3597 1010 3656 omnibus
1045 3594 1264 3671 conquirendis
1297 3594 1480 3670 consumpsi.
1527 3593 1624 3650 Unum

415 3701 522 3778 paucis
543 3705 615 3761 anto
631 3701 741 3761 diebus
756 3701 870 3778 inveni,
892 3703 974 3778 quod
988 3704 1079 3762 antea
1098 3719 1146 3760 me
1161 3700 1294 3778 ingerat.
1324 3698 1435 3759 Exstat
1447 3699 1527 3776 apud
1540 3698 1624 3758 Pro-

414 3809 486 3868 bum
506 3825 532 3868 a.
554 3824 592 3866 m.
615 3805 643 3876 s.
658 3809 727 3868 691.
748 3825 777 3884 p.
792 3809 860 3868 373.
884 3809 931 3867 ed.
947 3807 1021 3868 lind.
1040 3811 1180 3868 Antonius
1197 3811 1301 3883 paucu
1321 3806 1509 3865 medem.
1538 3804 1622 3864 Gon-

420 3921 468 3974 tra
484 3933 523 3974 ex
537 3914 665 3972 incertis
679 3930 768 3974 unum
785 3915 916 3992 expungi
929 3915 1030 3991 potuit
1043 3917 1092 3974 83.
1108 3915 1189 3991 Piget
1204 3921 1232 3973 et
1248 3913 1338 3974 Pudet
1355 3930 1374 3972 c
1390 3913 1515 3972 solmon
1536 3912 1626 3970 simul

416 4027 572 4096 ponuntur,
586 4020 646 4080 hoc
660 4020 740 4080 enim
754 4020 794 4080 ad
806 4019 867 4080 Sal.
882 4019 1059 4098 iugurtham
1074 4039 1099 4081 c.
1111 4022 1160 4081 95.
1178 4021 1286 4096 pudent
1297 4037 1336 4080 uu
1345 4023 1443 4096 pipcot
1454 4022 1545 4094 mepte
1557 4019 1622 4076 dia·

420 4143 522 4186 amere
541 4125 654 4186 rcierri
675 4128 788 4202 potest.
825 4125 873 4186 lta
893 4127 986 4187 etiam
1007 4127 1044 4186 t‘r.
1067 4131 1114 4188 85.
1136 4126 1334 4186 recidendum
1354 4125 1421 4185 luit.
1453 4119 1520 4186 litei
1541 4125 1623 4184 enim

432 4397 455 4464 '3
479 4399 529 4449 cir.
549 4399 743 4452 Commentarii
761 4407 787 4454 et
805 4403 912 4453 indices
933 4403 962 4453 in
979 4401 1011 4454 G.
1032 4402 1142 4453 Salustii
1161 4399 1247 4465 Crispi
1265 4399 1405 4450 Catilimm
1423 4397 1578 4462 iugurtham
1596 4404 1624 4447 et

483 4495 662 4547 ilistoriarum
680 4495 832 4560 fragmenta
850 4503 958 4548 auctore
972 4497 1014 4547 Fr.
1030 4495 1094 4548 lior.
1111 4497 1226 4548 Gerlach
1239 4495 1311 4546 Voll.
1328 4507 1357 4546 ιι.
1375 4495 1482 4543 Basilia
1502 4493 1528 4542 in
1542 4493 1625 4540 libra-

486 4588 527 4638 ria
545 4589 829 4653 schweighauseriana
851 4593 920 4656 typis
942 4597 967 4641 et
991 4593 1141 4656 sumptibus
1160 4591 1274 4656 Augusti
1299 4589 1434 4640 wielandi
1451 4588 1624 4653 typographi

484 4683 637 4736 Academici
655 4685 870 4738 MDCCGlllle.
892 4687 947 4738 dto.
