3702 5600
429 629 501 698 524

428 831 617 902 seruaretur,
646 827 717 902 quia
744 828 864 888 uuuuisi
884 827 983 905 ipsius
1004 828 1200 906 imperaturis
1220 827 1369 906 auspiciis
1389 829 1474 887 tauta
1496 845 1549 887 res
1570 829 1640 902 geri

427 939 542 1012 posset.

508 1039 648 1100 Ceterum
670 1057 776 1100 omnes
798 1041 898 1101 adhuc
919 1041 1057 1102 aditores
1078 1058 1148 1100 mua
1169 1041 1250 1116 quud
1278 1041 1309 1099 in
1335 1040 1438 1100 multis
1467 1041 1557 1101 libris
1580 1059 1639 1102 su-

428 1147 491 1207 lum
512 1150 625 1222 exstat,
653 1146 838 1208 deleverunt
863 1152 895 1206 et
920 1164 1020 1207 morus
1042 1151 1256 1225 reposueruut,
1284 1147 1342 1208 sed
1363 1148 1508 1223 quaeritur
1534 1167 1637 1208 auuuu

428 1255 514 1313 reete
535 1255 694 1328 utrumque
715 1253 867 1331 ponatur-i
888 1252 979 1313 Certe
1002 1253 1093 1314 lauile
1115 1271 1155 1314 ex
1176 1255 1269 1314 simili
1289 1255 1377 1314 initio
1396 1255 1523 1315 duorum
1538 1273 1637 1314 voua-

428 1343 568 1419 bulurum
590 1359 740 1436 explicari
761 1361 874 1436 potest,
897 1362 1049 1434 quomode
1071 1361 1139 1420 lieri
1159 1361 1304 1438 potuerit,
1328 1365 1361 1420 ut
1380 1362 1509 1421 alterum
1533 1362 1641 1437 utique

429 1464 595 1525 excideret.
646 1465 811 1540 Utrumque
843 1466 970 1525 retinuit
1006 1467 1074 1526 Tur.
1109 1473 1141 1527 et
1170 1467 1262 1527 etiam
1288 1465 1358 1526 Bes.
1383 1483 1420 1526 m.
1449 1469 1467 1526 2
1493 1469 1641 1528 restituit

429 1571 530 1640 Quare
551 1589 671 1648 vereor,
694 1590 732 1632 ne
754 1571 882 1632 Salustii
904 1574 1005 1633 oratio
1027 1591 1088 1632 unu
1110 1574 1262 1633 vocabulo
1285 1579 1433 1650 truncatu,
1459 1574 1641 1652 pauperiori

429 1695 507 1738 vena
528 1680 609 1749 fluat
642 1679 715 1739 Nam
736 1679 776 1739 ad
802 1696 923 1739 sensum
950 1680 1024 1739 illud
1050 1679 1233 1740 vocabulum
1262 1697 1320 1740 uun
1346 1697 1418 1740 esse
1442 1681 1639 1758 superfluum,

429 1787 519 1847 immo
530 1787 606 1845 satis
616 1789 815 1863 aptumatque
826 1787 1017 1861 concinnum,
1034 1785 1126 1846 lauile
1136 1790 1229 1862 patet.
1240 1803 1308 1860 quae
1318 1786 1396 1846 euim
1406 1787 1504 1846 Mauri
1512 1787 1640 1846 mobili-

429 1894 478 1950 tas
493 1892 609 1969 ingenii
623 1891 688 1966 luit,
710 1891 878 1969 perieulum
895 1896 970 1968 erat,
992 1909 1030 1952 ue
1053 1893 1181 1952 simulas
1199 1892 1287 1952 luuus
1303 1893 1331 1952 ei
1347 1893 1436 1954 datus
1452 1899 1537 1954 esset
1556 1893 1641 1952 ‹leli-

429 1997 599 2059 beratiuuis
615 1999 673 2057 luae
687 1997 725 2057 de
740 2015 775 2057 re
790 1997 949 2072 habendae,
970 1999 1133 2058 consilium
1153 2003 1294 2060 mutaret.
1316 2017 1383 2074 quae
1405 2001 1525 2075 quidem
1547 2001 1643 2060 animi

429 2106 566 2165 varietas
588 2105 702 2182 optime
724 2107 756 2164 et
776 2105 927 2182 particula
949 2122 1020 2164 mun
1040 2108 1074 2165 et
1093 2121 1191 2164 noras
1211 2106 1347 2182 'npitnndo
1369 2107 1558 2182 exprimitur.

512 2230 536 2272 u.
559 2215 606 2273 82.
639 2211 732 2270 cirilla
755 2211 823 2270 Bas.
853 2211 922 2270 Per.
944 2212 972 2271 b.
995 2215 1124 2287 operiar
1150 2213 1240 2270 idem.
1266 2211 1333 2270 Ein.
1355 2217 1502 2288 opperitur
1524 2214 1593 2273 Par.
1615 2232 1642 2272 a.

430 2319 501 2379 Bas.
512 2349 549 2358 —
558 2319 660 2396 quibus
674 2319 762 2379 rebus
774 2316 845 2378 Bas.
854 2352 893 2362 -
903 2325 953 2378 uui
965 2318 1114 2378 tenestem
1126 2319 1196 2378 Par.
1213 2336 1264 2378 cre
1278 2317 1349 2380 Bas.
1363 2351 1396 2361 —
1411 2319 1558 2380 ἱιιοιιιιιιαε
1572 2319 1642 2378 Par.

430 2443 487 2486 xz.
515 2424 585 2484 Bas.
608 2455 645 2463 -
667 2425 821 2484 auriebant
852 2423 921 2483 Par.
945 2425 1001 2483 bx
1014 2442 1042 2485 a.
1062 2424 1132 2484 Bas.

511 2533 618 2604 unum
638 2531 725 2592 relus
737 2530 808 2590 Bas.
830 2535 895 2608 puis
917 2531 1001 2590 euius
1029 2531 1101 2591 libri
1124 2534 1308 2592 auctoritate
1329 2537 1444 2609 praeter
1464 2531 1595 2609 Guelph.
1612 2535 1641 2592 3.

430 2645 587 2716 receptum
609 2641 659 2714 sit,
681 2641 796 2699 neseio.
826 2656 917 2713 supra
944 2640 1048 2698 bunun
1075 2647 1126 2697 uui
1144 2640 1293 2699 innarenn
1319 2643 1432 2716 praeter
1453 2639 1542 2698 Paris
1564 2658 1591 2698 a.
1614 2656 1640 2698 u.

432 2747 460 2806 b.
484 2764 511 2806 e.
530 2767 559 2806 x.
596 2753 627 2808 et
652 2746 722 2806 Bas.
749 2747 840 2805 etiam
862 2744 947 2805 leid.
969 2745 1037 2806 Ein.
1059 2746 1128 2808 Tur.
1159 2742 1216 2818 (cle
1241 2748 1312 2806 Par.
1341 2747 1424 2806 zuil
1453 2751 1642 2823 uumpertum

431 2850 559 2922 habeo).
581 2853 637 2912 sed
659 2853 751 2913 etiam
772 2852 859 2912 multi
880 2851 935 2911 alii
957 2853 1038 2912 libri.
1061 2853 1133 2911 vide
1155 2851 1290 2913 Curtium
1318 2857 1349 2912 et
1370 2851 1451 2912 Edit.
1474 2853 1541 2912 iusi.
1579 2853 1645 2912 lam

433 2959 553 3034 quidem
576 2959 653 3018 satis
675 2960 805 3032 cunstat,
832 2958 862 3016 iu
885 2957 1007 3034 optimis
1028 2958 1117 3017 libris
1138 2965 1223 3036 nique
1243 2963 1276 3018 et
1296 2965 1348 3018 eut
1367 2958 1528 3032 uuuluudi3
1555 2960 1643 3018 euius

431 3066 479 3125 rei
501 3068 593 3126 multa
615 3067 755 3144 exempla
785 3067 957 3126 laudantur.
992 3067 1076 3145 Virg.
1101 3067 1204 3145 Geurg
1223 3087 1265 3126 ιιι.
1294 3071 1353 3128 329
1378 3067 1435 3144 „ad
1456 3072 1566 3144 puteus
1587 3072 1643 3126 aut

432 3172 496 3232 alte
517 3189 629 3249 greges
651 3174 689 3232 au
711 3180 818 3250 stagna
841 3166 966 3232 iubetu“
989 3174 1040 3233 ubi
1062 3174 1115 3233 alii
1137 3180 1241 3251 ntupum
1269 3173 1330 3234 Sal.
1353 3173 1419 3234 Cet.
1434 3193 1520 3234 xxxu.
1542 3175 1640 3233 dissi-

432 3280 566 3340 mulaudi
587 3297 679 3339 eausa
700 3283 753 3338 aut
774 3279 822 3338 sui
843 3279 1046 3356 expurgeud13
1069 3281 1120 3340 ubi
1142 3297 1206 3340 ver.
1228 3281 1299 3340 lect.
1321 3287 1413 3358 nique.
1437 3300 1462 3340 u.
1478 3283 1525 3340 39.
1547 3283 1641 3354 inpe-

432 3391 507 3446 rium
524 3395 609 3466 nique
629 3387 794 3461 tiberialem,
816 3386 866 3445 ubi
884 3386 938 3444 alii
958 3393 1016 3446 nui.
1046 3403 1071 3445 u.
1092 3390 1139 3446 51.
1161 3387 1212 3462 qui
1233 3403 1326 3462 reges
1341 3393 1427 3464 alque
1445 3387 1552 3464 pupuli
1574 3385 1644 3457 (ubi

433 3496 569 3555 uuuuulli
591 3496 662 3555 libri
679 3497 743 3564 uui)
766 3511 791 3553 u.
812 3496 860 3553 52.
882 3497 909 3552 si
929 3493 1001 3552 diuis
1022 3499 1073 3552 unt
1092 3493 1251 3552 nominum
1270 3511 1403 3570 umquam
1423 3493 1492 3553 ullis
1506 3497 1644 3568 pepercit.

434 3618 459 3661 u.
479 3603 527 3662 59.
560 3602 690 3661 minum
721 3607 771 3660 nui
793 3601 961 3676 praefecum.
989 3600 1052 3677 lug.
1082 3617 1107 3660 u.
1135 3603 1183 3659 53.
1215 3600 1297 3660 collis
1322 3607 1373 3660 nui
1399 3603 1490 3658 nudis
1519 3600 1645 3659 nutritio.

433 3726 501 3783 qum
523 3709 646 3784 quidem
662 3709 728 3768 luca
750 3711 784 3766 ut
799 3708 935 3766 librariis
956 3725 1062 3767 ansam
1082 3709 1278 3785 prebuerunt
1298 3709 1411 3785 saepius
1435 3714 1487 3766 uui
1507 3713 1538 3767 et
1558 3713 1647 3784 ntpue

433 3817 515 3878 iuter
536 3835 571 3876 se
593 3816 810 3892 uuulunrlemli,
847 3818 891 3876 ita
918 3817 1096 3877 testimonio
1124 3823 1201 3892 sunt,
1231 3818 1359 3878 duorum
1381 3817 1504 3876 illorum
1526 3817 1646 3875 verbu-

435 3940 499 3982 rum
522 3939 589 3982 eam
612 3940 683 3982 esse
704 3929 855 4000 naturum,
890 3927 923 3982 ut
944 3923 1037 3984 lecile
1064 3924 1145 3982 inter
1166 3939 1200 3982 se
1223 3923 1403 3982 commutari
1426 3925 1458 3982 et
1479 3923 1646 3998 aliquoties

434 4032 607 4110 promiscue
636 4033 709 4108 puni
737 4033 866 4109 possint.
896 4035 927 4091 et
952 4033 1051 4110 primu
1082 4033 1204 4108 quidem
1229 4031 1298 4092 luuu
1326 4039 1378 4091 uui
1402 4035 1488 4090 recte
1510 4029 1647 4106 positum

435 4155 516 4210 esse,
549 4139 601 4197 vix
628 4138 741 4213 aliquis
766 4139 937 4215 negaverit,
964 4139 1065 4198 altero
1092 4139 1250 4198 commode
1275 4139 1349 4214 puni
1370 4138 1508 4214 putuisse
1530 4154 1589 4215 per
1609 4155 1648 4196 se

435 4245 558 4305 clarum.
580 4246 637 4304 sed
657 4246 688 4304 iu
709 4246 811 4304 bunum
833 4252 918 4323 nique
931 4246 1079 4305 honesturn
1100 4245 1160 4304 huu
1182 4245 1251 4305 lieri
1272 4262 1367 4323 posse
1384 4245 1507 4321 negant,
1530 4245 1647 4320 quippe

436 4367 503 4427 que
529 4352 693 4427 iungantur
714 4369 774 4410 nun
797 4355 997 4428 opponantur.
1023 4352 1065 4410 ita
1095 4367 1188 4428 supra
1218 4369 1243 4410 u.
1266 4354 1293 4410 5.
1322 4353 1446 4410 enuntia
1466 4351 1541 4408 Mne.
1569 4349 1648 4408 bonu

436 4462 521 4533 nique
540 4457 660 4516 lunesiu
679 4457 762 4516 nolis
779 4461 946 4532 permansit.
969 4475 993 4518 u.
1012 4460 1039 4517 7.
1053 4457 1155 4534 quibus
1174 4457 1279 4516 divitie
1298 4456 1374 4516 luno
1393 4455 1569 4532 inmaturus
1586 4473 1648 4530 pu-

435 4565 524 4622 tiores
546 4568 637 4622 muni
659 4561 735 4622 llist.
757 4561 805 4622 Ill.
828 4563 877 4622 Or:
901 4564 1008 4622 llacri:
1041 4567 1068 4622 si
1085 4580 1157 4624 vern
1177 4569 1205 4622 ei
1223 4563 1343 4622 lunmlu
1361 4561 1499 4638 flupitium
1519 4577 1648 4635 supere

435 4670 514 4728 verit.
542 4668 597 4728 elr.
625 4669 705 4728 iufra
732 4685 758 4728 u.
781 4671 829 4728 85.
850 4669 917 4728 luni
938 4669 1105 4747 lunaique
1131 4675 1215 4728 uitnrn
1244 4671 1403 4744 enipment
1426 4684 1518 4744 supra
1549 4685 1576 4726 c.
1598 4667 1647 4725 ²9.
