3702 5600
442 629 514 700 488

442 829 535 904 igitur
563 828 632 905 ipse
658 826 812 887 Salustius
841 830 969 886 meliloto
998 829 1140 885 meterem
1161 825 1316 896 diesem
1351 821 1458 882 Livius
1484 839 1535 882 rcs
1556 829 1654 898 pestus

442 936 596 1009 disserere,
611 931 805 1012 Lampridius
819 937 904 994 cilum
918 933 1072 1006 disserere,
1091 932 1239 990 Phaedrus
1251 930 1369 1008 fmulos
1382 930 1531 989 &serere
1548 929 1653 989 dicere

443 1040 608 1117 potuerint,
641 1057 708 1100 cum
736 1041 808 1101 huic
836 1039 963 1100 dictioni
995 1039 1179 1100 simillimum
1211 1039 1253 1098 sit
1282 1037 1365 1096 diem
1392 1038 1532 1114 capedire
1566 1037 1652 1114 Virg.

442 1148 520 1207 Aen.
534 1165 578 1207 111.
594 1151 653 1209 377
675 1153 707 1209 et
724 1149 834 1226 Georg.
857 1167 898 1208 ιι.
914 1151 983 1209 286.
1016 1149 1127 1223 ,altius
1150 1165 1268 1208 omnem
1287 1146 1457 1224 Expediam
1478 1147 1578 1223 prima
1599 1163 1653 1204 re-

442 1258 553 1331 petens
574 1257 612 1315 ah
636 1256 755 1334 origine
776 1247 907 1314 lamam“
930 1271 996 1314 cum
1017 1255 1115 1314 verba
1138 1260 1170 1313 et
1188 1255 1392 1328 substantiva,
1415 1269 1482 1328 quaa
1497 1257 1552 1312 aut
1566 1253 1652 1312 eius-

444 1361 513 1420 dem
543 1360 671 1438 originis
698 1365 769 1420 sunt
794 1363 846 1419 aut
871 1360 1105 1437 significationis
1135 1358 1335 1418 similitudine
1367 1375 1439 1418 sose
1460 1359 1651 1434 contingunt,

442 1471 569 1546 iungere
584 1470 815 1531 usitatissimum
837 1471 887 1545 ait,
910 1470 1016 1546 quidni
1038 1471 1131 1529 etiam
1151 1474 1311 1528 crotonem
1332 1470 1479 1528 dimerere
1499 1465 1652 1524 Salustius

443 1575 564 1652 dixerit,
586 1576 759 1652 praesertim
781 1592 848 1635 cum
872 1576 1053 1636 vocabulum
1068 1579 1228 1634 orationem
1247 1575 1369 1652 longius
1387 1578 1537 1632 remotum
1559 1573 1603 1632 sit
1622 1575 1653 1630 et

442 1683 626 1760 interposito
647 1683 745 1743 verbo
763 1684 948 1758 perscribere
970 1684 1029 1742 lam
1050 1683 1166 1744 habeat
1187 1683 1267 1742 unde
1288 1684 1414 1758 regatur
1436 1685 1468 1740 et
1489 1680 1653 1758 pronomi-

442 1789 531 1850 nibus
552 1807 624 1866 ccsn,
650 1808 736 1867 poem
758 1794 911 1851 structura
932 1790 1074 1850 laniatur.
1114 1791 1201 1859 Quod
1221 1791 1314 1866 igitur
1335 1789 1463 1848 verbum
1478 1787 1652 1846 Gronovius

443 1911 509 1954 oum
530 1896 707 1956 accusativo
736 1895 819 1972 iungi
848 1896 957 1969 noluit,
988 1895 1031 1955 ita
1061 1900 1094 1956 ut
1124 1896 1221 1954 verba
1251 1913 1315 1974 poe
1340 1893 1511 1954 descende
1535 1895 1568 1952 in
1590 1911 1654 1971 pue

442 2003 643 2062 edissertando
664 2003 838 2078 mutaverit,
858 2002 923 2062 Liv.
946 2023 1019 2062 xxn.
1035 2006 1083 2062 ab.
1102 2005 1131 2063 8.
1154 2003 1237 2078 quod
1259 2001 1393 2062 Orellius
1414 2001 1495 2078 apud
1516 2001 1653 2060 Tacitum

442 2107 519 2168 llist.
541 2112 603 2169 u.2
625 2126 682 2187 pro
703 2109 888 2170 edisserendo
905 2111 1037 2186 positum
1058 2111 1175 2184 statuit,
1197 2083 1290 2170 huius⁸
1308 2127 1381 2170 usus
1403 2106 1564 2184 exemplis,
1586 2123 1652 2182 quae

441 2216 606 2291 attulimus,
622 2217 664 2275 ita
679 2217 875 2276 confirmatus
891 2217 948 2290 est,
968 2219 1000 2275 ut
1011 2216 1049 2274 de
1065 2216 1273 2291 insolentiore,
1292 2232 1380 2290 quam
1394 2214 1549 2275 Salustius
1561 2232 1652 2274 usur·

442 2323 536 2399 pavit,
558 2326 710 2382 structura
725 2324 779 2381 vix
793 2323 927 2382 dubitari
938 2339 1032 2399 posse
1049 2323 1200 2382 videatur.
1216 2320 1358 2382 Getarum
1374 2321 1526 2382 Salustius
1540 2339 1607 2380 cum
1622 2321 1651 2380 in

442 2427 695 2488 antecedentibus
708 2428 769 2486 iam
783 2427 991 2487 verbodicere
1005 2445 1079 2486 usus
1092 2431 1184 2503 asset,
1202 2428 1338 2487 dictione
1350 2426 1547 2487 huiuscemodi
1560 2426 1653 2484 restis

441 2535 623 2594 dormitio
637 2536 827 2612 potissimum
841 2536 1017 2614 significare
1035 2536 1173 2596 voluisse
1188 2537 1319 2612 videtur,
1346 2555 1380 2596 se
1395 2553 1455 2595 non
1470 2537 1573 2594 minus
1587 2539 1652 2596 stu·

443 2641 523 2700 dium
539 2641 569 2700 in
588 2642 695 2702 verbis
717 2661 806 2718 qaam
826 2644 858 2703 in
876 2643 1019 2703 sensibus
1042 2643 1127 2702 illius
1147 2643 1298 2703 orationis
1314 2643 1465 2720 posuisse.

524 2763 551 2809 c.
574 2751 621 2807 31.
651 2748 821 2809 deartuatus
846 2765 891 2808 me
919 2765 939 2807 c
964 2748 1045 2808 cobis
1071 2747 1144 2808 Bas.
1169 2753 1204 2808 ut
1231 2736 1324 2826 supra
1353 2768 1377 2809 c.
1406 2751 1454 2808 24.
1484 2749 1652 2808 &hemmae

442 2873 494 2930 sue,
519 2854 601 2930 quod
629 2854 669 2914 ad
699 2857 760 2914 vim
786 2855 937 2915 orationis
966 2855 1060 2914 multo
1081 2855 1207 2931 gravim
1229 2859 1284 2915 est
1312 2856 1357 2914 bis
1378 2859 1464 2914 casis
1492 2857 1651 2933 wedam

442 2959 513 3023 Bas.
535 2962 604 3022 Par.
627 2962 695 3022 Ein.
713 2964 784 3023 Tur.
804 2961 890 3022 Laid.
912 2967 997 3022 oanis
1019 2981 1070 3022 xm
1090 2960 1159 3020 Par.
1173 2979 1203 3019 x.
1226 2960 1325 3020 Guell.
1348 2981 1366 3020 ι.
1389 2964 1415 3020 7.
1436 2981 1464 3020 x.
1488 2960 1650 3022 Fabrici

442 3085 549 3145 parum
580 3073 724 3130 accurate
756 3071 890 3146 scriptor
919 3070 1040 3130 locutus
1069 3086 1141 3129 esse
1168 3068 1300 3128 videtur.
1329 3070 1540 3147 integritatem
1572 3070 1650 3128 anim

442 3176 602 3252 scripturae
635 3177 688 3236 vix
721 3177 752 3235 in
790 3179 836 3235 tot
864 3176 1010 3236 librorum
1044 3193 1197 3236 consensu
1233 3174 1465 3236 sollicitaveria.
1515 3176 1651 3236 Fuerunt

443 3281 531 3356 enim,
554 3285 606 3358 qai
619 3286 678 3343 Xh'.
693 3283 878 3359 scriberent,
899 3285 981 3359 quod
998 3285 1089 3342 etiam
1107 3282 1150 3355 Ti,
1166 3282 1297 3342 Gracchi
1311 3284 1419 3342 mortis
1434 3283 1466 3341 in
1490 3283 1650 3358 sequenti·

442 3389 501 3448 bus
522 3389 706 3449 mentionem
736 3389 812 3449 lacit
834 3393 865 3448 et
887 3406 927 3448 cx
946 3389 1002 3450 illo
1026 3395 1163 3467 tempore
1185 3390 1315 3466 amplios
1338 3389 1448 3467 viginti
1469 3391 1542 3448 anni
1564 3391 1650 3448 erant

443 3495 551 3573 clapsi.
601 3495 663 3556 Sed
699 3496 827 3573 primum
858 3496 1036 3574 religiosam
1067 3497 1150 3555 illam
1180 3496 1368 3574 diligentiam
1399 3497 1430 3555 in
1460 3496 1649 3572 temporibus

442 3603 595 3678 notandis,
625 3621 714 3678 quam
740 3603 828 3662 multi
850 3619 889 3662 ex
914 3603 1104 3663 nostratibus
1125 3603 1249 3678 iactant,
1279 3602 1395 3662 trustra
1420 3602 1502 3679 apud
1524 3607 1649 3662 veteres

442 3711 633 3786 quasiveris.
675 3710 817 3788 Inprimis
843 3717 943 3771 autem
965 3709 1129 3770 Salustium
1151 3710 1240 3770 huius
1266 3709 1312 3768 rai
1340 3709 1524 3768 incuriosum
1555 3709 1649 3768 luisse

441 3833 499 3876 nos
528 3817 589 3894 ipsi
614 3835 707 3895 supra
728 3818 769 3878 ad
791 3836 856 3896 cap.
880 3818 933 3877 alii
958 3818 998 3877 ad
1024 3816 1113 3876 Catil.
1138 3834 1164 3876 c.
1186 3819 1234 3876 37.
1256 3821 1289 3876 et
1310 3816 1348 3875 ad
1376 3814 1438 3892 lug.
1462 3833 1488 3875 c.
1511 3818 1559 3876 to.
1581 3815 1649 3874 ani·

441 3924 682 3985 madvertcrunt.
730 3923 845 3986 Nostro
875 3925 905 3984 in
936 3924 1007 3986 loco
1036 3924 1163 4001 primum
1193 3925 1254 3985 hoc
1283 3921 1465 3983 monendum
1499 3929 1558 3996 est,
1590 3940 1649 3983 non

441 4031 545 4107 utique
576 4046 704 4090 necesse
734 4047 805 4090 esse
831 4034 864 4090 ut
898 4031 1069 4090 Memmium
1096 4031 1188 4090 etiam
1212 4029 1329 4090 Tiberii
1356 4027 1487 4088 Gracchi
1519 4031 1648 4088 mortem

440 4138 490 4198 his
517 4139 605 4199 annis
633 4139 804 4215 quindecim
838 4140 1028 4217 complexam
1058 4156 1129 4199 esso
1158 4143 1343 4214 statuamus,
1378 4143 1449 4198 sunt
1482 4139 1563 4198 enim
1596 4155 1646 4197 se·

440 4247 564 4321 quentia
592 4265 610 4306 a
634 4247 791 4323 prioribus
818 4247 965 4308 seiuncta.
1010 4247 1083 4306 'l'um
1109 4246 1175 4306 fieri
1202 4251 1306 4325 potest
1334 4251 1366 4305 ut
1391 4245 1551 4305 Memmius
1577 4249 1648 4304 tan·

439 4354 501 4412 tum
529 4353 702 4428 quindecim
733 4370 830 4413 annos
857 4354 1078 4427 numeraverit,
1113 4354 1194 4428 quod
1218 4371 1257 4412 ex
1286 4369 1325 4412 eo
1350 4355 1488 4428 temporo
1520 4351 1648 4411 adrem

439 4457 593 4536 publicam
622 4464 808 4535 accesserat,
840 4465 872 4520 et
900 4465 1015 4521 tantum
1037 4477 1074 4520 ea
1095 4476 1334 4520 commemorare
1358 4460 1463 4533 voluit,
1490 4476 1559 4534 quae
1581 4460 1647 4535 ipsc

439 4565 569 4625 viderat.
612 4563 761 4626 Fortasse
783 4567 935 4628 etiamad
956 4569 1055 4644 legem
1085 4568 1161 4627 lunii
1183 4567 1279 4626 l'enni
1299 4567 1447 4644 respexit,
1472 4584 1532 4641 qua
1554 4581 1646 4644 pere-

438 4673 518 4747 grini
540 4673 617 4734 urbe
634 4674 886 4750 prohibebantur,
909 4677 940 4733 et
958 4675 997 4734 ab
1013 4674 1068 4736 illo
1082 4680 1223 4753 tompore
1237 4674 1428 4752 potissimum
1443 4673 1563 4733 initium
1578 4677 1646 4732 tan-
