3554 5600
401 637 473 704 u5u

400 835 473 904 vius
498 826 640 921 Tullius]
672 831 855 902 exercitum
882 853 1014 900 omnem
1035 883 1043 898 .
1065 883 1102 898 ..
1130 831 1363 901 lustravit...
1397 830 1490 901 Milia
1517 843 1612 898 octo·
1752 863 1756 870 ·

398 957 490 1049 ginta
517 981 557 1027 eo
582 959 684 1028 lustro
710 957 831 1027 civium
858 979 957 1026 censa
983 955 1148 1026 dicuntur.
1188 955 1299 1026 Adicit
1323 957 1520 1048 scriptorum
1548 977 1611 1024 an·
1751 987 1771 1028 xi

400 1081 603 1176 tiquissimus
622 1081 745 1152 Fabius
763 1081 882 1160 Pictor,
909 1103 1025 1151 eorum
1044 1081 1101 1173 qui
1128 1102 1222 1150 arma
1247 1079 1335 1149 serre
1361 1091 1505 1172 possent.
1532 1101 1609 1148 eum

399 1229 579 1277 numerum
605 1207 718 1275 baisse.
758 1207 869 1275 liuius
898 1205 930 1281 1.
956 1201 1016 1285 44,
1044 1203 1079 1276 2.
1185 1203 1241 1273 13.
1268 1206 1378 1294 Louqa
1403 1217 1611 1294 arqumeuta-

399 1333 484 1401 tione
497 1325 574 1400 uru'r
587 1330 766 1420 Dionysius
780 1329 887 1398 Halia.
906 1327 940 1409 4,
959 1327 982 1400 6
997 1352 1043 1419 aq.
1059 1331 1196 1418 exponat,
1223 1351 1279 1398 aar
1296 1329 1372 1420 fides
1386 1352 1450 1396 aaa
1465 1328 1611 1396 babendo

399 1457 440 1524 sit
468 1454 564 1524 Fabio
588 1455 752 1545 asinisque
776 1455 949 1534 historicis,
985 1456 1042 1544 qui
1071 1453 1106 1520 L.
1137 1452 1346 1542 Tarquinium
1377 1451 1556 1542 Superbum
1584 1465 1610 1518 ot

398 1579 567 1648 Amatam
588 1577 797 1668 Tarquinium
821 1577 924 1648 Prisci
941 1577 1110 1668 Tarquinii
1135 1577 1218 1665 reqis
1236 1575 1319 1667 filios
1336 1576 1541 1652 tradiderint,
1577 1589 1609 1642 at

399 1726 471 1772 aero
498 1702 597 1772 solius
622 1703 659 1771 L.
679 1703 806 1771 Pisonis
830 1701 932 1791 Fruqi
956 1702 1128 1770 auctoritas
1150 1701 1316 1790 sequenda,
1342 1701 1400 1789 qui
1418 1711 1542 1790 nepotes
1561 1719 1610 1764 eos

398 1828 514 1920 saecul.
619 1827 675 1896 ll.
706 1828 743 1896 ln
785 1826 949 1917 Capitolio
989 1826 1063 1916 quis
1096 1833 1143 1893 est
1177 1822 1349 1893 bominum
1384 1821 1443 1913 qai
1479 1823 1612 1911 ignoret

399 1951 454 2022 Oli
482 1973 553 2020 esse
588 1950 779 2043 sepulcrum
805 1949 1030 2020 vulcentani?
1058 2001 1066 2018 .
1092 2002 1100 2018 .
1129 2003 1137 2018 .
1187 1947 1284 2031 Quod
1316 1948 1344 2016 si
1369 1947 1510 2040 pianum
1535 1945 1609 2014 lieri

401 2073 597 2143 testimoniis
623 2073 795 2167 postulatis
820 2085 1005 2154 auctorum,
1036 2073 1244 2151 Samonieus‚
1274 2070 1428 2146 Granius,
1454 2069 1611 2140 Valeria-

398 2219 462 2267 nus
479 2197 571 2268 vobis
593 2207 626 2265 et
642 2196 765 2266 Fabius
788 2195 991 2277 indicabunt,
1019 2197 1112 2267 cuius
1130 2197 1236 2266 Aulus
1259 2195 1357 2266 luerit
1375 2193 1474 2273 lilius,
1501 2195 1611 2284 gentis

399 2333 431 2390 et
458 2320 599 2390 nationis
625 2321 733 2399 cuius,
771 2331 806 2390 ut
830 2343 850 2388 a
877 2321 1029 2410 germani
1054 2321 1194 2390 servulis
1226 2319 1291 2388 vita
1324 2319 1424 2388 luerit
1449 2318 1610 2409 spoliatus

400 2456 432 2515 et
457 2445 595 2526 lumine,
623 2446 703 2537 quid
730 2446 771 2514 de
798 2445 864 2514 suis
891 2445 1125 2515 commeruerit
1152 2443 1289 2523 civibus,
1317 2455 1352 2513 ut
1379 2443 1408 2512 ei
1435 2443 1477 2510 sit
1503 2442 1610 2510 abne-

400 2579 475 2662 gata
495 2571 623 2641 telluris
641 2571 767 2662 patriae
786 2570 971 2660 sepultura;
998 2569 1194 2639 condiscetis
1211 2569 1322 2648 etiarn,
1349 2567 1501 2659 quamuis
1519 2565 1610 2636 nolle

399 2694 485 2764 istud
513 2693 683 2787 publicare
713 2717 748 2760 se
774 2692 913 2782 lingant,
944 2693 1023 2786 quid
1050 2693 1091 2762 sit
1116 2694 1224 2784 capite
1250 2703 1377 2761 resecto
1404 2691 1526 2758 lactum
1555 2689 1609 2758 vel

399 2819 432 2888 in
460 2831 553 2911 parte
579 2841 645 2909 qua
671 2818 719 2886 rei
746 2810 880 2906 (areae‘l)
907 2818 1036 2887 curiosa
1058 2817 1160 2887 luerit
1178 2815 1376 2886 obscuritate
1398 2814 1607 2884 conclusum:

399 2956 436 3014 ut
461 2941 824 3040 immobilislvidelicet
850 2951 949 3033 atque
976 2941 1040 3010 lixa
1066 2941 1231 3032 obsignati
1258 2940 1377 3009 ominis
1404 2940 1608 3030 perpetuitas

399 3079 508 3138 staret.
536 3068 694 3136 Arriobiur
710 3067 783 3136 ada.
797 3079 899 3155 qcuter
913 3063 947 3145 6,
969 3064 1001 3134 7.
1107 3066 1161 3134 15.
1189 3059 1237 3155 [ln
1257 3065 1465 3136 aedificando
1484 3060 1608 3154 templo

399 3183 485 3253 lovis
516 3177 707 3274 Capitolini]
741 3182 925 3270 augebatur
960 3181 1001 3250 ad
1033 3183 1198 3274 impensas
1226 3182 1314 3272 regis
1349 3183 1498 3264 animns;
1543 3185 1607 3254 ita-

398 3331 464 3398 que
489 3307 700 3376 Pometianae
720 3305 909 3384 manubiae,
937 3329 1024 3397 quae
1048 3305 1259 3399 perducendo
1284 3307 1326 3376 ad
1352 3307 1485 3378 eulmen
1512 3310 1605 3401 operi

399 3431 580 3500 destinatae
607 3443 711 3507 erant.
738 3431 794 3499 rix
820 3430 852 3498 in
880 3429 1098 3500 fundamenta
1123 3430 1384 3524 suppeditavere.
1427 3435 1478 3502 Eo
1501 3433 1607 3523 magis

398 3556 517 3638 Fabio,
553 3567 783 3648 praeterquam
815 3554 903 3648 quod
930 3554 1098 3645 antiquior
1130 3568 1193 3634 est,
1233 3555 1433 3625 crediderim
1459 3557 1605 3649 quadra·

399 3681 490 3770 ginta
509 3701 549 3748 ea
575 3679 646 3748 sola
673 3679 794 3747 talenta
823 3679 934 3757 luisse,
962 3701 1062 3770 quam
1087 3679 1198 3748 Pisoni
1216 3680 1273 3771 qui
1299 3679 1521 3772 quadraginta
1543 3681 1605 3749 rni-

399 3804 442 3872 lia
456 3803 566 3895 pondo
580 3804 710 3894 argenti
727 3803 869 3894 seposita
889 3803 922 3871 in
939 3825 1012 3872 eam
1030 3825 1100 3872 rena
1114 3803 1238 3872 scribit.
1273 3805 1384 3872 licius
1401 3803 1432 3882 1,
1444 3805 1505 3884 65,
1527 3805 1559 3873 T.
1569 3803 1603 3875 8.

402 3929 458 3998 16.
483 3921 534 4017 [L.
554 3927 773 4020 Tarquinium
792 3922 1006 4016 Collatinum]
1033 3927 1155 3996 Fabius
1173 3927 1280 3996 lilium
1298 3928 1344 3996 ait
1362 3929 1460 3998 luisse
1478 3928 1603 4020 Egerii,

397 4074 498 4144 quem
524 4074 624 4144 supra
650 4051 719 4120 dixi
746 4051 845 4120 luisse
867 4049 1039 4144 Tarquinii
1062 4052 1164 4120 Prisci
1191 4077 1209 4120 e
1236 4053 1335 4121 lratre
1363 4065 1518 4144 nepotem
1539 4105 1546 4120 .
1566 4104 1601 4120 ..

399 4178 492 4268 isque
519 4175 661 4245 babebat
687 4175 828 4245 eandem
846 4197 946 4268 quarn
972 4176 1143 4268 Tarquinii
1171 4175 1398 4257 filiiaetatem‚
1426 4188 1462 4247 ut
1479 4178 1605 4246 Fabius

399 4314 432 4370 et
464 4301 613 4393 plerique
650 4300 828 4393 scriptores
859 4299 1075 4370 tradiderunt.
1130 4301 1309 4390 Dionysius
1338 4301 1445 4370 Halia.
1475 4299 1511 4378 4.
1544 4297 1601 4370 64.

402 4426 457 4494 17.
486 4426 550 4494 llic
585 4447 717 4495 rursum
749 4422 831 4492 rnibi
857 4423 951 4492 Fabii
986 4423 1136 4492 iacienda
1173 4436 1222 4493 est
1255 4425 1379 4493 mentio
1414 4436 1446 4493 et
1473 4425 1542 4493 eius
1568 4425 1600 4491 in

398 4561 585 4642 temporum
611 4548 855 4640 computatione
881 4546 1112 4637 redarguenda
1139 4547 1357 4638 indiligentia.
1407 4549 1602 4639 Progressus

400 4673 487 4742 enirn
507 4671 547 4742 ad
568 4671 721 4742 Arruntis
739 4671 918 4750 interitum,
945 4693 1012 4740 non
1040 4672 1073 4740 io
1100 4672 1159 4741 illo
1186 4683 1310 4742 tantum
1340 4672 1451 4764 lapsus
1476 4683 1533 4751 est.
1559 4671 1601 4740 de
