3526 5604
1259 669 1332 738 357

120 859 322 954 Syphacem,
356 873 392 932 ut
417 863 533 934 Antias
560 864 712 934 Valerius
746 863 866 956 prodit,
907 865 940 934 in
976 878 1085 936 rastra
1112 867 1259 938 Romana
1290 871 1332 940 ad

121 988 338 1080 conloquium
370 988 511 1059 venisse.
562 990 675 1058 Livius
702 986 761 1070 30,
797 987 831 1070 3,
866 988 904 1060 6:
1004 991 1063 1060 25.
1094 992 1185 1062 ldem
1218 996 1331 1065 consul

122 1103 198 1198 [Cu.
226 1109 402 1222 Servilius]
434 1103 511 1181 oum
540 1110 729 1181 Hannibale
760 1111 794 1180 in
825 1133 906 1204 agro
937 1113 1143 1184 Crotoniensi
1170 1117 1330 1187 condixit.

121 1238 274 1308 Obscura
292 1237 363 1307 eius
379 1259 512 1330 pugnae
539 1237 626 1306 lama
653 1247 711 1306 est.
754 1237 908 1308 Valerius
927 1239 1043 1310 Antias
1069 1240 1216 1333 quinque
1238 1241 1331 1311 milia

120 1361 266 1434 bostium
285 1385 381 1434 caesa
398 1364 460 1443 ait;
487 1387 573 1456 quae
598 1374 688 1433 tanta
714 1385 767 1433 res
793 1375 852 1445 est,
879 1375 916 1433 ut
941 1377 999 1434 aut
1025 1365 1233 1458 impudenter
1255 1367 1330 1438 bota

120 1489 167 1558 sit
179 1499 237 1560 aut
249 1491 465 1582 neglegenter
478 1490 720 1581 praetermissa.
747 1488 928 1572 niuoso,
945 1489 1001 1571 10,
1019 1491 1074 1563 11.
1175 1493 1234 1562 26.
1260 1493 1331 1561 Va-

121 1611 224 1682 lerius
235 1613 351 1684 Antias
369 1613 476 1705 primo
492 1613 621 1707 proelio
634 1613 757 1684 vietum
770 1635 848 1683 eom
863 1606 1112 1704 [Hannibalem]
1132 1638 1150 1684 a
1164 1615 1328 1708 Scipione,

122 1760 191 1830 quo
216 1737 399 1830 duodecim'
418 1737 509 1806 milia
535 1748 739 1807 armatorum
773 1737 806 1805 in
840 1737 912 1806 acie
937 1738 1004 1806 sint
1028 1759 1140 1818 caesa,
1179 1739 1272 1809 mille
1298 1752 1331 1810 et

119 1861 322 1954 septingenti
353 1861 458 1954 eapti,
498 1861 643 1952 legatum
678 1883 753 1930 oum
784 1859 858 1929 aliis
883 1860 999 1929 decem
1026 1862 1143 1952 legatis
1169 1864 1327 1935 traditio

120 1987 294 2057 eastra'ad
321 1987 510 2080 Scipionem
536 1982 675 2056 venisse.
717 1987 830 2056 biuios
854 1983 912 2064 30,
943 1984 1003 2067 29,
1035 1986 1068 2057 7.
1173 1991 1232 2058 27.
1261 1993 1328 2060 Va-

119 2111 221 2182 lerius
243 2110 361 2182 Antias
386 2110 524 2180 intrasse
549 2111 670 2180 saltum
688 2108 826 2179 Villium
852 2109 961 2188 tradit,
987 2111 1066 2201 quia
1091 2119 1181 2181 reolo
1207 2113 1327 2184 itinere

119 2235 323 2329 nequiverit,
357 2234 509 2305 omnibus
539 2235 580 2304 ab
611 2256 691 2325 rege
721 2234 871 2313 insessis;
911 2247 1059 2304 secutum
1091 2236 1228 2317 vallem,
1267 2262 1328 2330 per

118 2383 220 2453 quam
248 2359 391 2430 mediam
418 2360 521 2428 fertur
547 2361 637 2429 Aous
663 2357 787 2438 amnis;
829 2367 929 2462 ponte
959 2359 1079 2451 raptim
1108 2360 1193 2429 laeto
1219 2361 1252 2430 in
1279 2362 1327 2430 ri·

117 2508 205 2576 pam,
238 2485 272 2555 in
298 2507 363 2578 qua
389 2493 484 2554 erant
509 2493 615 2552 castra
635 2482 741 2573 regia,
768 2491 1007 2574 transgressum
1029 2484 1101 2552 acie
1119 2484 1323 2566 condixisse;

119 2610 229 2681 lusum
266 2609 483 2702 fugatumque
520 2629 636 2699 regem
673 2607 787 2676 eastris
824 2618 978 2686 exutum
1024 2607 1200 2678 duodecim
1234 2611 1326 2680 milia

117 2730 265 2803 bostium
299 2755 339 2802 eo
368 2731 496 2824 proelio
530 2754 641 2813 caesa,
682 2739 774 2823 capta
807 2729 874 2800 duo
913 2729 1005 2799 milia
1039 2741 1073 2799 et
1104 2730 1263 2803 ducentos
1293 2747 1326 2805 et

116 2856 212 2948 signa
239 2853 394 2925 militaria
427 2865 559 2925 centum
586 2855 722 2945 triginta
749 2853 827 2936 duo,
861 2876 963 2947 equos
989 2854 1147 2924 ducentos
1172 2857 1323 2948 triginta;

116 2979 237 3050 aedem
264 2977 364 3047 etiam
390 2978 460 3048 lovi
486 2978 519 3047 in
545 3000 587 3048 eo
611 2978 740 3071 proelio
756 2990 886 3059 ¹votam,
918 2978 945 3046 si
972 2999 1024 3047 res
1050 3000 1207 3072 prospere
1233 2992 1325 3071 gesta

116 3117 213 3176 esset.
258 3103 366 3174 Ceteri
393 3104 511 3176 Graeci
537 3105 714 3198 Latinique
740 3114 902 3185 auctores,
930 3128 1072 3198 quorum
1098 3105 1235 3197 quidem
1261 3129 1325 3199 ego

115 3231 184 3324 legi
217 3232 369 3311 annales,
406 3229 489 3300 nibil
522 3231 738 3301 memorabile
767 3253 787 3300 a
815 3230 920 3301 Villio
949 3242 1058 3301 actum
1092 3232 1324 3325 integrumque

115 3355 243 3426 bellurn
268 3354 496 3447 insequentem
522 3354 695 3424 consulem
713 3356 750 3423 Τ.
770 3353 962 3437 Quinctium
988 3354 1155 3447 accepisse
1180 3356 1323 3426 tradunt.

114 3480 229 3548 Livius
247 3474 307 3559 32,
334 3475 368 3558 6,
388 3476 411 3548 5
430 3501 497 3568 sqq.
599 3478 660 3548 28.
689 3479 723 3548 Si
741 3478 877 3546 Valerio
902 3478 976 3570 quis
1002 3477 1115 3546 eredat
1139 3465 1200 3548 ete.
1227 3503 1325 3572 supro

110 3627 145 3696 p.
155 3599 241 3683 346,
260 3599 295 3672 4.
388 3601 447 3671 29.
474 3603 626 3672 Valerius
643 3603 761 3673 Antias
778 3614 975 3693 quaternum
994 3612 1056 3671 ete.
1074 3625 1173 3696 supro
1186 3626 1220 3694 p.
1238 3601 1322 3686 346,

115 3725 174 3796 11.
276 3727 398 3798 30.1n
425 3749 465 3798 eo
491 3728 618 3820 proelio
643 3740 705 3796 etc.
732 3751 831 3819 supro
855 3751 889 3820 p.
917 3723 1001 3807 346,
1028 3725 1087 3798 20.
1191 3727 1250 3797 31.
1276 3728 1322 3798 Μ.

114 3851 322 3922 Helvio...
349 3851 509 3923 Celtiberi
531 3852 665 3944 agmine
693 3851 819 3942 ingenti
846 3849 888 3919 ad
915 3851 1073 3943 oppidum
1098 3831 1240 3943 illiturgi
1265 3874 1324 3920 oe-

113 3987 302 4046 eurrerunt.
355 3975 482 4068 Viginti
517 3975 609 4045 milia
643 3986 845 4044 armatorum
879 3975 979 4044 luisse
1009 3975 1162 4044 Valerius
1195 3974 1322 4054 scribit;

111 4097 292 4168 duodecim
319 4099 411 4170 milia
443 4123 485 4170 ex
513 4099 564 4170 bis
590 4122 696 4180 caesa,
733 4097 893 4192 oppidum
925 4097 1069 4187 illiturgi
1095 4111 1265 4190 receptum
1291 4113 1324 4169 et

112 4225 256 4317 puberes
281 4221 390 4292 omnis
415 4223 614 4292 interlectos.
657 4223 769 4292 Liuius
794 4219 854 4304 34,
884 4221 941 4304 10,
970 4221 987 4291 1
1016 4245 1061 4312 sq.
1169 4221 1228 4292 32.
1257 4225 1323 4293 Va-

19 4399 24 4404 ·
111 4349 216 4418 larius
242 4346 358 4418 Antias
384 4357 447 4416 eto.
481 4369 579 4439 supro
600 4371 638 4439 p.
655 4344 739 4428 283,
765 4345 822 4416 17.
921 4345 980 4414 33.
1009 4349 1044 4414 Ρ.
1062 4345 1240 4415 Alrieauus
1267 4345 1323 4415 ille

110 4473 353 4568 superior...
382 4494 498 4565 passus
524 4484 575 4542 est
598 4483 668 4542 turn
696 4472 838 4564 primum
865 4495 884 4540 a
910 4470 1061 4564 populari
1088 4493 1243 4540 consessu
1268 4495 1323 4540 se·

110 4598 242 4668 natoria
268 4597 427 4668 subsellia
452 4593 612 4690 seperari]
737 4600 872 4667 Factum
906 4597 938 4666 id
971 4619 1042 4666 esse
1072 4608 1182 4664 autem
1207 4597 1322 4666 Antias

109 4722 250 4794 tradidit
276 4721 364 4793 ludis
389 4722 562 4804 Romanis,
598 4745 681 4814 quos
708 4722 857 4792 lecerunt
889 4721 1014 4791 aediles
1045 4721 1177 4791 curules
1202 4721 1323 4791 Atilius
