3702 5600
419 637 491 705 492

419 833 533 910 scripta
554 838 587 893 et
607 833 774 910 explicatio
796 834 901 894 addite
922 836 978 894 est.
999 851 1056 912 quo
1077 851 1110 894 ec
1126 853 1156 911 p.
1174 834 1244 894 Res.
1259 835 1325 894 baeo
1338 836 1368 894 in
1382 852 1492 895 rasura
1508 837 1627 912 scripta

418 957 474 1018 quo
495 942 588 1000 etiam
609 941 677 1000 Ein.
698 943 766 1002 l'ur.
788 947 922 1020 quonium
942 940 1026 1001 beid.
1049 943 1117 1001 Par.
1444 1016 1447 1024 Ι

500 1065 525 1107 c.
548 1051 594 1108 33.
627 1053 684 1108 ciet
705 1053 801 1108 socier
826 1048 895 1108 Bas.
926 1049 992 1108 Tur.
1024 1050 1053 1108 in
1083 1047 1148 1108 Ein.
1176 1049 1231 1126 spl.
1253 1052 1285 1108 ni
1309 1049 1380 1108 inde
1405 1051 1514 1124 ortum,
1543 1050 1628 1124 quod

419 1157 547 1231 propter
567 1171 700 1231 sequens
724 1173 741 1214 r
771 1154 894 1232 syllaba
915 1157 1082 1215 exciderat.
1112 1156 1173 1215 alia
1199 1161 1247 1216 est
1273 1157 1353 1216 ratio
1375 1155 1439 1215 Cat.
1469 1174 1494 1216 c.
1513 1158 1562 1215 23.
1595 1159 1626 1214 rei

419 1259 474 1318 eibi
494 1260 558 1319 obn.

499 1382 558 1424 non
581 1367 669 1426 soluti
692 1369 781 1426 sociis
801 1365 873 1426 Bes.
901 1367 994 1443 idque
1020 1371 1088 1426 erat
1113 1367 1347 1438 restituendum
1381 1367 1433 1442 qui
1458 1368 1627 1427 verborum

420 1471 497 1531 ordo
519 1472 547 1530 si
566 1477 656 1531 antea
678 1489 845 1550 expressus
871 1472 962 1547 foret,
984 1473 1104 1548 nemini,
1134 1475 1253 1550 opinor,
1280 1475 1311 1532 in
1333 1477 1464 1532 mentem
1486 1476 1628 1534 venisset

420 1581 517 1636 eomer
537 1595 594 1655 pro
615 1582 704 1638 sociis
726 1579 893 1654 corrigere.
929 1577 1062 1638 Criticus
1083 1580 1163 1638 enim
1185 1579 1362 1656 cogitasset,
1385 1597 1445 1639 non
1467 1581 1500 1639 id
1522 1582 1629 1656 qnaeri,

421 1701 480 1758 quo
503 1685 635 1745 oonsilio
658 1686 803 1763 lugnrtba
829 1686 858 1745 in
880 1687 987 1745 urbem
1007 1687 1138 1762 venerit,
1168 1687 1224 1746 sed
1248 1705 1313 1762 quas
1336 1689 1470 1764 suspicio
1494 1687 1631 1746 Memmii

422 1793 454 1848 et
473 1790 574 1866 plebis
597 1791 701 1866 fuerit3
731 1793 843 1869 quippe
870 1793 923 1868 qui
945 1796 1029 1852 recte
1059 1792 1118 1852 sibi
1143 1794 1357 1870 persuaserint
1381 1793 1568 1870 lugurtbam,
1599 1795 1631 1852 ut

421 1898 485 1958 suis
507 1899 603 1976 ipsius
624 1904 655 1958 et
675 1901 840 1959 amicorum
861 1901 1029 1960 commodis
1052 1900 1195 1975 serviret,
1217 1917 1323 1960 verum
1341 1902 1465 1978 aperire
1481 1902 1629 1961 noluisse.

422 2005 515 2074 Quam
537 2007 658 2080 quidem
679 2006 789 2066 falsam
812 2007 986 2083 opinionem
1007 2011 1041 2066 ut
1062 2024 1100 2066 ex
1122 2009 1187 2066 eius
1209 2009 1309 2067 animo
1336 2007 1499 2079 evelleret,
1528 2008 1629 2066 Mem-

420 2114 499 2172 mius
521 2111 587 2172 hee
608 2129 676 2171 eum
697 2112 893 2172 admonuisse
915 2113 1067 2189 putandus
1089 2117 1145 2173 est.

503 2237 528 2278 c.
552 2222 599 2278 35.
628 2219 855 2297 Iugurthamque.
877 2237 941 2297 pue,
968 2219 1050 2296 quod
1080 2221 1110 2279 in
1133 2219 1271 2279 omnibus
1292 2219 1382 2281 libris
1407 2224 1465 2296 est,
1498 2221 1630 2281 deleve-

421 2333 501 2402 runt,
523 2331 557 2386 ut
570 2325 630 2386 boc
652 2328 801 2386 orationis
820 2329 983 2386 membrum
1005 2327 1044 2386 ad
1066 2327 1219 2403 epodosin
1240 2327 1425 2387 traheretur.
1447 2329 1532 2404 quod
1550 2345 1629 2403 quo-

422 2433 512 2494 modo
534 2434 601 2492 lieri
622 2435 765 2510 potuerit,
788 2435 841 2492 vix
867 2433 979 2509 aliquis
1005 2433 1152 2506 inveniat,
1175 2435 1234 2492 nisi
1261 2437 1331 2492 ante
1353 2436 1449 2494 totius
1471 2435 1533 2494 loci
1556 2451 1629 2493 sen-

423 2558 489 2600 sum
520 2540 742 2602 obscuraverit.
776 2539 916 2613 Albinus,
943 2542 976 2598 ut
1002 2538 1077 2597 belli
1097 2538 1224 2614 gerendi
1247 2540 1335 2615 copia
1362 2543 1455 2615 esset,
1486 2541 1629 2600 Massivae

423 2647 613 2724 persuadere
637 2649 761 2725 cupivit,
783 2649 816 2707 ut
837 2665 962 2725 regnum
981 2647 1130 2708 Numidiae
1152 2667 1169 2707 a
1192 2651 1298 2706 senatu
1314 2652 1444 2725 peteret.
1477 2648 1573 2716 Quam
1589 2648 1628 2708 ad

423 2771 489 2814 rem
510 2755 699 2831 probandam
720 2755 769 2814 bis
790 2755 961 2815 rationibus
988 2773 1061 2815 usus
1083 2760 1138 2814 eet.
1184 2755 1350 2814 Massivam
1375 2772 1414 2814 ex
1441 2756 1542 2832 stirpe
1562 2757 1628 2814 lla-

425 2862 545 2920 sinissae
560 2864 668 2936 ortum,
684 2879 823 2938 magnam
839 2861 993 2936 lugnrtbae
1009 2877 1080 2920 esse
1094 2860 1254 2935 invidiam;
1274 2861 1363 2920 simul
1378 2862 1505 2921 eundem
1521 2863 1629 2936 timeri,

424 2985 483 3027 non
513 2967 595 3042 quod
619 2967 685 3026 eius
711 2966 805 3026 armis
831 2967 938 3026 resisti
965 2967 1053 3043 possi
1073 2965 1287 3043 diffiterentur,
1319 2967 1479 3041 sedquod
1502 2969 1628 3028 abelus

423 3076 545 3135 insidiis
567 3079 599 3135 et
619 3076 781 3152 largitione
805 3077 957 3134 timerent.
988 3093 1076 3150 quarn
1098 3076 1137 3134 ob
1159 3091 1223 3134 rem
1245 3077 1383 3134 senatum
1398 3074 1492 3134 sacile
1511 3075 1626 3153 impelli

424 3199 528 3260 posse,
551 3185 583 3244 ut
604 3183 634 3242 ei
654 3183 768 3242 bellum
791 3183 985 3241 indiceretur.
1017 3188 1090 3241 metu
1110 3182 1205 3259 igitur
1225 3169 1351 3258 passive
1375 3183 1518 3259 positum,
1547 3183 1627 3258 quod

426 3291 485 3348 iam
506 3307 545 3348 ex
565 3291 784 3367 praepositione
804 3309 868 3349 eum
884 3289 996 3364 aliquis
1010 3290 1178 3364 collegerit,
1199 3289 1239 3348 ad
1259 3290 1338 3348 idem
1360 3291 1440 3349 enim
1456 3289 1626 3348 subiectum

424 3395 560 3456 invidiam
580 3398 613 3454 et
632 3401 735 3454 metram
756 3395 869 3455 referri
891 3411 1020 3454 neeesse
1043 3399 1100 3454 est
1125 3395 1246 3454 aceedit
1276 3395 1357 3471 qnod
1381 3394 1421 3454 ad
1450 3395 1528 3455 illud
1555 3411 1630 3454 oon·

426 3503 527 3563 silium
556 3504 747 3581 probandum
772 3503 850 3563 nibil
878 3502 984 3579 veluit,
1017 3504 1045 3563 si
1074 3503 1219 3581 Iugurtha
1245 3504 1312 3580 ipse
1341 3508 1422 3562 metu
1452 3504 1630 3580 angebatur.

426 3627 543 3670 ruooere
563 3629 648 3689 ᾳιιαηι
668 3628 821 3672 rotceeere
842 3617 937 3672 omnic
958 3612 1027 3672 Bas.
1049 3612 1118 3672 Par.
1140 3611 1205 3671 Ein.
1225 3612 1294 3671 Tur.
1315 3615 1424 3670 moceri
1446 3612 1539 3688 longe
1562 3613 1631 3689 plu·

425 3721 503 3781 rimi.
534 3726 666 3783 activum
688 3724 862 3783 reiecerunt
887 3728 1015 3800 propter
1036 3723 1231 3782 insolentiam
1260 3727 1439 3797 structurae;
1470 3719 1527 3781 sed
1548 3725 1631 3779 recte

427 3827 481 3886 alii
501 3827 664 3888 laudarunt
684 3827 706 3887 1.
730 3830 776 3887 lt.
802 3832 829 3888 ei
850 3833 954 3903 omnio,
979 3847 1043 3906 qum
1070 3831 1225 3888 catamiti
1245 3833 1356 3886 eutem
1377 3829 1556 3886 necessariis
1578 3825 1632 3884 od-

427 3934 620 4010 corrosorio
640 3941 713 3992 scot.
737 3936 784 3994 31.
806 3933 883 4011 quod
906 3937 999 4010 mepte
1027 3951 1079 3993 ooo
1102 3935 1211 4011 secisse
1231 3949 1315 4010 puero
1338 3932 1396 3991 illie
1422 3932 1565 3991 cecidisse
1585 3937 1632 3990 in-

427 4039 542 4116 dipnum
571 4047 620 4100 ert.
648 4058 713 4115 qnae
742 4040 895 4116 quomodo
922 4042 960 4100 ab
981 4041 1042 4100 boe
1064 4041 1134 4100 loco
1155 4039 1308 4114 differant,
1337 4039 1477 4114 equidem
1501 4039 1633 4099 nondum

428 4149 606 4226 intelligere
626 4151 720 4226 potui.
743 4168 810 4209 nam
832 4150 971 4209 omnibns
992 4149 1042 4208 bis
1064 4149 1141 4208 locis
1163 4149 1243 4208 idem
1264 4145 1445 4208 vocabulum
1467 4149 1500 4205 et
1518 4147 1633 4206 obiecti

429 4259 461 4315 et
482 4255 612 4315 subiecti
634 4257 695 4315 vim
716 4257 819 4316 habet.
852 4255 959 4332 ltaque
980 4273 1018 4314 ne
1040 4271 1170 4315 necesse
1191 4254 1312 4329 quidem
1334 4255 1401 4328 fuit,
1428 4259 1460 4313 ut
1481 4254 1545 4312 elia
1564 4255 1632 4313 loca

429 4361 621 4422 adderentur.
644 4361 699 4422 el'r.
721 4361 796 4422 Caes.
816 4362 849 4423 B.
872 4363 935 4422 (liv.
958 4383 977 4422 r.
998 4365 1045 4422 er.
1076 4362 1135 4422 boc
1163 4362 1238 4420 inito
1266 4359 1396 4420 consilio
1421 4367 1486 4421 toto
1510 4361 1632 4419 durnine

429 4466 522 4527 lbero
544 4469 633 4526 navis
654 4469 838 4542 conquirere
863 4475 894 4528 et
916 4468 1098 4546 Octogesam
1119 4467 1230 4527 adduci
1252 4467 1368 4541 iubent;
1396 4485 1426 4524 n.
1449 4467 1498 4524 21.
1520 4471 1633 4542 quiante

430 4573 496 4633 baeo
517 4573 711 4635 dissimulare
726 4577 758 4635 ot
772 4577 927 4636 occultare
949 4594 1037 4651 quarn
1058 4593 1115 4653 per
1136 4593 1192 4634 nos
1213 4574 1385 4634 confirmari
1405 4578 1543 4650 praestat.
1570 4573 1633 4632 Ile-

430 4680 521 4756 nique
549 4683 588 4742 ed
619 4683 714 4759 ipsius
741 4683 876 4743 consulis
906 4683 1048 4743 ardorem
1075 4687 1108 4742 et
1131 4682 1222 4741 animi
1247 4681 1393 4758 impetum
1415 4681 1632 4740 declarandum
