<?xml version="1.0" encoding="UTF-8"?>
<!DOCTYPE html PUBLIC "-//W3C//DTD XHTML 1.0 Transitional//EN"
    "http://www.w3.org/TR/xhtml1/DTD/xhtml1-transitional.dtd">
<html xmlns="http://www.w3.org/1999/xhtml" xml:lang="en" lang="en">
 <head>
  <title>
</title>
<meta http-equiv="Content-Type" content="text/html;charset=utf-8" />
  <meta name='ocr-system' content='tesseract 3.04.00' />
  <meta name='ocr-capabilities' content='ocr_page ocr_carea ocr_par ocr_line ocrx_word'/>
</head>
<body>
  <div class='ocr_page' id='page_1' title='image "./gaisalustiicris00rothgoog_0149.png"; bbox 0 0 3582 5594; ppageno 0'>
   <div class='ocr_carea' id='block_1_1' title="bbox 472 639 541 708">
    <p class='ocr_par' dir='ltr' id='par_1_1' title="bbox 472 639 541 708">
     <span class='ocr_line' id='line_1_1' title="bbox 472 639 541 708; baseline -0.029 0"><span class='ocrx_word' id='word_1_1' title='bbox 472 639 541 708; x_wconf 76' lang='lat' dir='ltr'><strong>tls</strong></span> 
     </span>
    </p>
   </div>
   <div class='ocr_carea' id='block_1_2' title="bbox 466 839 1682 4784">
    <p class='ocr_par' dir='ltr' id='par_1_2' title="bbox 466 839 1682 4784">
     <span class='ocr_line' id='line_1_2' title="bbox 466 839 1660 934; baseline -0.002 -24"><span class='ocrx_word' id='word_1_2' title='bbox 466 843 562 911; x_wconf 89' lang='lat' dir='ltr'><strong>tertia</strong></span> <span class='ocrx_word' id='word_1_3' title='bbox 580 841 681 912; x_wconf 89' lang='lat' dir='ltr'><strong>multo</strong></span> <span class='ocrx_word' id='word_1_4' title='bbox 698 851 774 912; x_wconf 87' lang='lat' dir='ltr'><strong>ante</strong></span> <span class='ocrx_word' id='word_1_5' title='bbox 792 841 875 911; x_wconf 90' lang='lat' dir='ltr'><strong>lucis</strong></span> <span class='ocrx_word' id='word_1_6' title='bbox 899 841 1077 911; x_wconf 82' lang='lat' dir='ltr'><strong>adveutum</strong></span> <span class='ocrx_word' id='word_1_7' title='bbox 1095 841 1245 934; x_wconf 79' lang='lat' dir='ltr'><strong>pervenit</strong></span> <span class='ocrx_word' id='word_1_8' title='bbox 1264 841 1299 911; x_wconf 93' lang='lat' dir='ltr'><strong>in</strong></span> <span class='ocrx_word' id='word_1_9' title='bbox 1322 840 1432 911; x_wconf 91' lang='lat' dir='ltr'><strong>locum</strong></span> <span class='ocrx_word' id='word_1_10' title='bbox 1453 839 1660 917; x_wconf 85' lang='lat' dir='ltr'><strong>tumulosum,</strong></span> 
     </span>
     <span class='ocr_line' id='line_1_3' title="bbox 468 962 1661 1058; baseline -0.003 -24"><span class='ocrx_word' id='word_1_11' title='bbox 468 965 510 1034; x_wconf 90' lang='lat' dir='ltr'><strong>ab</strong></span> <span class='ocrx_word' id='word_1_12' title='bbox 537 963 643 1056; x_wconf 84' lang='lat' dir='ltr'><strong>Capsa</strong></span> <span class='ocrx_word' id='word_1_13' title='bbox 668 987 733 1033; x_wconf 95' lang='lat' dir='ltr'><strong>non</strong></span> <span class='ocrx_word' id='word_1_14' title='bbox 759 963 902 1056; x_wconf 91' lang='lat' dir='ltr'><strong>amplius</strong></span> <span class='ocrx_word' id='word_1_15' title='bbox 929 962 1030 1034; x_wconf 94' lang='lat' dir='ltr'><strong>duum</strong></span> <span class='ocrx_word' id='word_1_16' title='bbox 1056 964 1186 1034; x_wconf 94' lang='lat' dir='ltr'><strong>milium</strong></span> <span class='ocrx_word' id='word_1_17' title='bbox 1212 963 1385 1035; x_wconf 80' lang='lat' dir='ltr'><strong>intervallo</strong></span> <span class='ocrx_word' id='word_1_18' title='bbox 1410 962 1534 1058; x_wconf 83' lang='lat' dir='ltr'><strong>ibique,</strong></span> <span class='ocrx_word' id='word_1_19' title='bbox 1566 985 1661 1054; x_wconf 89' lang='lat' dir='ltr'><strong>quam</strong></span> 
     </span>
     <span class='ocr_line' id='line_1_4' title="bbox 467 1085 1663 1180; baseline -0.003 -24"><span class='ocrx_word' id='word_1_20' title='bbox 467 1087 698 1157; x_wconf 78' lang='lat' dir='ltr'><strong>occultissume</strong></span> <span class='ocrx_word' id='word_1_21' title='bbox 723 1099 838 1180; x_wconf 90' lang='lat' dir='ltr'><strong>potest,</strong></span> <span class='ocrx_word' id='word_1_22' title='bbox 873 1110 949 1158; x_wconf 91' lang='lat' dir='ltr'><strong>cum</strong></span> <span class='ocrx_word' id='word_1_23' title='bbox 979 1086 1132 1157; x_wconf 89' lang='lat' dir='ltr'><strong>omnibus</strong></span> <span class='ocrx_word' id='word_1_24' title='bbox 1162 1087 1265 1180; x_wconf 91' lang='lat' dir='ltr'><strong>copiis</strong></span> <span class='ocrx_word' id='word_1_25' title='bbox 1289 1087 1469 1179; x_wconf 89' lang='lat' dir='ltr'><strong>opperitur.</strong></span> <span class='ocrx_word' id='word_1_26' title='bbox 1519 1085 1586 1154; x_wconf 87' lang='lat' dir='ltr'><strong>Sed</strong></span> <span class='ocrx_word' id='word_1_27' title='bbox 1612 1085 1663 1154; x_wconf 92' lang='lat' dir='ltr'><strong>ubi</strong></span> 
     </span>
     <span class='ocr_line' id='line_1_5' title="bbox 469 1208 1664 1301; baseline 0 -23"><span class='ocrx_word' id='word_1_28' title='bbox 469 1209 539 1279; x_wconf 89' lang='lat' dir='ltr'><strong>dics</strong></span> <span class='ocrx_word' id='word_1_29' title='bbox 565 1209 723 1300; x_wconf 79' lang='lat' dir='ltr'><strong>crepitet</strong></span> <span class='ocrx_word' id='word_1_30' title='bbox 748 1210 911 1293; x_wconf 81' lang='lat' dir='ltr'><strong>Numidae,</strong></span> <span class='ocrx_word' id='word_1_31' title='bbox 946 1209 1031 1280; x_wconf 91' lang='lat' dir='ltr'><strong>nibil</strong></span> <span class='ocrx_word' id='word_1_32' title='bbox 1058 1208 1176 1279; x_wconf 89' lang='lat' dir='ltr'><strong>hostile</strong></span> <span class='ocrx_word' id='word_1_33' title='bbox 1201 1218 1393 1289; x_wconf 74' lang='lat' dir='ltr'><strong>metuentes,</strong></span> <span class='ocrx_word' id='word_1_34' title='bbox 1424 1208 1520 1278; x_wconf 92' lang='lat' dir='ltr'><strong>multi</strong></span> <span class='ocrx_word' id='word_1_35' title='bbox 1545 1209 1664 1301; x_wconf 91' lang='lat' dir='ltr'><strong>oppido</strong></span> 
     </span>
     <span class='ocr_line' id='line_1_6' title="bbox 469 1333 1665 1428; baseline 0.001 -26"><span class='ocrx_word' id='word_1_36' title='bbox 469 1334 605 1425; x_wconf 83' lang='lat' dir='ltr'><strong>egressi,</strong></span> <span class='ocrx_word' id='word_1_37' title='bbox 642 1345 777 1428; x_wconf 89' lang='lat' dir='ltr'><strong>repente</strong></span> <span class='ocrx_word' id='word_1_38' title='bbox 806 1358 939 1406; x_wconf 93' lang='lat' dir='ltr'><strong>omnem</strong></span> <span class='ocrx_word' id='word_1_39' title='bbox 970 1335 1154 1428; x_wconf 82' lang='lat' dir='ltr'><strong>equitatum</strong></span> <span class='ocrx_word' id='word_1_40' title='bbox 1186 1343 1218 1404; x_wconf 90' lang='lat' dir='ltr'><strong>et</strong></span> <span class='ocrx_word' id='word_1_41' title='bbox 1247 1357 1324 1404; x_wconf 94' lang='lat' dir='ltr'><strong>cum</strong></span> <span class='ocrx_word' id='word_1_42' title='bbox 1353 1333 1405 1405; x_wconf 92' lang='lat' dir='ltr'><strong>bis</strong></span> <span class='ocrx_word' id='word_1_43' title='bbox 1434 1335 1665 1405; x_wconf 82' lang='lat' dir='ltr'><strong>velocissumos</strong></span> 
     </span>
     <span class='ocr_line' id='line_1_7' title="bbox 469 1459 1665 1552; baseline 0 -25"><span class='ocrx_word' id='word_1_44' title='bbox 469 1459 594 1551; x_wconf 87' lang='lat' dir='ltr'><strong>pedites</strong></span> <span class='ocrx_word' id='word_1_45' title='bbox 628 1481 726 1528; x_wconf 87' lang='lat' dir='ltr'><strong>cursu</strong></span> <span class='ocrx_word' id='word_1_46' title='bbox 759 1460 896 1531; x_wconf 90' lang='lat' dir='ltr'><strong>tendere</strong></span> <span class='ocrx_word' id='word_1_47' title='bbox 930 1460 971 1530; x_wconf 93' lang='lat' dir='ltr'><strong>ad</strong></span> <span class='ocrx_word' id='word_1_48' title='bbox 998 1459 1138 1552; x_wconf 86' lang='lat' dir='ltr'><strong>Capsam</strong></span> <span class='ocrx_word' id='word_1_49' title='bbox 1171 1468 1204 1529; x_wconf 90' lang='lat' dir='ltr'><strong>et</strong></span> <span class='ocrx_word' id='word_1_50' title='bbox 1232 1471 1343 1552; x_wconf 90' lang='lat' dir='ltr'><strong>portas</strong></span> <span class='ocrx_word' id='word_1_51' title='bbox 1374 1459 1526 1529; x_wconf 86' lang='lat' dir='ltr'><strong>obsidere</strong></span> <span class='ocrx_word' id='word_1_52' title='bbox 1557 1459 1665 1537; x_wconf 76' lang='lat' dir='ltr'><strong>iubet:</strong></span> 
     </span>
     <span class='ocr_line' id='line_1_8' title="bbox 469 1580 1669 1676; baseline 0 -26"><span class='ocrx_word' id='word_1_53' title='bbox 469 1580 588 1650; x_wconf 87' lang='lat' dir='ltr'><strong>deiude</strong></span> <span class='ocrx_word' id='word_1_54' title='bbox 615 1581 686 1673; x_wconf 91' lang='lat' dir='ltr'><strong>ipse</strong></span> <span class='ocrx_word' id='word_1_55' title='bbox 712 1582 853 1654; x_wconf 89' lang='lat' dir='ltr'><strong>intentus</strong></span> <span class='ocrx_word' id='word_1_56' title='bbox 877 1605 1017 1676; x_wconf 83' lang='lat' dir='ltr'><strong>propere</strong></span> <span class='ocrx_word' id='word_1_57' title='bbox 1043 1582 1148 1676; x_wconf 91' lang='lat' dir='ltr'><strong>sequi,</strong></span> <span class='ocrx_word' id='word_1_58' title='bbox 1175 1605 1284 1674; x_wconf 89' lang='lat' dir='ltr'><strong>neque</strong></span> <span class='ocrx_word' id='word_1_59' title='bbox 1310 1581 1431 1651; x_wconf 89' lang='lat' dir='ltr'><strong>milites</strong></span> <span class='ocrx_word' id='word_1_60' title='bbox 1456 1582 1595 1675; x_wconf 77' lang='lat' dir='ltr'><strong>praedari</strong></span> <span class='ocrx_word' id='word_1_61' title='bbox 1623 1582 1669 1651; x_wconf 90' lang='lat' dir='ltr'><strong>si-</strong></span> 
     </span>
     <span class='ocr_line' id='line_1_9' title="bbox 468 1703 1668 1799; baseline 0 -25"><span class='ocrx_word' id='word_1_62' title='bbox 468 1727 560 1774; x_wconf 88' lang='lat' dir='ltr'><strong>nere.</strong></span> <span class='ocrx_word' id='word_1_63' title='bbox 604 1705 687 1788; x_wconf 82' lang='lat' dir='ltr'><strong>Quae</strong></span> <span class='ocrx_word' id='word_1_64' title='bbox 712 1717 887 1798; x_wconf 88' lang='lat' dir='ltr'><strong>postquam</strong></span> <span class='ocrx_word' id='word_1_65' title='bbox 912 1705 1068 1799; x_wconf 76' lang='lat' dir='ltr'><strong>oppidani</strong></span> <span class='ocrx_word' id='word_1_66' title='bbox 1095 1726 1291 1797; x_wconf 81' lang='lat' dir='ltr'><strong>cognovere,</strong></span> <span class='ocrx_word' id='word_1_67' title='bbox 1318 1727 1370 1774; x_wconf 90' lang='lat' dir='ltr'><strong>res</strong></span> <span class='ocrx_word' id='word_1_68' title='bbox 1389 1703 1535 1797; x_wconf 83' lang='lat' dir='ltr'><strong>trepidae,</strong></span> <span class='ocrx_word' id='word_1_69' title='bbox 1563 1717 1668 1774; x_wconf 90' lang='lat' dir='ltr'><strong>metus</strong></span> 
     </span>
     <span class='ocr_line' id='line_1_10' title="bbox 468 1831 1668 1927; baseline -0.003 -26"><span class='ocrx_word' id='word_1_70' title='bbox 468 1832 601 1922; x_wconf 88' lang='lat' dir='ltr'><strong>ingens,</strong></span> <span class='ocrx_word' id='word_1_71' title='bbox 627 1832 750 1902; x_wconf 92' lang='lat' dir='ltr'><strong>malum</strong></span> <span class='ocrx_word' id='word_1_72' title='bbox 779 1832 993 1927; x_wconf 85' lang='lat' dir='ltr'><strong>inprovisum,</strong></span> <span class='ocrx_word' id='word_1_73' title='bbox 1025 1833 1066 1904; x_wconf 88' lang='lat' dir='ltr'><strong>ad</strong></span> <span class='ocrx_word' id='word_1_74' title='bbox 1092 1831 1156 1903; x_wconf 90' lang='lat' dir='ltr'><strong>hoc</strong></span> <span class='ocrx_word' id='word_1_75' title='bbox 1180 1855 1255 1926; x_wconf 92' lang='lat' dir='ltr'><strong>pars</strong></span> <span class='ocrx_word' id='word_1_76' title='bbox 1281 1831 1403 1903; x_wconf 84' lang='lat' dir='ltr'><strong>civium</strong></span> <span class='ocrx_word' id='word_1_77' title='bbox 1428 1843 1522 1901; x_wconf 85' lang='lat' dir='ltr'><strong>extra</strong></span> <span class='ocrx_word' id='word_1_78' title='bbox 1548 1831 1668 1899; x_wconf 76' lang='lat' dir='ltr'><strong>moenia</strong></span> 
     </span>
     <span class='ocr_line' id='line_1_11' title="bbox 468 1955 1668 2048; baseline -0.001 -24"><span class='ocrx_word' id='word_1_79' title='bbox 468 1955 503 2024; x_wconf 88' lang='lat' dir='ltr'><strong>in</strong></span> <span class='ocrx_word' id='word_1_80' title='bbox 522 1955 664 2025; x_wconf 91' lang='lat' dir='ltr'><strong>bostium</strong></span> <span class='ocrx_word' id='word_1_81' title='bbox 681 1965 841 2048; x_wconf 81' lang='lat' dir='ltr'><strong>potestate</strong></span> <span class='ocrx_word' id='word_1_82' title='bbox 858 1979 1009 2048; x_wconf 84' lang='lat' dir='ltr'><strong>coegere,</strong></span> <span class='ocrx_word' id='word_1_83' title='bbox 1033 1958 1079 2028; x_wconf 91' lang='lat' dir='ltr'><strong>uti</strong></span> <span class='ocrx_word' id='word_1_84' title='bbox 1097 1957 1299 2027; x_wconf 92' lang='lat' dir='ltr'><strong>deditionem</strong></span> <span class='ocrx_word' id='word_1_85' title='bbox 1317 1958 1472 2028; x_wconf 88' lang='lat' dir='ltr'><strong>lacerent.</strong></span> <span class='ocrx_word' id='word_1_86' title='bbox 1514 1955 1668 2025; x_wconf 82' lang='lat' dir='ltr'><strong>Ceterum</strong></span> 
     </span>
     <span class='ocr_line' id='line_1_12' title="bbox 468 2079 1669 2178; baseline 0 -30"><span class='ocrx_word' id='word_1_87' title='bbox 468 2079 628 2172; x_wconf 91' lang='lat' dir='ltr'><strong>oppidum</strong></span> <span class='ocrx_word' id='word_1_88' title='bbox 653 2082 836 2165; x_wconf 88' lang='lat' dir='ltr'><strong>incensum,</strong></span> <span class='ocrx_word' id='word_1_89' title='bbox 863 2084 1014 2154; x_wconf 84' lang='lat' dir='ltr'><strong>Numidae</strong></span> <span class='ocrx_word' id='word_1_90' title='bbox 1039 2085 1184 2178; x_wconf 84' lang='lat' dir='ltr'><strong>puberes</strong></span> <span class='ocrx_word' id='word_1_91' title='bbox 1203 2083 1376 2164; x_wconf 86' lang='lat' dir='ltr'><strong>interlecti,</strong></span> <span class='ocrx_word' id='word_1_92' title='bbox 1402 2082 1461 2152; x_wconf 91' lang='lat' dir='ltr'><strong>alii</strong></span> <span class='ocrx_word' id='word_1_93' title='bbox 1478 2102 1591 2150; x_wconf 90' lang='lat' dir='ltr'><strong>omnes</strong></span> <span class='ocrx_word' id='word_1_94' title='bbox 1611 2103 1669 2148; x_wconf 90' lang='lat' dir='ltr'><strong>vc-</strong></span> 
     </span>
     <span class='ocr_line' id='line_1_13' title="bbox 469 2203 1669 2297; baseline 0.001 -25"><span class='ocrx_word' id='word_1_95' title='bbox 469 2225 548 2274; x_wconf 94' lang='lat' dir='ltr'><strong>num</strong></span> <span class='ocrx_word' id='word_1_96' title='bbox 575 2203 653 2284; x_wconf 91' lang='lat' dir='ltr'><strong>dati,</strong></span> <span class='ocrx_word' id='word_1_97' title='bbox 679 2205 789 2297; x_wconf 74' lang='lat' dir='ltr'><strong>praeda</strong></span> <span class='ocrx_word' id='word_1_98' title='bbox 815 2206 975 2278; x_wconf 90' lang='lat' dir='ltr'><strong>militibus</strong></span> <span class='ocrx_word' id='word_1_99' title='bbox 1000 2208 1114 2278; x_wconf 90' lang='lat' dir='ltr'><strong>divisa.</strong></span> <span class='ocrx_word' id='word_1_100' title='bbox 1159 2207 1196 2277; x_wconf 97' lang='lat' dir='ltr'><strong>ld</strong></span> <span class='ocrx_word' id='word_1_101' title='bbox 1222 2208 1348 2278; x_wconf 88' lang='lat' dir='ltr'><strong>lacinus</strong></span> <span class='ocrx_word' id='word_1_102' title='bbox 1374 2218 1489 2277; x_wconf 91' lang='lat' dir='ltr'><strong>contra</strong></span> <span class='ocrx_word' id='word_1_103' title='bbox 1515 2207 1564 2276; x_wconf 92' lang='lat' dir='ltr'><strong>ius</strong></span> <span class='ocrx_word' id='word_1_104' title='bbox 1588 2205 1669 2275; x_wconf 91' lang='lat' dir='ltr'><strong>belli</strong></span> 
     </span>
     <span class='ocr_line' id='line_1_14' title="bbox 467 2327 1670 2424; baseline 0.002 -29"><span class='ocrx_word' id='word_1_105' title='bbox 467 2348 534 2395; x_wconf 94' lang='lat' dir='ltr'><strong>non</strong></span> <span class='ocrx_word' id='word_1_106' title='bbox 558 2327 693 2396; x_wconf 88' lang='lat' dir='ltr'><strong>avaritia</strong></span> <span class='ocrx_word' id='word_1_107' title='bbox 718 2352 828 2422; x_wconf 91' lang='lat' dir='ltr'><strong>neque</strong></span> <span class='ocrx_word' id='word_1_108' title='bbox 854 2333 978 2402; x_wconf 93' lang='lat' dir='ltr'><strong>scelere</strong></span> <span class='ocrx_word' id='word_1_109' title='bbox 1003 2334 1148 2403; x_wconf 89' lang='lat' dir='ltr'><strong>consulis</strong></span> <span class='ocrx_word' id='word_1_110' title='bbox 1174 2332 1369 2411; x_wconf 73' lang='lat' dir='ltr'><strong>admissum:</strong></span> <span class='ocrx_word' id='word_1_111' title='bbox 1397 2331 1454 2401; x_wconf 90' lang='lat' dir='ltr'><strong>sed</strong></span> <span class='ocrx_word' id='word_1_112' title='bbox 1478 2331 1556 2424; x_wconf 93' lang='lat' dir='ltr'><strong>quia</strong></span> <span class='ocrx_word' id='word_1_113' title='bbox 1578 2331 1670 2400; x_wconf 91' lang='lat' dir='ltr'><strong>locus</strong></span> 
     </span>
     <span class='ocr_line' id='line_1_15' title="bbox 468 2450 1672 2549; baseline 0.003 -31"><span class='ocrx_word' id='word_1_114' title='bbox 468 2450 638 2538; x_wconf 80' lang='lat' dir='ltr'><strong>Iugurthae</strong></span> <span class='ocrx_word' id='word_1_115' title='bbox 661 2465 854 2544; x_wconf 90' lang='lat' dir='ltr'><strong>oportunus,</strong></span> <span class='ocrx_word' id='word_1_116' title='bbox 882 2455 977 2526; x_wconf 91' lang='lat' dir='ltr'><strong>nobis</strong></span> <span class='ocrx_word' id='word_1_117' title='bbox 994 2457 1084 2527; x_wconf 90' lang='lat' dir='ltr'><strong>aditu</strong></span> <span class='ocrx_word' id='word_1_118' title='bbox 1102 2457 1259 2537; x_wconf 85' lang='lat' dir='ltr'><strong>difficilis,</strong></span> <span class='ocrx_word' id='word_1_119' title='bbox 1285 2478 1391 2549; x_wconf 85' lang='lat' dir='ltr'><strong>genus</strong></span> <span class='ocrx_word' id='word_1_120' title='bbox 1409 2455 1581 2526; x_wconf 92' lang='lat' dir='ltr'><strong>bominum</strong></span> <span class='ocrx_word' id='word_1_121' title='bbox 1594 2477 1672 2522; x_wconf 90' lang='lat' dir='ltr'><strong>mo·</strong></span> 
     </span>
     <span class='ocr_line' id='line_1_16' title="bbox 468 2570 1620 2672; baseline 0.004 -31"><span class='ocrx_word' id='word_1_122' title='bbox 468 2570 547 2655; x_wconf 91' lang='lat' dir='ltr'><strong>bile,</strong></span> <span class='ocrx_word' id='word_1_123' title='bbox 575 2574 713 2646; x_wconf 92' lang='lat' dir='ltr'><strong>inlidnm</strong></span> <span class='ocrx_word' id='word_1_124' title='bbox 739 2590 826 2658; x_wconf 90' lang='lat' dir='ltr'><strong>ante,</strong></span> <span class='ocrx_word' id='word_1_125' title='bbox 852 2601 961 2670; x_wconf 89' lang='lat' dir='ltr'><strong>neque</strong></span> <span class='ocrx_word' id='word_1_126' title='bbox 987 2580 1149 2652; x_wconf 85' lang='lat' dir='ltr'><strong>beneficio</strong></span> <span class='ocrx_word' id='word_1_127' title='bbox 1176 2605 1283 2672; x_wconf 91' lang='lat' dir='ltr'><strong>neque</strong></span> <span class='ocrx_word' id='word_1_128' title='bbox 1310 2591 1399 2651; x_wconf 89' lang='lat' dir='ltr'><strong>metu</strong></span> <span class='ocrx_word' id='word_1_129' title='bbox 1426 2579 1620 2650; x_wconf 92' lang='lat' dir='ltr'><strong>coercitum.</strong></span> 
     </span>
     <span class='ocr_line' id='line_1_17' title="bbox 543 2702 1672 2799; baseline 0.003 -34"><span class='ocrx_word' id='word_1_130' title='bbox 543 2719 697 2769; x_wconf 78' lang='lat' dir='ltr'><strong>cxxxxii.</strong></span> <span class='ocrx_word' id='word_1_131' title='bbox 750 2703 926 2797; x_wconf 85' lang='lat' dir='ltr'><strong>Postquam</strong></span> <span class='ocrx_word' id='word_1_132' title='bbox 952 2713 1075 2775; x_wconf 72' lang='lat' dir='ltr'><strong>tanum</strong></span> <span class='ocrx_word' id='word_1_133' title='bbox 1100 2729 1172 2776; x_wconf 86' lang='lat' dir='ltr'><strong>rem</strong></span> <span class='ocrx_word' id='word_1_134' title='bbox 1196 2707 1327 2799; x_wconf 84' lang='lat' dir='ltr'><strong>peregit</strong></span> <span class='ocrx_word' id='word_1_135' title='bbox 1352 2705 1476 2775; x_wconf 80' lang='lat' dir='ltr'><strong>blasius</strong></span> <span class='ocrx_word' id='word_1_136' title='bbox 1502 2703 1572 2772; x_wconf 90' lang='lat' dir='ltr'><strong>sine</strong></span> <span class='ocrx_word' id='word_1_137' title='bbox 1600 2702 1672 2770; x_wconf 92' lang='lat' dir='ltr'><strong>ullo</strong></span> 
     </span>
     <span class='ocr_line' id='line_1_18' title="bbox 468 2823 1673 2920; baseline 0.004 -31"><span class='ocrx_word' id='word_1_138' title='bbox 468 2843 602 2890; x_wconf 89' lang='lat' dir='ltr'><strong>suorum</strong></span> <span class='ocrx_word' id='word_1_139' title='bbox 627 2823 846 2908; x_wconf 91' lang='lat' dir='ltr'><strong>incommodo,</strong></span> <span class='ocrx_word' id='word_1_140' title='bbox 873 2850 1013 2920; x_wconf 89' lang='lat' dir='ltr'><strong>magnus</strong></span> <span class='ocrx_word' id='word_1_141' title='bbox 1039 2838 1070 2898; x_wconf 90' lang='lat' dir='ltr'><strong>et</strong></span> <span class='ocrx_word' id='word_1_142' title='bbox 1088 2831 1198 2900; x_wconf 88' lang='lat' dir='ltr'><strong>clarus</strong></span> <span class='ocrx_word' id='word_1_143' title='bbox 1216 2842 1322 2912; x_wconf 89' lang='lat' dir='ltr'><strong>antea,</strong></span> <span class='ocrx_word' id='word_1_144' title='bbox 1352 2829 1458 2898; x_wconf 90' lang='lat' dir='ltr'><strong>maior</strong></span> <span class='ocrx_word' id='word_1_145' title='bbox 1476 2838 1574 2918; x_wconf 90' lang='lat' dir='ltr'><strong>atque</strong></span> <span class='ocrx_word' id='word_1_146' title='bbox 1601 2827 1673 2894; x_wconf 89' lang='lat' dir='ltr'><strong>cla·</strong></span> 
     </span>
     <span class='ocr_line' id='line_1_19' title="bbox 468 2943 1673 3042; baseline 0.002 -27"><span class='ocrx_word' id='word_1_147' title='bbox 468 2945 536 3015; x_wconf 89' lang='lat' dir='ltr'><strong>rior</strong></span> <span class='ocrx_word' id='word_1_148' title='bbox 571 2943 689 3018; x_wconf 81' lang='lat' dir='ltr'><strong>baberi</strong></span> <span class='ocrx_word' id='word_1_149' title='bbox 723 2951 834 3042; x_wconf 77' lang='lat' dir='ltr'><strong>coepit.</strong></span> <span class='ocrx_word' id='word_1_150' title='bbox 889 2952 1012 3023; x_wconf 87' lang='lat' dir='ltr'><strong>Omnia</strong></span> <span class='ocrx_word' id='word_1_151' title='bbox 1045 2975 1111 3023; x_wconf 95' lang='lat' dir='ltr'><strong>non</strong></span> <span class='ocrx_word' id='word_1_152' title='bbox 1143 2954 1229 3023; x_wconf 90' lang='lat' dir='ltr'><strong>bene</strong></span> <span class='ocrx_word' id='word_1_153' title='bbox 1264 2953 1411 3022; x_wconf 89' lang='lat' dir='ltr'><strong>consulta</strong></span> <span class='ocrx_word' id='word_1_154' title='bbox 1446 2951 1479 3020; x_wconf 92' lang='lat' dir='ltr'><strong>in</strong></span> <span class='ocrx_word' id='word_1_155' title='bbox 1516 2951 1673 3019; x_wconf 83' lang='lat' dir='ltr'><strong>virtutem</strong></span> 
     </span>
     <span class='ocr_line' id='line_1_20' title="bbox 469 3068 1676 3170; baseline -0.001 -27"><span class='ocrx_word' id='word_1_156' title='bbox 469 3068 694 3155; x_wconf 78' lang='lat' dir='ltr'><strong>trahebantur,</strong></span> <span class='ocrx_word' id='word_1_157' title='bbox 721 3075 843 3144; x_wconf 88' lang='lat' dir='ltr'><strong>milites</strong></span> <span class='ocrx_word' id='word_1_158' title='bbox 868 3076 1016 3146; x_wconf 90' lang='lat' dir='ltr'><strong>modesto</strong></span> <span class='ocrx_word' id='word_1_159' title='bbox 1043 3078 1181 3170; x_wconf 85' lang='lat' dir='ltr'><strong>imperio</strong></span> <span class='ocrx_word' id='word_1_160' title='bbox 1208 3077 1311 3148; x_wconf 88' lang='lat' dir='ltr'><strong>babiti</strong></span> <span class='ocrx_word' id='word_1_161' title='bbox 1337 3077 1438 3146; x_wconf 91' lang='lat' dir='ltr'><strong>simul</strong></span> <span class='ocrx_word' id='word_1_162' title='bbox 1464 3087 1495 3144; x_wconf 92' lang='lat' dir='ltr'><strong>et</strong></span> <span class='ocrx_word' id='word_1_163' title='bbox 1521 3075 1676 3166; x_wconf 91' lang='lat' dir='ltr'><strong>locuple-</strong></span> 
     </span>
     <span class='ocr_line' id='line_1_21' title="bbox 469 3198 1673 3295; baseline -0.002 -27"><span class='ocrx_word' id='word_1_164' title='bbox 469 3211 519 3268; x_wconf 89' lang='lat' dir='ltr'><strong>tes</strong></span> <span class='ocrx_word' id='word_1_165' title='bbox 545 3199 586 3268; x_wconf 91' lang='lat' dir='ltr'><strong>ad</strong></span> <span class='ocrx_word' id='word_1_166' title='bbox 613 3198 731 3267; x_wconf 80' lang='lat' dir='ltr'><strong>caelum</strong></span> <span class='ocrx_word' id='word_1_167' title='bbox 760 3200 863 3281; x_wconf 84' lang='lat' dir='ltr'><strong>ferre;</strong></span> <span class='ocrx_word' id='word_1_168' title='bbox 899 3201 1052 3272; x_wconf 83' lang='lat' dir='ltr'><strong>Numidae</strong></span> <span class='ocrx_word' id='word_1_169' title='bbox 1077 3202 1182 3294; x_wconf 90' lang='lat' dir='ltr'><strong>magis</strong></span> <span class='ocrx_word' id='word_1_170' title='bbox 1209 3224 1308 3295; x_wconf 92' lang='lat' dir='ltr'><strong>quam</strong></span> <span class='ocrx_word' id='word_1_171' title='bbox 1335 3201 1509 3270; x_wconf 90' lang='lat' dir='ltr'><strong>mortalem</strong></span> <span class='ocrx_word' id='word_1_172' title='bbox 1534 3199 1673 3277; x_wconf 88' lang='lat' dir='ltr'><strong>timere;</strong></span> 
     </span>
     <span class='ocr_line' id='line_1_22' title="bbox 468 3323 1674 3417; baseline -0.001 -25"><span class='ocrx_word' id='word_1_173' title='bbox 468 3333 633 3417; x_wconf 89' lang='lat' dir='ltr'><strong>postremo</strong></span> <span class='ocrx_word' id='word_1_174' title='bbox 660 3345 774 3390; x_wconf 88' lang='lat' dir='ltr'><strong>omnes</strong></span> <span class='ocrx_word' id='word_1_175' title='bbox 800 3323 882 3393; x_wconf 90' lang='lat' dir='ltr'><strong>socii</strong></span> <span class='ocrx_word' id='word_1_176' title='bbox 907 3335 1006 3417; x_wconf 91' lang='lat' dir='ltr'><strong>atque</strong></span> <span class='ocrx_word' id='word_1_177' title='bbox 1032 3325 1141 3395; x_wconf 88' lang='lat' dir='ltr'><strong>hostes</strong></span> <span class='ocrx_word' id='word_1_178' title='bbox 1168 3325 1315 3407; x_wconf 89' lang='lat' dir='ltr'><strong>credere,</strong></span> <span class='ocrx_word' id='word_1_179' title='bbox 1355 3325 1404 3395; x_wconf 93' lang='lat' dir='ltr'><strong>illi</strong></span> <span class='ocrx_word' id='word_1_180' title='bbox 1438 3335 1496 3394; x_wconf 92' lang='lat' dir='ltr'><strong>aut</strong></span> <span class='ocrx_word' id='word_1_181' title='bbox 1526 3333 1674 3393; x_wconf 87' lang='lat' dir='ltr'><strong>mentem</strong></span> 
     </span>
     <span class='ocr_line' id='line_1_23' title="bbox 467 3447 1675 3544; baseline -0.002 -26"><span class='ocrx_word' id='word_1_182' title='bbox 467 3447 612 3518; x_wconf 83' lang='lat' dir='ltr'><strong>diuinam</strong></span> <span class='ocrx_word' id='word_1_183' title='bbox 639 3469 712 3517; x_wconf 89' lang='lat' dir='ltr'><strong>esse</strong></span> <span class='ocrx_word' id='word_1_184' title='bbox 738 3457 795 3518; x_wconf 88' lang='lat' dir='ltr'><strong>aut</strong></span> <span class='ocrx_word' id='word_1_185' title='bbox 819 3448 959 3519; x_wconf 92' lang='lat' dir='ltr'><strong>deorum</strong></span> <span class='ocrx_word' id='word_1_186' title='bbox 984 3461 1067 3520; x_wconf 88' lang='lat' dir='ltr'><strong>nutu</strong></span> <span class='ocrx_word' id='word_1_187' title='bbox 1093 3463 1210 3520; x_wconf 91' lang='lat' dir='ltr'><strong>cuncta</strong></span> <span class='ocrx_word' id='word_1_188' title='bbox 1243 3449 1406 3544; x_wconf 88' lang='lat' dir='ltr'><strong>portendi.</strong></span> <span class='ocrx_word' id='word_1_189' title='bbox 1450 3448 1514 3520; x_wconf 89' lang='lat' dir='ltr'><strong>Sed</strong></span> <span class='ocrx_word' id='word_1_190' title='bbox 1542 3447 1675 3524; x_wconf 83' lang='lat' dir='ltr'><strong>consul,</strong></span> 
     </span>
     <span class='ocr_line' id='line_1_24' title="bbox 468 3571 1677 3667; baseline -0.001 -25"><span class='ocrx_word' id='word_1_191' title='bbox 468 3571 555 3642; x_wconf 91' lang='lat' dir='ltr'><strong>bene</strong></span> <span class='ocrx_word' id='word_1_192' title='bbox 582 3593 622 3640; x_wconf 89' lang='lat' dir='ltr'><strong>ea</strong></span> <span class='ocrx_word' id='word_1_193' title='bbox 647 3593 700 3640; x_wconf 89' lang='lat' dir='ltr'><strong>res</strong></span> <span class='ocrx_word' id='word_1_194' title='bbox 727 3573 784 3642; x_wconf 90' lang='lat' dir='ltr'><strong>ubi</strong></span> <span class='ocrx_word' id='word_1_195' title='bbox 810 3573 930 3655; x_wconf 86' lang='lat' dir='ltr'><strong>evenit,</strong></span> <span class='ocrx_word' id='word_1_196' title='bbox 956 3573 998 3644; x_wconf 90' lang='lat' dir='ltr'><strong>ad</strong></span> <span class='ocrx_word' id='word_1_197' title='bbox 1025 3574 1091 3643; x_wconf 92' lang='lat' dir='ltr'><strong>alia</strong></span> <span class='ocrx_word' id='word_1_198' title='bbox 1117 3573 1237 3667; x_wconf 94' lang='lat' dir='ltr'><strong>oppida</strong></span> <span class='ocrx_word' id='word_1_199' title='bbox 1267 3575 1385 3666; x_wconf 89' lang='lat' dir='ltr'><strong>pergit,</strong></span> <span class='ocrx_word' id='word_1_200' title='bbox 1418 3597 1521 3667; x_wconf 89' lang='lat' dir='ltr'><strong>pauca</strong></span> <span class='ocrx_word' id='word_1_201' title='bbox 1547 3595 1677 3664; x_wconf 84' lang='lat' dir='ltr'><strong>repug-</strong></span> 
     </span>
     <span class='ocr_line' id='line_1_25' title="bbox 467 3695 1678 3792; baseline -0.001 -27"><span class='ocrx_word' id='word_1_202' title='bbox 467 3696 621 3766; x_wconf 86' lang='lat' dir='ltr'><strong>nantibus</strong></span> <span class='ocrx_word' id='word_1_203' title='bbox 641 3695 790 3765; x_wconf 90' lang='lat' dir='ltr'><strong>Numidis</strong></span> <span class='ocrx_word' id='word_1_204' title='bbox 807 3698 904 3789; x_wconf 89' lang='lat' dir='ltr'><strong>capit,</strong></span> <span class='ocrx_word' id='word_1_205' title='bbox 931 3697 1026 3789; x_wconf 94' lang='lat' dir='ltr'><strong>plura</strong></span> <span class='ocrx_word' id='word_1_206' title='bbox 1045 3697 1205 3769; x_wconf 91' lang='lat' dir='ltr'><strong>deserta</strong></span> <span class='ocrx_word' id='word_1_207' title='bbox 1223 3709 1355 3792; x_wconf 89' lang='lat' dir='ltr'><strong>propter</strong></span> <span class='ocrx_word' id='word_1_208' title='bbox 1372 3697 1588 3790; x_wconf 83' lang='lat' dir='ltr'><strong>Capsensium</strong></span> <span class='ocrx_word' id='word_1_209' title='bbox 1608 3697 1678 3765; x_wconf 92' lang='lat' dir='ltr'><strong>mi-</strong></span> 
     </span>
     <span class='ocr_line' id='line_1_26' title="bbox 468 3819 1676 3914; baseline 0 -24"><span class='ocrx_word' id='word_1_210' title='bbox 468 3820 571 3890; x_wconf 89' lang='lat' dir='ltr'><strong>serias</strong></span> <span class='ocrx_word' id='word_1_211' title='bbox 607 3819 675 3910; x_wconf 90' lang='lat' dir='ltr'><strong>igni</strong></span> <span class='ocrx_word' id='word_1_212' title='bbox 709 3822 908 3912; x_wconf 90' lang='lat' dir='ltr'><strong>corrumpit;</strong></span> <span class='ocrx_word' id='word_1_213' title='bbox 942 3822 1031 3892; x_wconf 90' lang='lat' dir='ltr'><strong>luctu</strong></span> <span class='ocrx_word' id='word_1_214' title='bbox 1067 3834 1166 3914; x_wconf 91' lang='lat' dir='ltr'><strong>atque</strong></span> <span class='ocrx_word' id='word_1_215' title='bbox 1199 3822 1288 3892; x_wconf 78' lang='lat' dir='ltr'><strong>caede</strong></span> <span class='ocrx_word' id='word_1_216' title='bbox 1314 3821 1425 3892; x_wconf 88' lang='lat' dir='ltr'><strong>omnia</strong></span> <span class='ocrx_word' id='word_1_217' title='bbox 1451 3821 1676 3913; x_wconf 88' lang='lat' dir='ltr'><strong>complentur.</strong></span> 
     </span>
     <span class='ocr_line' id='line_1_27' title="bbox 466 3943 1677 4041; baseline 0 -27"><span class='ocrx_word' id='word_1_218' title='bbox 466 3943 622 4034; x_wconf 88' lang='lat' dir='ltr'><strong>Denique</strong></span> <span class='ocrx_word' id='word_1_219' title='bbox 649 3943 759 4012; x_wconf 90' lang='lat' dir='ltr'><strong>multis</strong></span> <span class='ocrx_word' id='word_1_220' title='bbox 787 3943 866 4013; x_wconf 86' lang='lat' dir='ltr'><strong>locis</strong></span> <span class='ocrx_word' id='word_1_221' title='bbox 892 3945 1022 4037; x_wconf 90' lang='lat' dir='ltr'><strong>potitus,</strong></span> <span class='ocrx_word' id='word_1_222' title='bbox 1054 3969 1092 4016; x_wconf 88' lang='lat' dir='ltr'><strong>ac</strong></span> <span class='ocrx_word' id='word_1_223' title='bbox 1118 3948 1285 4041; x_wconf 89' lang='lat' dir='ltr'><strong>plerisque</strong></span> <span class='ocrx_word' id='word_1_224' title='bbox 1311 3947 1458 4016; x_wconf 84' lang='lat' dir='ltr'><strong>exercitu</strong></span> <span class='ocrx_word' id='word_1_225' title='bbox 1484 3947 1677 4022; x_wconf 90' lang='lat' dir='ltr'><strong>incruento,</strong></span> 
     </span>
     <span class='ocr_line' id='line_1_28' title="bbox 467 4068 1678 4166; baseline -0.001 -29"><span class='ocrx_word' id='word_1_226' title='bbox 467 4068 566 4138; x_wconf 90' lang='lat' dir='ltr'><strong>aliam</strong></span> <span class='ocrx_word' id='word_1_227' title='bbox 593 4089 664 4136; x_wconf 92' lang='lat' dir='ltr'><strong>rem</strong></span> <span class='ocrx_word' id='word_1_228' title='bbox 692 4068 886 4158; x_wconf 91' lang='lat' dir='ltr'><strong>aggreditur</strong></span> <span class='ocrx_word' id='word_1_229' title='bbox 913 4092 979 4138; x_wconf 92' lang='lat' dir='ltr'><strong>non</strong></span> <span class='ocrx_word' id='word_1_230' title='bbox 1007 4071 1123 4140; x_wconf 90' lang='lat' dir='ltr'><strong>eadem</strong></span> <span class='ocrx_word' id='word_1_231' title='bbox 1145 4072 1331 4166; x_wconf 89' lang='lat' dir='ltr'><strong>asperitate,</strong></span> <span class='ocrx_word' id='word_1_232' title='bbox 1358 4093 1424 4163; x_wconf 89' lang='lat' dir='ltr'><strong>qua</strong></span> <span class='ocrx_word' id='word_1_233' title='bbox 1442 4069 1678 4162; x_wconf 83' lang='lat' dir='ltr'><strong>Capsensium,</strong></span> 
     </span>
     <span class='ocr_line' id='line_1_29' title="bbox 468 4191 1680 4288; baseline 0.001 -27"><span class='ocrx_word' id='word_1_234' title='bbox 468 4203 614 4261; x_wconf 89' lang='lat' dir='ltr'><strong>ceterum</strong></span> <span class='ocrx_word' id='word_1_235' title='bbox 642 4191 730 4261; x_wconf 93' lang='lat' dir='ltr'><strong>baud</strong></span> <span class='ocrx_word' id='word_1_236' title='bbox 767 4215 860 4262; x_wconf 90' lang='lat' dir='ltr'><strong>secus</strong></span> <span class='ocrx_word' id='word_1_237' title='bbox 891 4193 1071 4264; x_wconf 86' lang='lat' dir='ltr'><strong>difficilem.</strong></span> <span class='ocrx_word' id='word_1_238' title='bbox 1123 4198 1274 4288; x_wconf 89' lang='lat' dir='ltr'><strong>Namque</strong></span> <span class='ocrx_word' id='word_1_239' title='bbox 1308 4193 1397 4264; x_wconf 93' lang='lat' dir='ltr'><strong>baud</strong></span> <span class='ocrx_word' id='word_1_240' title='bbox 1430 4195 1531 4284; x_wconf 89' lang='lat' dir='ltr'><strong>longe</strong></span> <span class='ocrx_word' id='word_1_241' title='bbox 1561 4215 1579 4260; x_wconf 89' lang='lat' dir='ltr'><strong>a</strong></span> <span class='ocrx_word' id='word_1_242' title='bbox 1606 4191 1680 4262; x_wconf 81' lang='lat' dir='ltr'><strong>ssu-</strong></span> 
     </span>
     <span class='ocr_line' id='line_1_30' title="bbox 467 4315 1679 4412; baseline -0.002 -27"><span class='ocrx_word' id='word_1_243' title='bbox 467 4317 557 4385; x_wconf 89' lang='lat' dir='ltr'><strong>mine</strong></span> <span class='ocrx_word' id='word_1_244' title='bbox 576 4315 744 4398; x_wconf 84' lang='lat' dir='ltr'><strong>Mulucha,</strong></span> <span class='ocrx_word' id='word_1_245' title='bbox 771 4318 859 4408; x_wconf 88' lang='lat' dir='ltr'><strong>quod</strong></span> <span class='ocrx_word' id='word_1_246' title='bbox 885 4317 1054 4407; x_wconf 84' lang='lat' dir='ltr'><strong>lugurtbae</strong></span> <span class='ocrx_word' id='word_1_247' title='bbox 1074 4319 1265 4412; x_wconf 90' lang='lat' dir='ltr'><strong>Bocchique</strong></span> <span class='ocrx_word' id='word_1_248' title='bbox 1291 4343 1430 4412; x_wconf 88' lang='lat' dir='ltr'><strong>reguum</strong></span> <span class='ocrx_word' id='word_1_249' title='bbox 1451 4315 1679 4406; x_wconf 87' lang='lat' dir='ltr'><strong>disiungcbat,</strong></span> 
     </span>
     <span class='ocr_line' id='line_1_31' title="bbox 468 4441 1682 4534; baseline 0 -24"><span class='ocrx_word' id='word_1_250' title='bbox 468 4456 539 4510; x_wconf 88' lang='lat' dir='ltr'><strong>erat</strong></span> <span class='ocrx_word' id='word_1_251' title='bbox 565 4441 651 4510; x_wconf 90' lang='lat' dir='ltr'><strong>inter</strong></span> <span class='ocrx_word' id='word_1_252' title='bbox 679 4453 821 4510; x_wconf 88' lang='lat' dir='ltr'><strong>ceteram</strong></span> <span class='ocrx_word' id='word_1_253' title='bbox 848 4441 1018 4534; x_wconf 89' lang='lat' dir='ltr'><strong>planitiem</strong></span> <span class='ocrx_word' id='word_1_254' title='bbox 1048 4464 1143 4512; x_wconf 89' lang='lat' dir='ltr'><strong>mons</strong></span> <span class='ocrx_word' id='word_1_255' title='bbox 1175 4467 1305 4526; x_wconf 80' lang='lat' dir='ltr'><strong>saxeus,</strong></span> <span class='ocrx_word' id='word_1_256' title='bbox 1344 4443 1502 4513; x_wconf 90' lang='lat' dir='ltr'><strong>mediocri</strong></span> <span class='ocrx_word' id='word_1_257' title='bbox 1536 4442 1682 4510; x_wconf 91' lang='lat' dir='ltr'><strong>castello</strong></span> 
     </span>
     <span class='ocr_line' id='line_1_32' title="bbox 467 4565 1679 4661; baseline 0.002 -29"><span class='ocrx_word' id='word_1_258' title='bbox 467 4565 544 4634; x_wconf 89' lang='lat' dir='ltr'><strong>satis</strong></span> <span class='ocrx_word' id='word_1_259' title='bbox 562 4575 687 4656; x_wconf 86' lang='lat' dir='ltr'><strong>patens,</strong></span> <span class='ocrx_word' id='word_1_260' title='bbox 715 4565 748 4632; x_wconf 91' lang='lat' dir='ltr'><strong>in</strong></span> <span class='ocrx_word' id='word_1_261' title='bbox 777 4566 962 4635; x_wconf 89' lang='lat' dir='ltr'><strong>inmensum</strong></span> <span class='ocrx_word' id='word_1_262' title='bbox 984 4566 1101 4644; x_wconf 87' lang='lat' dir='ltr'><strong>editus,</strong></span> <span class='ocrx_word' id='word_1_263' title='bbox 1129 4591 1195 4636; x_wconf 91' lang='lat' dir='ltr'><strong>uno</strong></span> <span class='ocrx_word' id='word_1_264' title='bbox 1212 4579 1411 4661; x_wconf 88' lang='lat' dir='ltr'><strong>perangusto</strong></span> <span class='ocrx_word' id='word_1_265' title='bbox 1433 4565 1523 4637; x_wconf 89' lang='lat' dir='ltr'><strong>aditu</strong></span> <span class='ocrx_word' id='word_1_266' title='bbox 1540 4565 1679 4634; x_wconf 88' lang='lat' dir='ltr'><strong>relicto:</strong></span> 
     </span>
     <span class='ocr_line' id='line_1_33' title="bbox 468 4689 1681 4784; baseline 0.001 -27"><span class='ocrx_word' id='word_1_267' title='bbox 468 4711 545 4758; x_wconf 94' lang='lat' dir='ltr'><strong>nam</strong></span> <span class='ocrx_word' id='word_1_268' title='bbox 564 4690 673 4758; x_wconf 92' lang='lat' dir='ltr'><strong>omnis</strong></span> <span class='ocrx_word' id='word_1_269' title='bbox 691 4701 807 4760; x_wconf 90' lang='lat' dir='ltr'><strong>natura</strong></span> <span class='ocrx_word' id='word_1_270' title='bbox 834 4693 922 4760; x_wconf 86' lang='lat' dir='ltr'><strong>velut</strong></span> <span class='ocrx_word' id='word_1_271' title='bbox 944 4714 1043 4784; x_wconf 89' lang='lat' dir='ltr'><strong>opere</strong></span> <span class='ocrx_word' id='word_1_272' title='bbox 1066 4704 1163 4784; x_wconf 88' lang='lat' dir='ltr'><strong>atque</strong></span> <span class='ocrx_word' id='word_1_273' title='bbox 1188 4694 1337 4763; x_wconf 90' lang='lat' dir='ltr'><strong>consulto</strong></span> <span class='ocrx_word' id='word_1_274' title='bbox 1355 4713 1511 4784; x_wconf 71' lang='lat' dir='ltr'><strong>preceps.</strong></span> <span class='ocrx_word' id='word_1_275' title='bbox 1563 4689 1681 4770; x_wconf 84' lang='lat' dir='ltr'><strong>Quem</strong></span> 
     </span>
    </p>
   </div>
   <div class='ocr_carea' id='block_1_3' title="bbox 0 0 1798 5594">
    <p class='ocr_par' dir='ltr' id='par_1_3' title="bbox 0 0 1798 5594">
     <span class='ocr_line' id='line_1_34' title="bbox 0 0 1798 5594; baseline 0 0"><span class='ocrx_word' id='word_1_276' title='bbox 0 0 1798 5594; x_wconf 95' lang='lat' dir='ltr'><strong> </strong></span> 
     </span>
    </p>
   </div>
  </div>
 </body>
</html>
