3610 5592
507 670 552 738 18

502 874 541 943 G.
576 873 697 943 lulium
727 876 760 943 in
790 873 944 964 Apuliam
978 870 1119 950 dimisit;
1158 881 1318 962 preterea
1350 871 1453 942 altum
1482 872 1568 952 alio,
1605 895 1697 964 quem

501 997 625 1089 ubique
662 1007 861 1090 oportunum
896 995 960 1064 sibi
989 996 1059 1066 lore
1084 993 1249 1064 credebat.
1298 997 1429 1066 Interea
1460 997 1575 1067 Romae
1599 996 1697 1066 molta

500 1121 598 1191 simul
636 1121 760 1202 moliri,
803 1119 993 1191 oonsulibus
1018 1118 1151 1189 insidias
1185 1118 1338 1201 tendere,
1375 1141 1494 1212 parare
1528 1119 1697 1202 incendia,

499 1255 661 1338 oportune
686 1245 759 1316 loen
784 1243 917 1314 armetis
931 1243 1120 1314 homiuibus
1145 1242 1313 1326 obsidere,
1340 1244 1409 1337 ipse
1434 1267 1509 1314 euru
1535 1244 1601 1315 telo
1619 1267 1697 1326 esse,

499 1369 579 1438 item
604 1369 686 1440 alios
703 1369 835 1449 iubere,
861 1367 1005 1449 hortari,
1031 1369 1079 1438 uti
1095 1389 1226 1461 semper
1250 1367 1366 1437 intenti
1383 1369 1556 1461 paratique
1573 1380 1696 1438 essent:

499 1494 570 1563 dies
595 1505 774 1585 noctesque
799 1492 970 1574 totum,
996 1491 1152 1583 vigilare,
1185 1513 1295 1583 neque
1320 1492 1492 1561 insomniis
1517 1515 1625 1585 neque
1651 1495 1699 1562 la·

498 1618 578 1688 bore
619 1617 760 1710 latigari.
810 1619 978 1688 Postremo
1015 1614 1074 1685 ubi
1106 1616 1210 1685 multe
1247 1614 1384 1706 agitanti
1421 1614 1505 1686 nibil
1542 1617 1697 1708 procedit,

497 1765 611 1812 rursus
636 1743 830 1834 intempesta
861 1751 957 1811 nocte
990 1737 1225 1810 coniurationis
1258 1739 1423 1832 principes
1457 1751 1615 1811 convocat
1642 1765 1701 1835 per

497 1869 543 1938 bl.
568 1865 721 1935 Porcium
745 1866 895 1945 Laecam,
922 1864 1034 1955 ibique
1060 1864 1163 1933 multa
1187 1863 1229 1932 de
1254 1864 1385 1954 ignavis
1411 1886 1526 1934 eorum
1555 1875 1698 1957 questus,

498 1991 593 2060 docet
618 2012 653 2059 se
677 1988 839 2061 ldanlium
865 1988 1061 2081 praemisisse
1085 1986 1128 2057 ad
1146 2009 1220 2056 eam
1244 1987 1506 2071 multitudinem,
1533 2012 1633 2082 quam
1658 1991 1698 2062 ad

498 2114 660 2208 capiunda
699 2137 791 2184 arma
814 2123 1004 2207 paraverat,
1039 2111 1117 2181 item
1150 2111 1233 2181 elios
1258 2111 1291 2182 in
1326 2112 1392 2183 elia
1421 2114 1496 2184 looa
1528 2123 1698 2207 oportuna,

498 2238 556 2330 qui
581 2237 711 2308 initium
726 2237 806 2307 belli
824 2238 982 2319 lacerent,
1008 2259 1110 2328 seque
1127 2235 1168 2308 ad
1190 2237 1373 2306 exereitum
1389 2236 1552 2330 proticisci
1569 2262 1699 2331 cupere,

497 2362 526 2431 si
559 2362 650 2454 prius
679 2362 875 2432 Ciceronem
908 2361 1138 2455 oppressisset;
1173 2383 1250 2431 enm
1282 2361 1350 2431 suis
1383 2361 1529 2433 consiliis
1561 2363 1700 2434 multum

497 2485 652 2556 oblieere.

594 2633 714 2682 xxvut.
764 2611 869 2703 Igitur
892 2611 1073 2704 perterritis
1098 2635 1137 2682 ao
1154 2611 1376 2682 dubitantibus
1394 2595 1532 2692 ceteris,
1558 2611 1598 2682 G.
1617 2611 1701 2682 Cor·

497 2734 620 2817 nebus,
655 2757 756 2826 eques
780 2737 963 2816 Romanus,
1001 2757 1137 2828 opernm
1163 2757 1257 2805 suam
1282 2735 1466 2828 pollicitus,
1501 2746 1634 2806 etcum
1661 2759 1701 2806 eo

497 2859 536 2928 L.
562 2858 783 2949 Vargunteius
815 2869 967 2941 senator,
999 2859 1196 2930 constituere
1221 2881 1261 2929 ea
1285 2869 1381 2929 noete
1406 2860 1505 2952 paulo
1530 2870 1602 2953 post
1624 2883 1702 2930 eum

497 2981 632 3052 armatis
657 2982 847 3053 bominibus
880 2983 976 3053 siouti
1001 2984 1175 3054 salutatum
1201 2984 1338 3054 introire
1364 2983 1406 3054 ed
1437 2984 1634 3056 Ciceronem
1660 3009 1702 3054 ae

497 3101 539 3175 de
572 3107 739 3200 inproviso
775 3107 865 3177 domi
902 3129 970 3178 suae
1007 3108 1192 3200 inparatum
1230 3109 1420 3179 confodere.
1485 3109 1605 3180 Curius
1643 3111 1702 3180 ubi

497 3232 675 3324 intellegit,
712 3210 873 3324 quantum
898 3231 1083 3324 perieulum
1108 3234 1235 3303 consuli
1260 3233 1449 3326 inpendent,
1474 3257 1614 3328 propere
1638 3255 1702 3327 per

496 3357 646 3428 Fulvium
683 3357 836 3427 Ciceroni
865 3356 996 3436 dolum,
1031 3356 1089 3448 qui
1123 3359 1313 3450 parabatur,
1354 3359 1512 3429 enuntiat.
1563 3359 1611 3428 lta
1650 3359 1703 3427 illi

496 3481 597 3552 ianua
633 3481 789 3575 prohibiti
821 3491 948 3550 tantum
983 3481 1108 3550 lacinus
1142 3482 1261 3552 frustra
1295 3492 1516 3577 susceperant.
1567 3485 1703 3553 Interea

495 3606 638 3677 llanlius
662 3606 697 3674 in
714 3605 848 3675 Etruria
872 3604 1003 3697 plebem
1020 3606 1210 3687 sollicitare,
1238 3617 1380 3697 egestate
1397 3607 1495 3678 simul
1520 3631 1560 3678 ne
1584 3607 1703 3679 dolore

495 3730 626 3802 iniuriae
672 3751 832 3800 novarum
865 3751 977 3799 rerum
1005 3728 1180 3822 cupidam,
1214 3730 1301 3821 quod
1339 3731 1439 3801 Solle
1473 3731 1703 3804 dominatione

495 3877 592 3946 agros
625 3855 779 3946 bonaque
813 3853 924 3923 omnia
956 3852 1129 3934 amiserat,
1163 3863 1324 3945 praeterea
1362 3855 1504 3925 latrones
1537 3857 1705 3949 cuiusque

495 3979 644 4071 generis,
675 4001 816 4071 quorum
842 3977 941 4048 inea
967 3977 1103 4069 regione
1128 4000 1250 4069 magne
1285 3980 1379 4072 eopia
1405 3990 1494 4063 erat,
1520 3982 1705 4050 nonnullos

495 4125 537 4172 ex
562 4103 705 4174 Sullanis
730 4103 882 4183 coloniis,
917 4101 1036 4195 quibus
1069 4102 1183 4172 lubido
1208 4114 1307 4196 atque
1339 4103 1470 4174 luxuria
1502 4127 1545 4174 ex
1568 4105 1705 4195 magnis

494 4227 617 4321 rapinis
643 4226 728 4297 nihil
753 4226 873 4318 reliqui
898 4227 1056 4296 fecerant.

566 4373 664 4421 xxix.
714 4353 765 4421 Ea
790 4374 865 4421 euru
891 4351 1044 4421 Gioeroni
1073 4352 1320 4434 nuntiarentur,
1346 4353 1480 4445 ancipiti
1505 4353 1594 4423 malo
1621 4377 1705 4446 per-

494 4485 618 4558 motus,
645 4474 734 4568 quod
760 4498 868 4567 neque
894 4476 1009 4546 urbem
1036 4475 1077 4544 ab
1097 4476 1226 4546 insidiis
1251 4477 1379 4569 privato
1404 4477 1541 4546 oonsilio
1566 4477 1704 4569 longius

493 4599 578 4670 tueri
603 4609 747 4692 poterat,
775 4621 882 4690 neque
908 4599 1070 4670 exercitus
1087 4601 1203 4671 ldanlii
1222 4611 1363 4694 quantus
1386 4611 1443 4670 eut
1467 4623 1534 4692 quo
1559 4601 1704 4672 oonsilio

493 4725 577 4794 loret
604 4724 681 4794 satis
706 4733 908 4816 compertum
935 4723 1092 4807 babebat,
1128 4747 1200 4795 rem
1224 4726 1266 4795 nd
1299 4733 1448 4796 senatuum
1479 4726 1599 4807 refert,
1630 4726 1702 4795 iam
