3554 5600
1295 650 1363 720 169

155 859 235 929 tero,
262 859 298 918 ut
324 849 427 920 breve
453 849 486 920 id
513 849 643 920 luciam.
687 851 803 944 Neque
829 848 901 922 buc
932 849 1104 921 altercatio
1132 859 1242 920 nostra
1271 850 1365 922 robis

155 972 279 1042 inutilis
306 974 383 1055 erit,
417 976 531 1044 Patres
557 974 757 1067 conscripti!
800 975 1001 1069 Plerumque
1036 975 1125 1044 euim
1154 975 1365 1067 respublica

154 1097 287 1189 privatis
314 1097 435 1166 crescit
460 1095 664 1179 inimicitiis;
691 1097 749 1168 ubi
773 1121 873 1168 nemo
898 1097 990 1180 civis,
1017 1097 1125 1191 qualis
1150 1097 1193 1188 sit
1216 1095 1277 1177 vir,
1303 1119 1365 1190 po-

155 1233 214 1290 test
243 1222 364 1292 latere.
420 1245 456 1294 11.
495 1223 644 1296 Primum
679 1223 798 1316 igitur,
840 1225 1000 1317 quoniam
1034 1223 1184 1293 omnium
1224 1223 1365 1300 maiores

156 1345 289 1437 Crispus
323 1345 489 1416 Salustius
528 1347 570 1416 ad
608 1369 712 1417 unum
748 1349 940 1441 exemplum
976 1358 1009 1416 et
1046 1348 1201 1438 regulam
1234 1348 1364 1443 querit,

154 1471 252 1540 velim
270 1469 359 1541 mibi
375 1471 585 1565 respondeat,
613 1494 693 1542 num
712 1473 792 1566 quid
810 1474 856 1556 bi,
872 1496 966 1566 ‚quos
984 1475 1120 1566 protulit
1136 1474 1306 1567 Scipiones
1332 1483 1366 1544 et

154 1596 306 1667 Metellos
333 1597 390 1668 vel
414 1597 545 1681 Fabios,
571 1609 649 1668 ante
674 1598 852 1670 habuerint
883 1611 940 1670 aut
963 1600 1130 1694 opinionis
1155 1611 1213 1670 aut
1237 1600 1364 1692 glorie,

155 1743 253 1812 qnam
289 1746 350 1794 eos
375 1746 428 1794 res
463 1735 564 1814 gestae
596 1747 665 1796 sun
704 1736 738 1795 et
770 1725 837 1796 vita
872 1726 1143 1796 innocentissime
1175 1736 1248 1797 acta
1273 1748 1366 1796 com·

157 1846 351 1918 mondavit?
390 1847 487 1931 Quod
514 1849 541 1919 si
568 1849 631 1920 boc
656 1850 719 1921 luit
744 1851 809 1922 illis
835 1851 966 1922 initium
992 1851 1136 1922 nominis
1162 1863 1195 1922 et
1219 1850 1366 1942 dignita-

155 1971 205 2052 tis,
236 1996 298 2043 cur
333 1997 399 2045 non
429 1998 524 2069 aeque
559 1975 601 2046 de
631 1976 726 2048 uobis
752 1977 968 2060 existimetur,
1003 1977 1099 2049 cuius
1125 1987 1157 2048 et
1180 2000 1236 2048 res
1265 1987 1365 2068 gesta

156 2098 298 2168 illustres
326 2109 360 2169 et
384 2100 450 2170 vita
475 2100 690 2198 integerrime
715 2103 814 2173 octal
856 2103 959 2188 Quasi
988 2126 1067 2173 vero
1101 2113 1135 2174 tu
1161 2103 1206 2173 sis
1231 2102 1273 2172 ab
1299 2101 1366 2173 illis

157 2223 244 2304 viris,
280 2225 420 2310 Salusti,
451 2228 561 2298 ortus!
601 2227 699 2312 Quod
725 2230 754 2298 si
780 2251 880 2310 esses,
909 2229 1086 2301 nonnullos
1111 2230 1177 2300 iam
1201 2239 1267 2300 tum
1293 2238 1366 2298 tur-

156 2346 316 2438 pitudinis
342 2349 480 2442 pigeret.
531 2353 605 2444 Ego
638 2353 722 2422 meis
755 2352 934 2423 maioribus
966 2353 1085 2422 virtute
1111 2374 1187 2421 mea
1211 2352 1364 2446 praeluxi,

157 2481 201 2552 ut,
232 2473 261 2542 si
287 2473 384 2566 prius
411 2475 478 2545 noti
504 2497 572 2546 uon
597 2476 731 2560 luerint,
766 2499 786 2546 a
811 2499 866 2546 me
892 2477 1054 2570 accipiant
1079 2476 1210 2548 initium
1235 2498 1366 2546 memo-

155 2583 213 2664 'riae
238 2619 331 2678 suan
370 2607 405 2668 tu
431 2599 494 2670 tuis
518 2599 597 2683 vita,
632 2622 734 2696 quam
760 2601 898 2694 turpiter
923 2601 1031 2693 egisti,
1058 2623 1196 2692 magnas
1220 2598 1365 2671 offudisti

157 2719 322 2803 tenebras,
363 2731 410 2804 ut,
442 2722 570 2794 etiamsi
599 2724 723 2795 iruerint
747 2725 875 2816 egregii
902 2725 1001 2805 cives,
1038 2734 1126 2796 certe
1152 2725 1306 2795 venerint
1330 2724 1364 2794 in

157 2845 372 2917 oblivionem.
389 2846 517 2931 ‘Quare
542 2849 614 2920 noli
639 2849 723 2919 mibi
749 2850 904 2942 antiquos
930 2851 1018 2920 viros
1041 2849 1218 2921 obiectare.
1255 2849 1365 2920 Satius

157 2979 204 3038 est
229 2973 335 3055 enim,
370 2995 424 3043 me
449 2973 532 3043 meis
557 2974 657 3046 rebus
682 2974 781 3067 gestis
811 2974 932 3046 llorere
966 2998 1068 3068 quam
1102 2974 1266 3044 maiorum
1292 2973 1367 3065 opi·

156 3093 256 3165 nione
283 3096 363 3177 niti;
396 3098 497 3168 etita
523 3099 646 3180 vivere,
677 3112 714 3170 ut
739 3121 802 3192 ego
827 3100 890 3170 sim
915 3099 1054 3192 posteris
1079 3098 1162 3168 meis
1188 3096 1367 3168 nobilitatis

157 3218 289 3290 initium
324 3233 358 3292 et
394 3221 521 3293 unctis
553 3224 756 3315 exemplum.
805 3226 922 3317 Neque
956 3245 1011 3292 me
1040 3245 1116 3292 cum
1150 3223 1190 3291 iis
1222 3221 1365 3292 conferri

157 3344 261 3428 decet,
303 3357 412 3440 patres
437 3349 626 3441 conscripti,
662 3349 721 3441 qui
755 3349 821 3419 iam
847 3349 1061 3418 decesserunt
1096 3347 1254 3440 omnique
1287 3345 1365 3415 odio

157 3481 272 3540 carent
298 3482 331 3541 et
356 3471 493 3553 invidia,
524 3471 581 3542 sed
607 3494 682 3542 cum
710 3471 760 3552 iis,
787 3473 845 3566 qui
866 3495 998 3543 mecum
1026 3492 1092 3542 uua
1117 3471 1151 3540 in
1178 3470 1366 3563 republica

157 3595 278 3665 versati
304 3606 391 3665 stmt.
435 3595 499 3664 Sed
525 3595 554 3665 si
580 3595 700 3666 luerim
734 3606 790 3668 aut
820 3597 853 3665 in
886 3595 1068 3666 bonoribus
1092 3593 1242 3687 petendis
1267 3593 1367 3662 nimis

157 3719 364 3800 ambitiosus,
393 3711 473 3807 (non
499 3718 587 3790 banc
611 3719 687 3790 dico
711 3721 907 3813 popularem
932 3719 1163 3801 ambitionem,
1192 3719 1286 3790 cuius
1311 3740 1366 3788 me

158 3846 343 3939 principem
368 3845 539 3928 confiteor,
564 3847 623 3916 sed
650 3846 741 3916 illam
766 3847 985 3939 perniciosam
1011 3857 1125 3916 contra
1142 3846 1246 3936 leget,
1272 3842 1366 3913 cuius

158 3971 284 4063 primos
308 3970 443 4040 ordines
463 3971 625 4042 Salustius
650 3965 756 4061 duxit)
788 3982 846 4041 aut
870 3970 904 4040 in
931 3970 1086 4063 gerendis
1108 3967 1365 4061 magistratibus,

158 4095 276 4164 autin
303 4092 511 4162 vindicandis
537 4093 710 4165 maleficiis
742 4105 811 4166 tam
843 4115 988 4179 severus,
1028 4103 1084 4166 aut
1112 4093 1149 4163 in
1182 4091 1303 4162 tuenda
1328 4113 1366 4160 re

159 4219 293 4310 publica
324 4227 391 4290 tam
417 4219 570 4310 vigilans,
609 4242 710 4314 quam
735 4230 770 4291 tu
802 4220 1073 4314 proscriptionem
1099 4239 1215 4288 vocas:
1254 4214 1365 4297 credo,

158 4343 248 4436 quod
272 4365 342 4413 non
367 4365 483 4414 omues
508 4343 555 4415 tui
580 4345 705 4416 similes
731 4345 913 4415 incolumes
939 4343 973 4414 in
999 4342 1065 4413 hac
1088 4342 1172 4414 urbe
1194 4340 1364 4411 vixissent:

159 4477 204 4547 at,
237 4476 367 4562 quanto
391 4467 532 4539 meliore
558 4469 632 4540 loco
656 4491 710 4540 res
743 4469 878 4563 publica
903 4478 1014 4550 staret,
1050 4467 1078 4536 si
1103 4476 1140 4538 tu
1164 4487 1225 4559 par
1250 4486 1291 4534 ac
1320 4465 1368 4535 si-

160 4591 248 4662 milis
280 4593 495 4664 scelestorum
530 4593 650 4664 civium
684 4615 751 4664 nna
785 4617 860 4664 cum
894 4592 961 4664 illis
992 4590 1227 4662 adnumeratus
1260 4590 1366 4660 esses!

160 4717 213 4787 Au
230 4739 294 4810 ego
320 4729 400 4788 tunc
425 4718 508 4786 salso
534 4715 668 4809 scripsi:
700 4717 816 4786 Cedunt
835 4741 927 4788 annu
948 4731 1046 4807 tngo:
1072 4716 1130 4808 qui
1156 4725 1284 4805 togatus
1311 4739 1368 4786 ar-
