3610 5592
785 677 831 725 XV

201 851 272 908 eto:
309 846 363 922 „Si
382 863 493 910 revera
514 852 591 926 eati,
612 848 777 912 Salustium
792 849 952 928 npnitimt,
973 867 1061 928 quens
1077 853 1153 915 llllo
1178 855 1401 934 uepreueasan

200 955 259 1014 sub
280 954 366 1014 servi
385 955 492 1016 habitu
513 957 692 1018 verberavit
711 957 743 1018 in
773 959 927 1020 adalmio
955 977 1018 1021 suo
1047 961 1153 1023 uxoris
1173 961 1303 1039 Fausta,
1330 962 1402 1024 illiue

199 1055 325 1136 Sylla.“
349 1062 405 1122 nir.
425 1062 530 1123 Aaron
551 1064 592 1125 ad
609 1063 681 1124 lior.
701 1063 732 1124 8.
752 1083 772 1124 ι
792 1067 819 1125 t.
839 1068 889 1126 tt.
909 1066 962 1126 1110
978 1065 1103 1144 {lapella
1115 1085 1218 1129 eorus.
1257 1068 1339 1145 ,llos
1360 1069 1401 1130 rie

200 1164 232 1225 G.
259 1166 369 1244 crispo
395 1167 532 1230 Salustio
560 1169 681 1246 dieitur,
714 1171 765 1247 qui
790 1171 1001 1250 deprehensus
1030 1174 1070 1234 ab
1095 1173 1196 1235 Annio
1224 1175 1338 1237 Milone
1369 1177 1400 1236 in

200 1272 356 1334 adulterio
377 1291 443 1336 earn
464 1293 561 1338 uxore
580 1276 704 1354 Fanum
732 1277 826 1340 Sullas
847 1280 918 1354 lilia,
944 1280 1076 1358 lagenis
1097 1297 1196 1341 nesus
1221 1296 1293 1342 esse
1320 1282 1400 1342 diei·-

200 1385 258 1455 tur,
285 1383 320 1441 ut
340 1381 438 1442 refert
460 1382 612 1444 Asoouius
641 1385 670 1444 in
697 1385 762 1446 eius
783 1381 875 1448 vita.“
906 1389 950 1448 ita
971 1389 1005 1448 ut
1024 1387 1106 1448 altor
1125 1405 1186 1448 non
1207 1389 1304 1448 minus
1325 1405 1399 1466 gre·

198 1487 248 1546 vis
276 1489 356 1548 tanti
384 1487 493 1566 flagitii
523 1491 614 1550 testis
645 1490 797 1553 Asoonius
833 1495 968 1554 aoeedat
1015 1493 1109 1554 laturo
1137 1493 1288 1556 Salustius
1319 1494 1396 1572 ipse,

198 1593 320 1654 euann
340 1597 455 1673 prioris
476 1595 550 1656 vitas
569 1597 684 1674 probra
705 1616 765 1660 oon
786 1600 918 1678 ingenue
941 1601 1101 1662 ooalessus
1126 1606 1182 1676 eet,
1214 1605 1315 1662 nmen
1335 1617 1395 1662 noa

197 1701 290 1778 plane
314 1702 510 1764 dissimulare
529 1704 672 1781 potuisse
697 1705 836 1781 videtur;
859 1705 1070 1767 detrimentum
1091 1707 1213 1782 quidem
1233 1708 1397 1768 existima-

196 1808 289 1868 tionis
309 1825 345 1868 se
365 1808 479 1870 ieoisse
498 1827 558 1871 nou
578 1810 719 1888 abnegat
737 1810 793 1872 eir.
812 1811 876 1873 Cat.
889 1815 960 1873 ni
998 1811 1091 1888 ,Nam
1105 1830 1161 1891 pro
1181 1813 1308 1890 pudore,
1330 1831 1389 1892 pro

197 1915 393 1990 abstinentie,
419 1932 476 1993 pro
503 1917 628 1994 virtum,
654 1918 790 1994 eulasia,
818 1918 952 1996 largitio,
982 1919 1115 1980 avaritia
1143 1919 1278 1997 vigebat.
1325 1920 1397 1990 Quae

198 2022 322 2081 umtsi
343 2023 461 2082 anirum
482 2024 713 2100 aspernabatur,
736 2025 874 2086 insolens
894 2025 1039 2086 malarum
1060 2029 1176 2104 artium,
1198 2031 1298 2088 nmen
1314 2028 1397 2088 inter

195 2129 281 2186 taata
310 2128 388 2188 vitia
414 2130 567 2190 imbecilla
596 2135 671 2192 estes
695 2131 864 2192 ambitione
889 2137 1033 2210 oorrupta
1062 2135 1240 2209 tenellulum
1271 2151 1308 2194 ae
1337 2151 1395 2210 ure,

194 2251 263 2293 oa·
284 2235 325 2294 ab
345 2235 532 2311 reliquorum
555 2237 645 2297 usalis
665 2238 803 2298 moribus
824 2238 1029 2314 dissentirem,
1055 2240 1153 2300 nihilo
1175 2241 1273 2300 miuus
1294 2239 1395 2300 hono

188 2333 241 2400 'ris
261 2341 374 2419 eupillo
395 2343 513 2417 eadem,
542 2361 602 2419 qua
630 2348 753 2405 eeteros
781 2344 862 2406 lama
892 2348 984 2422 atque
1011 2347 1128 2406 invidia
1152 2347 1291 2408 vexabat.
1314 2362 1340 2404 o.
1363 2347 1390 2404 t.

193 2446 291 2526 igitar
310 2449 362 2508 ubi
383 2450 502 2511 auinaue
522 2467 562 2510 ex
582 2451 685 2511 multis
706 2451 840 2510 miseriis
860 2457 953 2527 atque
973 2451 1119 2529 perieulis
1141 2452 1295 2528 requievit
1315 2444 1391 2512 eto“

192 2553 255 2614 Set
278 2554 347 2615 hoe
366 2556 406 2616 ad
428 2571 495 2616 eanr
520 2560 639 2620 entem
665 2558 828 2635 pastinant,
858 2574 916 2633 qua
943 2558 1070 2636 primum
1091 2558 1130 2618 ad
1151 2575 1216 2619 rem
1241 2558 1395 2636 publicant

192 2662 335 2738 sensuit,
368 2662 466 2722 itaut
486 2680 592 2740 paruus
613 2669 700 2724 reete
726 2663 849 2741 laniant,
879 2665 931 2740 qui
956 2665 1006 2724 liis
1032 2665 1219 2743 argumentis
1241 2665 1330 2724 etiam
1352 2664 1395 2723 il-

191 2767 252 2827 lius
271 2769 435 2846 pueritiam
455 2772 488 2830 et
507 2771 748 2832 malesesatleru
771 2769 921 2831 intonare
941 2771 1045 2830 valiat.
1086 2771 1159 2830 Mox
1179 2773 1212 2831 et
1238 2769 1311 2830 odio
1332 2787 1391 2830 no-

192 2875 332 2952 bilitatis,
353 2881 388 2936 at
400 2876 532 2952 vitetur,
554 2881 587 2936 et
600 2878 648 2937 ire
669 2880 701 2938 et
722 2877 832 2938 dolore
852 2878 1005 2952 incessus,
1027 2894 1093 2938 oum
1113 2879 1186 2955 post
1206 2881 1391 2952 quaesturam

189 2981 457 3060 tribunusplebis
477 2983 577 3044 ltotus
598 2989 693 3058 esset,
719 2981 830 3044 clodio
849 2984 882 3044 ia
904 2983 953 3044 via
975 2977 1076 3060 Appia
1097 2981 1270 3056 interleoto,
1301 2981 1392 3040 siruul

190 3105 257 3148 oaar
278 3087 314 3157 0.
336 3087 483 3167 Pompeio
506 3093 539 3150 et
558 3089 589 3149 Τ.
611 3091 746 3152 Munatio
770 3091 885 3151 Planoo
907 3089 1133 3150 iaimioissiuras
1162 3089 1324 3148 uonoiones
1352 3088 1392 3147 de

188 3193 303 3255 Hileae
323 3195 468 3271 habam,
488 3211 687 3274 magnamque
706 3197 852 3257 invidiam
873 3198 966 3257 stiaar
981 3195 1122 3256 Ciceroni
1143 3194 1285 3268 iaciebat,
1308 3195 1391 3270 quot

187 3300 336 3362 Hileaera
356 3303 444 3362 tauto
465 3303 568 3363 studio
593 3302 784 3364 defenderet
818 3303 969 3362 Bhwuat
989 3303 1068 3362 enim
1089 3301 1143 3374 illi,
1164 3317 1252 3360 manu
1266 3299 1392 3360 Milonis

187 3409 325 3470 mmm
333 3423 405 3470 esse
413 3407 562 3486 Cloelium,
573 3411 629 3469 set
640 3409 771 3470 oonsilio
778 3410 905 3470 maioris
912 3409 1054 3478 alieuius3
1065 3407 1219 3483 iidemque
1232 3405 1283 3466 Gn.
1295 3406 1388 3466 Pona-

187 3515 289 3591 peiuru
311 3514 351 3575 an
371 3515 517 3591 populum
536 3515 754 3592 preduxerunt,
777 3522 810 3577 st
829 3517 869 3577 ab
889 3533 928 3576 ee
944 3516 1158 3591 quaesiverunt,
1178 3531 1248 3574 narn
1266 3513 1306 3572 ael
1320 3529 1388 3573 euru

188 3618 324 3680 delatm
348 3623 435 3680 esset
456 3619 533 3681 illud
554 3638 676 3697 qaoque
700 3622 853 3697 indioium,
882 3639 945 3682 sue
973 3621 1047 3680 vitas
1070 3619 1208 3678 insidiari
1236 3619 1389 3680 Milouem.

187 3725 251 3786 ser
270 3731 381 3804 postea
402 3727 566 3804 Poarpeias
587 3732 619 3788 et
636 3727 791 3790 Salustius
811 3730 843 3788 iu
864 3729 1040 3806 suspicione
1059 3725 1190 3800 luerunt,
1213 3726 1243 3784 in
1257 3726 1388 3804 gratian

187 3833 310 3894 radim
331 3850 398 3892 ean
417 3833 568 3894 Cioeroue
589 3839 621 3895 et
640 3835 762 3896 ltilone.
784 3834 840 3895 eir.
863 3836 975 3895 Asoon.
996 3835 1028 3893 in
1042 3833 1144 3894 Milon.
1167 3851 1195 3910 p.
1209 3834 1257 3892 38.
1272 3834 1319 3892 ts.
1334 3835 1385 3892 57.

186 3937 242 4000 Bo
263 3939 344 4000 Bait.
379 3939 461 4016 llox,
482 3941 601 4002 duobus
622 3943 709 4002 aanis
729 3945 810 4020 post,
835 3959 902 4002 earu
921 3941 961 4001 ab
983 3940 1084 4018 Appio
1108 3938 1235 3998 Claudio
1256 3955 1386 3998 sensere

187 4047 288 4107 mults
309 4047 380 4122 equi
400 4047 522 4122 ademti,
553 4049 639 4110 inulti
660 4053 769 4109 senatu
790 4049 865 4109 moti
891 4051 1004 4124 essent,
1028 4045 1183 4106 Salustius
1203 4060 1323 4120 qnoque
1355 4044 1386 4104 iu

186 4153 266 4214 iden
287 4153 424 4214 dedeous
445 4154 584 4230 inoarrit3
613 4173 671 4232 qua
695 4156 818 4230 quiden
839 4155 981 4216 eensoria
1002 4158 1075 4213 nota
1096 4152 1153 4210 Dio
1175 4150 1287 4212 lantum
1315 4167 1387 4210 esse

186 4261 302 4334 statuit,
331 4263 365 4320 at
387 4261 475 4321 ulti
500 4261 530 4320 in
558 4259 689 4321 &saris
718 4267 821 4322 oasim
846 4260 1022 4320 πεποίηκε.
1062 4257 1132 4319 snit
1156 4257 1236 4317 enim
1266 4256 1385 4333 Appius

185 4365 330 4427 mins
344 4366 556 4445 Pompeianus,
577 4368 662 4428 enias
683 4369 813 4430 alterans
833 4367 928 4428 ulia·
941 4366 1049 4427 Gneus
1062 4366 1235 4442 Pompeius,
1256 4362 1385 4422 alteram

184 4471 296 4534 Brutus
317 4475 350 4533 in
371 4475 591 4536 nutrimoaiurn
613 4475 744 4536 duxerat
763 4475 818 4536 sir.
833 4475 939 4537 Onera.
954 4473 1051 4534 Cieer.
1065 4471 1120 4532 lin.
1139 4471 1246 4532 Orelli.
1277 4467 1384 4543 Neque

183 4583 283 4642 hmo
298 4581 369 4642 solo
387 4582 519 4659 pertineo
541 4583 645 4642 studio
660 4581 791 4660 Appiani
805 4581 962 4642 Claudium
983 4580 1145 4640 adtuetuna
1160 4594 1232 4638 esse
1246 4579 1329 4654 puto,
1351 4580 1384 4635 ut

185 4687 243 4746 tum
258 4705 383 4764 mear
398 4689 542 4749 vitiorum
553 4693 759 4750 eorreetoreur
777 4706 813 4750 se
827 4689 987 4766 preberet
1010 4685 1158 4756 Quosivit
1168 4684 1248 4744 enirn
1263 4682 1383 4742 laudern
