3526 5604
409 624 420 694 't
463 637 535 710 363

461 839 655 910 historicum
682 850 744 910 etc.
779 859 878 932 supro
907 861 943 930 p.
969 833 1054 918 333,
1080 835 1139 908 26.
1167 840 1226 930 cfr.
1261 837 1307 908 11.
1339 837 1455 909 Senem
1487 837 1650 908 controul

320 977 327 998 ‘
457 967 561 1056 precs.
588 986 620 1055 p.
648 962 696 1035 66
721 965 796 1057 Bip.
840 965 948 1031 Homo
980 961 1115 1031 illorum
1148 971 1179 1030 et
1204 962 1270 1032 vita
1305 975 1338 1031 et
1368 962 1541 1055 prudentia
1564 964 1648 1052 longe

460 1085 641 1168 dissimilis,
668 1085 725 1155 666
751 1097 860 1156 umen
887 1085 986 1154 nimis
1013 1084 1046 1154 in
1074 1085 1293 1176 gratificando
1319 1086 1391 1156 iure
1418 1086 1513 1168 liber,
1544 1089 1580 1156 L.
1603 1085 1648 1154 Si·

459 1209 579 1297 66666]
610 1213 662 1280 dic
690 1225 733 1280 ert
758 1212 797 1280 L.
824 1210 976 1291 Sisenna,
1011 1209 1069 1301 qui
1101 1233 1154 1280 res
1180 1212 1345 1280 Romanas
1369 1211 1509 1302 scripsit,
1538 1224 1648 1302 prom

458 1362 490 1410 o.
518 1333 602 1408 676.
631 1337 735 1406 Or'rero
766 1358 826 1427 pro
861 1336 1004 1404 Comelio
1031 1349 1058 1404 et
1089 1335 1244 1403 Asconius
1263 1359 1297 1427 p.
1326 1331 1372 1404 73
1399 1359 1446 1426 rq.
1482 1335 1574 1406 06611.
1598 1339 1645 1427 etr.

458 1465 524 1536 zett
549 1465 653 1534 delert.
679 1461 823 1552 imrtdpt.
849 1482 928 1529 rom.
946 1483 980 1551 p.
996 1456 1080 1530 292.
1115 1458 1190 1528 stru
1214 1459 1251 1527 io
1272 1459 1387 1528 Stcttta
1408 1475 1601 1552 propraetore
1619 1481 1644 1527 o.

458 1588 548 1671 677,
590 1589 772 1676 Verumque
801 1585 939 1677 defendit
970 1606 1002 1654 6.
1034 1579 1118 1653 684.
1152 1584 1311 1652 Postremo
1343 1585 1486 1676 Pompeii
1517 1585 1552 1652 io
1580 1583 1644 1652 toto

455 1714 619 1782 maritimo
649 1711 769 1800 leqotor
808 1709 844 1778 16
882 1708 972 1776 Oreto
1002 1709 1084 1776 diem
1120 1708 1198 1776 odr'r't
1231 1731 1263 1776 o.
1297 1705 1381 1790 687,
1414 1713 1472 1802 cfr.
1497 1711 1644 1802 Appianas

458 1837 489 1906 6.
516 1837 629 1906 Mitior.
652 1831 712 1906 95.
753 1829 1055 1914 Diomedonte,
1082 1831 1117 1903 2.
1164 1833 1337 1924 Antiquior
1362 1835 1398 1903 P.
1427 1835 1580 1904 Cornelius
1597 1833 1642 1902 Si-

456 1983 554 2032 seooo
578 1961 623 2029 od
647 1981 679 2027 o.
702 1955 771 2028 571
795 1970 1052 2026 cornmeroorotur
1076 1977 1099 2024 c
1123 1954 1216 2024 Liuio
1245 1953 1305 2038 39,
1333 1952 1403 2036 45;
1434 1959 1590 2048 posterior,
1613 1971 1641 2024 ut

459 2107 529 2154 mec
554 2087 614 2176 [ert
640 2085 761 2175 opinio,
787 2082 849 2153 Cn.
876 2080 1010 2151 Cornel.
1038 2083 1076 2150 L.
1102 2081 1125 2149 i.
1152 2081 1268 2150 Sisena
1292 2084 1329 2151 io
1354 2084 1505 2154 doron'r's.
1545 2086 1580 2153 L.
1597 2081 1640 2150 si-

455 2229 559 2278 senna
585 2206 701 2276 doctus
727 2205 777 2274 vir
803 2216 836 2275 et
860 2204 979 2274 studiis
1004 2204 1137 2298 optimis
1163 2205 1311 2286 deditus,
1346 2207 1432 2276 bene
1462 2209 1573 2277 Latine
1599 2207 1640 2276 lo-

454 2355 571 2426 quens.
604 2351 727 2422 gnarus
753 2329 802 2398 rei
828 2328 994 2421 publicae,
1021 2350 1089 2397 non
1121 2328 1192 2397 sine
1219 2328 1356 2411 facetiis,
1391 2329 1448 2400 sed
1474 2331 1639 2424 6666616-

453 2456 543 2528 boris
570 2453 663 2524 multi
690 2477 752 2524 nec
779 2452 856 2522 satis
882 2463 1029 2524 versatus
1062 2451 1097 2522 in
1125 2454 1250 2534 causis3
1287 2455 1540 2548 interiectusque
1568 2456 1639 2526 inter

453 2583 535 2654 6666
561 2591 686 2653 6616166
713 2579 882 2650 Hortensii
917 2592 950 2650 ct
985 2577 1123 2670 Sulpicii
1161 2574 1312 2670 [quorum
1342 2582 1398 2650 ttts
1421 2597 1512 2652 uatus
1534 2582 1637 2674 [6116.

453 2705 538 2787 640,
563 2707 614 2775 tte
635 2701 723 2790 630]
758 2727 820 2772 666
854 2703 1014 2772 maiorem
1047 2702 1205 2796 consequi
1229 2714 1357 2795 poterat
1389 2717 1421 2775 ct
1452 2705 1563 2775 minori
1586 2725 1637 2770 no·

452 2854 544 2902 cesse
574 2843 645 2900 erat
679 2829 808 2902 cedere.
860 2829 968 2898 Huius
1001 2827 1108 2897 omnis
1143 2829 1279 2899 facultas
1312 2854 1354 2900 ex
1386 2831 1519 2901 historia
1549 2828 1635 2921 ipsius

451 2955 593 3050 perspici
611 2964 731 3047 potest3
758 2975 845 3045 quae
872 2974 949 3022 cum
976 2951 1073 3021 166116
1099 2973 1214 3020 omncs
1237 2951 1346 3021 vincat
1364 2953 1555 3046 superiores,
1578 2961 1633 3020 tum

450 3080 575 3150 indicat
599 3089 710 3150 tamen
736 3088 896 3170 quantum
923 3075 1051 3146 absita
1078 3098 1229 3156 summo,
1266 3099 1437 3172 quamque
1463 3099 1560 3168 genus
1583 3074 1634 3144 hoc

449 3203 635 3296 scriptionis
661 3202 811 3271 nondum
836 3201 877 3270 sit
901 3199 979 3270 satis
1006 3199 1131 3269 Latinis
1158 3199 1272 3269 litteris
1298 3200 1508 3272 illustratum.
1547 3201 1635 3270 Cicero

450 3323 636 3407 11661664,
663 3323 748 3397 228.
801 3324 940 3394 Sisenna
973 3323 1044 3392 eius
1081 3321 1213 3410 [Macri]
1246 3325 1373 3394 amicus
1402 3347 1515 3396 omnes
1542 3322 1633 3394 adhuc

449 3464 578 3524 nostros
603 3449 787 3542 scriptores,
827 3448 891 3517 nisi
917 3447 975 3542 qui
1001 3447 1085 3517 forte
1111 3447 1257 3518 nondum
1291 3448 1477 3530 ediderunt,
1509 3448 1546 3518 de
1568 3446 1633 3541 qui·

449 3576 509 3648 bus
535 3573 724 3646 existimare
749 3595 815 3642 non
842 3593 1025 3664 possumus,
1061 3571 1158 3641 facile
1184 3573 1361 3665 superavit.
1406 3576 1438 3643 ts
1456 3585 1557 3644 tamen
1580 3594 1632 3640 66-

448 3723 513 3794 que
530 3709 641 3770 orator
666 3698 700 3767 in
727 3719 866 3767 numero
892 3707 999 3764 vestro
1025 3717 1183 3787 umquam
1210 3709 1258 3766 661
1282 3694 1416 3766 16661166
1443 3696 1631 3768 6116111616-

447 3826 496 3895 ria
523 3824 652 3917 puerile
676 3820 837 3914 quiddam
863 3831 1081 3899 consectatur,
1116 3833 1151 3889 nt
1182 3843 1286 3890 unum
1312 3820 1517 3893 Clitarchum
1540 3839 1630 3910 neque

447 3961 618 4041 praeterea
645 3967 845 4039 quemquam
872 3943 912 4014 de
936 3943 1070 4014 Graccis
1097 3943 1217 4035 legisse
1242 3943 1412 4026 videatur3
1441 3969 1515 4016 eum
1539 3956 1629 4016 tamen

447 4073 533 4142 velle
559 4072 731 4143 dumtaxat
755 4067 897 4147 imitari;
937 4090 1037 4159 quem
1071 4069 1098 4137 si
1127 4067 1257 4160 assequi
1285 4082 1410 4160 posset,
1446 4071 1628 4162 aliquantum
1734 4059 1735 4067 '

446 4197 488 4267 ab
513 4196 639 4289 optimo
665 4206 774 4265 tamen
797 4193 937 4262 abesset.
977 4193 1083 4262 Cr'ccro
1100 4195 1138 4261 de
1159 4193 1279 4284 lepidus
1298 4192 1330 4271 1,
1349 4193 1384 4273 2,
1406 4193 1440 4264 7.
1483 4197 1526 4266 11.
1543 4195 1628 4264 Varro

446 4321 480 4390 in
506 4321 646 4391 Sisenna
671 4320 724 4388 vel
748 4318 789 4389 66
809 4317 945 4386 61616616
962 4327 1013 4387 616
1060 4319 1181 4387 Gellius
1199 4317 1255 4398 16,
1278 4317 1313 4400 9,
1335 4316 1369 4389 5.
1409 4319 1474 4390 Sed
1493 4319 1627 4413 quoniam

445 4468 505 4515 nos
537 4445 617 4514 tanti
648 4443 708 4512 viri
742 4465 795 4511 res
829 4440 1016 4524 admonuit,
1058 4441 1213 4512 idoneum
1246 4441 1350 4512 cisum
1384 4453 1433 4512 est
1463 4443 1503 4513 66
1530 4453 1626 4512 natura
1733 4470 1734 4499 1

445 4571 601 4664 cultuque
629 4568 700 4638 eius
726 4566 841 4659 paucis
867 4565 997 4644 dicere;
1024 4589 1133 4658 neque
1160 4566 1249 4636 enim
1276 4567 1343 4635 alio
1370 4567 1444 4639 loco
1470 4569 1510 4638 de
1534 4564 1626 4638 Sullae

443 4698 543 4766 rebus
570 4692 687 4764 dicturi
714 4713 837 4770 sumus,
865 4703 896 4758 et
921 4694 959 4761 L.
987 4689 1137 4771 Sisenna,
1168 4703 1301 4782 optume
1327 4703 1360 4760 et
1385 4692 1625 4784 diligentissume
