3582 5594
1271 646 1338 713 127

131 870 250 941 neque
275 869 335 916 sua
360 845 492 938 ignavia
517 845 574 916 sed
600 843 643 914 oli
669 865 739 914 rem
768 841 936 936 publicam
963 844 996 912 in
1018 842 1162 914 hostium
1184 852 1341 935 potestate

132 971 292 1041 relictum
318 970 394 1040 iri.»

211 1115 309 1164 cxrn.
360 1092 442 1162 llaec
468 1092 601 1162 Maurus
626 1111 739 1161 secum
764 1089 835 1184 ipse
859 1088 917 1161 diu
946 1090 1079 1161 volvens
1106 1090 1239 1160 tandem
1265 1113 1344 1183 pro-

133 1215 240 1294 misit,
280 1226 428 1285 eeterum
460 1214 537 1285 dolo
562 1237 604 1285 an
630 1237 708 1284 vere
742 1223 923 1296 cunctatus,
961 1236 1078 1306 parum
1110 1214 1342 1308 comperimus.

135 1339 202 1410 Sed
234 1339 434 1432 plerumque
459 1339 560 1431 regias
585 1340 784 1420 voluntates,
813 1349 850 1409 ut
874 1338 1085 1411 vehementes
1118 1340 1166 1409 sic
1190 1340 1343 1422 mobiles,

135 1485 228 1556 saepe
256 1463 336 1554 ipsae
370 1461 434 1532 sibi
464 1462 623 1532 advorsae.
674 1463 789 1530 Postea
819 1472 967 1553 tempore
1001 1473 1034 1532 et
1061 1463 1135 1532 loco
1171 1464 1345 1536 constituto

136 1588 172 1656 in
198 1586 407 1678 colloquium
432 1586 480 1658 uti
505 1585 546 1656 de
573 1609 653 1680 pace
683 1586 863 1668 veniretur,
902 1585 1051 1656 Bocchus
1077 1587 1204 1657 Sullam
1234 1589 1345 1670 modu,

137 1711 243 1780 modo
268 1710 437 1800 lugurtlrae
463 1710 608 1800 legatum
630 1709 810 1802 appellare,
835 1708 980 1801 benigne
1006 1708 1141 1793 hahere,
1168 1711 1255 1782 idem
1273 1734 1346 1782 am-

138 1837 250 1908 bobus
266 1836 430 1929 polliceri.
474 1835 527 1906 llli
544 1837 669 1928 pariter
689 1837 756 1906 laeti
782 1858 820 1905 ac
845 1835 916 1929 spei
936 1835 1031 1906 lionae
1048 1837 1138 1928 pleni
1156 1859 1238 1906 essa.
1282 1837 1347 1912 Sed

139 1971 241 2030 noctc
266 1983 318 2042 ea,
353 1983 428 2054 quae
454 1983 615 2054 proxuma
640 1961 702 2031 luit
736 1970 811 2029 ante
841 1961 928 2030 diem
966 1961 1133 2052 colloquio
1166 1960 1346 2044 decretum,

139 2089 281 2159 llaurus
307 2086 462 2157 adhibitis
487 2087 615 2169 amicis,
641 2110 681 2157 ac
706 2086 816 2156 statim
842 2086 1003 2156 inmutata
1027 2087 1193 2157 voluntate
1213 2085 1348 2157 remotis

141 2211 276 2292 uetans,
310 2210 431 2282 dicitur
456 2234 570 2281 secum
597 2211 666 2304 ipse
692 2211 833 2280 multum
865 2209 1052 2300 agitavisse,
1084 2211 1176 2281 vultu
1203 2211 1348 2305 corporis

142 2336 271 2428 pariter
288 2348 389 2429 atque
415 2336 526 2406 auimo
551 2335 677 2414 varius3
704 2357 779 2426 quae
797 2334 934 2417 scilicet,
960 2346 1087 2404 tacente
1113 2335 1195 2428 ipso,
1221 2335 1349 2406 occulta

143 2461 288 2552 pectoris
314 2460 519 2552 patefecisse.
562 2458 689 2528 Tamen
714 2467 880 2550 postremo
901 2457 1027 2528 Sullam
1052 2459 1176 2528 accersi
1201 2459 1291 2529 iubet
1317 2468 1350 2528 et

144 2607 189 2653 cx
215 2584 306 2655 illius
331 2583 493 2672 sententia
518 2581 670 2652 Numidae
696 2581 831 2651 insidias
856 2581 970 2651 tendit.
1022 2582 1152 2652 Deinde
1191 2582 1247 2653 uli
1278 2583 1350 2652 dics

145 2707 282 2778 advenit
307 2716 340 2776 et
365 2706 397 2776 ei
422 2705 607 2775 nuntiatum
633 2715 693 2784 est,
727 2703 923 2795 Iugurtham
956 2704 1045 2775 haud
1076 2706 1192 2798 procul
1222 2706 1349 2789 abesse,

146 2855 224 2902 cum
257 2831 372 2922 paucis
403 2829 517 2898 amicis
550 2838 584 2898 et
617 2838 779 2921 quaestore
805 2836 918 2897 nostru
953 2829 1049 2921 quasi
1073 2829 1189 2900 obvius
1214 2830 1351 2902 honoris

147 2978 249 3026 causa
288 2951 437 3046 procedit
479 2952 513 3020 in
553 2951 717 3022 tumulum
755 2951 961 3022 facillumum
1000 2951 1073 3022 visu
1109 2952 1351 3026 insidiantibus.

147 3078 279 3150 Eodem
306 3074 450 3146 Numida
483 3097 559 3145 cum
589 3074 757 3166 plerisque
785 3073 981 3144 necessariis
1006 3073 1086 3156 suis,
1121 3075 1266 3158 inermis,
1305 3078 1352 3148 uti

147 3201 274 3271 dictum
301 3211 384 3282 crat,
409 3198 550 3279 accedit;
576 3197 759 3280 aestatim,
785 3197 881 3289 siguo
907 3197 994 3280 dato,
1020 3199 1167 3292 undique
1187 3201 1285 3272 simul
1311 3226 1355 3272 ex

149 3324 281 3396 insidiis
307 3321 485 3392 invaditur.
537 3321 646 3394 Ceteri
675 3319 871 3404 obtruncati,
907 3321 1067 3414 Iugurtha
1093 3325 1193 3394 Sullae
1225 3325 1354 3396 vinctus

151 3447 293 3520 traditur
322 3445 421 3516 stab
446 3468 486 3515 eo
512 3444 554 3515 ad
577 3444 720 3517 llarium
747 3444 906 3516 deductus
932 3456 990 3515 est.

227 3595 319 3645 cxiv.
371 3573 434 3640 Per
451 3569 540 3639 idem
557 3579 685 3662 tempus
703 3568 879 3639 advorsum
897 3568 1009 3639 Gallos
1025 3570 1068 3640 ab
1081 3570 1221 3641 ducibus
1236 3572 1355 3642 nostris

153 3698 197 3782 0.
227 3697 384 3791 Caepionc
410 3705 444 3764 et
474 3696 519 3765 Μ.
546 3692 670 3764 Manlio
701 3692 788 3763 male
813 3704 1016 3785 pugnatum
1054 3716 1121 3786 quo
1146 3706 1235 3764 metu
1260 3696 1356 3767 ltalia

152 3823 262 3892 omnis
287 3819 496 3890 contremuit.
538 3817 659 3911 lllique
689 3828 721 3887 et
751 3815 827 3886 inde
853 3839 959 3909 usque
985 3816 1026 3887 ad
1052 3829 1197 3889 nostram
1225 3842 1357 3889 memo-

154 3946 238 4018 riam
266 3943 407 4015 Romani
434 3943 481 4012 sic
507 3941 665 4024 habuere,
692 3940 758 4011 alia
779 3941 891 4011 omnia
912 3941 1025 4011 virtuti
1050 3965 1117 4012 suae
1142 3964 1248 4034 prona
1274 3967 1355 4026 esse,

154 4091 233 4138 cum
257 4065 362 4138 Gallis
386 4087 447 4160 pro
472 4065 589 4146 saluto,
615 4087 682 4133 nou
706 4085 767 4156 pro
792 4064 899 4155 gloria
920 4075 1057 4136 certare.
1100 4065 1162 4136 Sed
1185 4077 1357 4162 postquam

155 4191 283 4264 bellurn
309 4191 343 4261 in
368 4188 525 4260 Numidia
550 4189 735 4258 conlectum
762 4197 794 4256 et
821 4187 1016 4279 Iugurtham
1042 4190 1181 4259 Romam
1211 4191 1357 4261 vinctum

156 4315 276 4388 adduci
311 4313 497 4386 nuntiatum
524 4323 583 4396 est,
622 4313 748 4385 ilarius
779 4313 894 4383 consul
925 4313 1042 4384 absens
1068 4315 1171 4386 lactus
1197 4315 1358 4384 estetsi

157 4441 292 4513 decreta
309 4435 478 4532 provincia
495 4435 621 4516 Gallia3
648 4435 742 4528 isque
760 4413 918 4506 Kalendis
935 4437 1095 4507 lanuariis
1112 4459 1236 4529 magna
1252 4439 1359 4530 gloria

26 4589 27 4602 ¹
158 4564 275 4634 consul
292 4558 519 4653 triumphavit.
558 4559 612 4628 Ex
628 4579 666 4628 ea
685 4566 877 4650 tempestate
897 4581 971 4650 spes
994 4569 1092 4652 atque
1116 4580 1195 4651 opes
1220 4561 1360 4633 civitatis

159 4691 194 4759 in
220 4689 279 4759 illo
303 4689 383 4758 sitae.
