3576 5602
1303 669 1374 740 132

167 869 202 938 in
220 867 287 937 illis
304 868 386 937 loeis
402 867 626 938 stabulantem
644 868 829 938 invisitatae
848 867 1071 949 immanitatis,
1091 891 1235 960 eumque
1253 890 1375 960 magna

166 994 265 1062 totius
291 993 455 1063 exercitus
489 992 698 1063 conflictione
730 991 869 1063 ballistis
902 1002 1001 1085 atque
1031 993 1204 1085 catapultis
1230 992 1285 1063 diu
1312 1016 1374 1086 op-

165 1128 363 1210 pugnatum,
390 1117 528 1210 eiusque
553 1117 715 1187 interlecti
741 1118 867 1190 corium
893 1119 1031 1209 longum
1054 1115 1156 1210 pedes
1182 1129 1314 1187 centum
1341 1127 1371 1187 et

165 1241 286 1333 viginti
310 1242 452 1311 Romam
479 1241 617 1310 misisse.
645 1242 767 1311 Gellius
789 1241 823 1324 6,
851 1240 886 1313 3.
989 1243 1045 1311 11.
1073 1241 1161 1325 Quid
1188 1241 1275 1312 idem
1302 1243 1371 1310 Tu·

165 1367 248 1436 bero
275 1389 381 1436 novae
406 1365 563 1436 historiae
590 1361 692 1450 [nonu
716 1365 886 1453 historici]
913 1366 954 1436 de
980 1367 1138 1458 Regulo.
1161 1367 1371 1437 ‚memoriae

165 1491 373 1561 mandaverit
399 1542 466 1559 ...
493 1490 661 1582 Regulum
687 1491 819 1561 Tubero
846 1491 878 1560 in
905 1490 1049 1562 historiis
1077 1492 1202 1562 redisse
1229 1492 1371 1562 Cartba-

145 1597 280 1706 ¹ginem
308 1613 466 1705 nonaque
493 1615 721 1706 exemplorum
747 1615 852 1684 modis
879 1617 1104 1686 excruciatum
1129 1640 1149 1687 a
1175 1618 1293 1686 Poenis
1317 1617 1372 1686 di-

165 1741 224 1809 cit:
261 1741 296 1809 in
322 1751 427 1820 atras,
467 1737 590 1830 inquit,
626 1747 658 1806 et
682 1739 862 1831 profundas
888 1739 1041 1810 tenebras
1073 1763 1149 1812 eum
1175 1741 1371 1811 claudebant

165 1887 204 1934 ao
231 1863 289 1933 diu
315 1874 398 1956 post,
426 1863 484 1934 ubi
509 1872 580 1932 erat
605 1863 693 1932 visus
719 1865 769 1933 sol
794 1864 1055 1946 ardentissimus
1087 1877 1222 1958 repente
1248 1866 1371 1936 eduee-

164 1987 246 2057 bant
275 1998 308 2056 et
341 1988 497 2058 adversus
529 1988 611 2058 ictus
644 1987 721 2057 solis
747 1989 934 2080 oppositum
959 1989 1170 2060 continebant
1194 2001 1292 2084 atque
1317 1991 1371 2059 in-

165 2113 303 2183 tendere
327 2114 361 2182 in
379 2115 508 2184 caelum
527 2114 639 2182 oculos
657 2111 831 2203 cogebant.
869 2113 1049 2206 Palpebras
1071 2137 1204 2207 quoque
1221 2114 1303 2196 eius,
1327 2137 1370 2184 ne

165 2238 345 2308 connivere
371 2249 489 2332 posset,
514 2260 645 2308 sursum
666 2260 705 2306 ao
727 2236 879 2307 deorsum
898 2237 1045 2308 diductas
1067 2239 1253 2308 insuebant.
1295 2238 1370 2308 Gel-

164 2363 229 2432 lius
250 2360 285 2442 6,
317 2359 352 2433 4.
457 2361 513 2434 12.
540 2364 673 2432 Tubero
701 2361 759 2432 lib.
785 2363 879 2431 Xllll
901 2361 1132 2432 historiarum:
1167 2384 1242 2456 pars
1263 2362 1370 2431 omnis

165 2487 366 2557 luxuriabat.
397 2488 521 2557 Nonius
533 2511 568 2580 p.
584 2483 669 2567 481,
688 2485 722 2556 9.
816 2484 874 2556 13.
900 2485 942 2569 Q.
957 2485 1088 2556 Tubero
1101 2486 1198 2556 tradit
1211 2485 1368 2556 heredem

164 2611 208 2680 ab
234 2633 276 2679 eo
310 2603 360 2700 [C.
389 2608 547 2696 Caesare]
577 2608 677 2680 scribi
702 2610 835 2679 solitum
861 2633 904 2679 ex
934 2612 1105 2681 consulatu
1134 2611 1236 2703 ipsius
1262 2611 1369 2703 primo

165 2758 273 2827 usque
300 2735 341 2805 ad
368 2734 499 2804 initium
525 2733 605 2804 belli
631 2733 736 2805 civilis
762 2734 822 2804 Cn.
849 2735 1055 2827 Pompeium,
1086 2735 1185 2826 idque
1211 2735 1369 2805 militibus

164 2883 225 2954 pro
251 2859 405 2930 contione
431 2859 617 2930 recitatum.
661 2859 725 2929 Sed
756 2858 934 2928 novissimo
966 2867 1158 2928 testamento
1183 2868 1249 2930 tres
1274 2859 1370 2928 insti·

163 2985 225 3056 tuit
252 2984 391 3055 heredes
412 2993 474 3053 ete.
514 2983 682 3053 Suetonius
701 2985 738 3052 in
760 2984 890 3054 dcesure
910 2981 971 3067 83,
995 2982 1030 3053 2.
1136 2983 1191 3053 li.
1219 2982 1366 3054 Tubero:

163 3133 243 3180 nam
270 3109 442 3202 delinquat
466 3117 523 3178 aut
547 3119 682 3201 superet
707 3108 834 3201 aliquid
857 3109 927 3179 tibi.
969 3109 1098 3178 Seruius
1119 3111 1163 3179 nd
1182 3111 1271 3200 Verp.
1289 3110 1367 3178 Xer.

163 3231 200 3314 4,
219 3233 303 3305 390.
330 3237 388 3326 qui
414 3235 498 3304 loeus
523 3237 606 3303 iuter
624 3236 722 3305 dcclii
748 3250 775 3306 et
792 3235 888 3304 Gellii
912 3236 1132 3305 historicorum
1151 3236 1244 3304 verbo
1269 3236 1369 3303 inter-

164 3361 286 3451 positus
307 3374 360 3429 est.
465 3360 520 3428 15.
548 3359 694 3430 Tubero:
722 3359 801 3429 hino
823 3361 857 3429 in
876 3360 1090 3430 millesimum
1108 3382 1231 3429 annum
1253 3380 1367 3428 eorum

163 3484 330 3554 columine
349 3484 464 3553 civitas
481 3485 713 3556 continebitur.
748 3486 896 3556 Donatus
909 3489 952 3556 od
970 3486 1037 3555 Ter.
1058 3487 1181 3554 Pbornr.
1203 3484 1237 3564 2,
1258 3482 1289 3564 1,
1308 3481 1366 3553 57.

630 3775 898 3783 -—-—-——.——

243 3999 276 4058 ln
291 3997 460 4074 Tuberone,
482 4000 669 4077 scriptorum
689 4001 800 4076 quibus
816 3999 965 4060 etLivins
988 4002 1020 4058 et
1034 3999 1203 4074 Dionysius
1224 3997 1368 4057 Halicar-

164 4121 293 4164 nasseus
315 4106 365 4165 usi
387 4109 457 4166 sunt
476 4107 700 4182 recentissimo,
723 4107 812 4166 buius
827 4106 899 4166 libri
916 4105 1004 4165 linem
1027 4105 1132 4164 faeere
1147 4105 1368 4165 constituimus.

164 4209 251 4279 Quod
283 4215 446 4288 superarat
482 4213 589 4290 spatii,
627 4213 787 4273 Addendis
817 4213 999 4290 quibusdam
1027 4212 1224 4272 conscribere
1245 4211 1369 4288 placuit.

163 4316 212 4377 Ad
233 4318 405 4379 tollendum
432 4318 508 4379 illud
536 4322 567 4378 in
595 4321 725 4379 Numerii
753 4339 782 4398 p.
804 4323 872 4396 252,
898 4323 917 4379 2
950 4319 1110 4380 familiaris
1136 4317 1257 4394 quidam
1283 4333 1369 4376 mens

161 4427 295 4484 ruminent
320 4428 361 4498 in,
390 4424 534 4486 Hertzius
560 4429 591 4486 iu
616 4430 710 4486 nostri
739 4427 938 4504 excogitavit.
1028 4425 1061 4486 P.
1083 4427 1152 4499 253,
1180 4426 1216 4482 31
1254 4424 1369 4483 rectius

162 4533 233 4591 erit:
250 4531 409 4610 additisque
422 4539 557 4610 quotum
569 4535 690 4594 urbani:
705 4537 784 4594 XXX
795 4537 945 4611 utriusque
958 4535 1074 4610 poneris
1085 4531 1183 4590 tribus.
1265 4530 1298 4589 P.
1310 4531 1370 4590 262

162 4637 267 4698 Cincio
296 4641 423 4699 auctore
449 4639 566 4699 Plinius
600 4643 660 4699 nat.
690 4641 761 4700 bist.
793 4640 844 4699 lib.
879 4641 918 4700 36
951 4656 986 4699 se
1014 4656 1101 4698 nsum
1128 4639 1173 4698 ait
1199 4639 1231 4697 in
1259 4637 1370 4697 indice.

161 4745 192 4804 P.
215 4748 324 4821 aest
357 4747 396 4805 do
423 4745 453 4805 C.
477 4747 552 4807 lulio
582 4746 643 4807 alia
670 4747 847 4808 coniectura
874 4745 954 4806 iufra
980 4764 1008 4823 p.
1038 4747 1096 4806 389
1125 4745 1288 4823 proposita
1317 4748 1366 4803 ast
