3526 5604
415 637 488 708 364

412 837 504 907 llos.
524 835 560 919 9,
585 834 641 918 12,
665 835 698 906 7.
723 841 779 930 cfr.
808 837 992 907 Plutarchus
1014 838 1158 909 amoc
1175 838 1210 910 9.
1238 842 1342 910 Moero
1363 843 1408 910 od
1428 842 1560 910 Attium
1581 840 1611 920 l,

413 957 449 1042 4,
471 959 506 1031 2.
533 985 564 1032 o.
586 985 619 1031 o.
640 959 723 1033 688.
751 961 788 1032 C.
807 961 956 1031 Licinius
974 965 1012 1032 L.
1032 962 1055 1031 1.
1073 965 1187 1035 Macer
1208 967 1245 1033 io
1262 967 1415 1034 damnis.
1513 967 1544 1034 2.
1572 967 1614 1035 At

413 1106 492 1154 vero
517 1087 562 1156 M.
580 1083 737 1155 Octavius
759 1095 791 1152 et
812 1084 961 1154 Licinius
977 1086 1089 1156 Macer
1115 1087 1250 1157 tradunt
1266 1087 1439 1157 Amulium
1464 1097 1613 1178 patruum

412 1208 527 1281 Rheae
552 1208 731 1278 sacerdotis
755 1230 869 1279 amore
897 1209 968 1279 eins
994 1219 1124 1302 captum
1155 1210 1270 1281 nubilo
1295 1211 1388 1280 caelo
1413 1210 1614 1303 obscuraque

414 1357 507 1416 aere,
542 1355 618 1403 cnm
645 1333 790 1426 primum
822 1333 1014 1403 illucescere
1045 1335 1222 1428 coepisset,
1261 1337 1294 1405 in
1327 1359 1425 1406 usum
1450 1357 1612 1405 sacrorum

414 1480 535 1552 aquam
566 1457 690 1549 petenti
716 1456 907 1526 insidiatum
947 1458 981 1526 in
1015 1459 1091 1529 luco
1120 1461 1234 1532 Martis
1264 1461 1497 1553 compressisse
1525 1481 1612 1537 eam:

413 1593 482 1653 tum
509 1583 632 1652 exactis
658 1581 826 1652 mensibus
851 1581 1002 1672 geminos
1028 1583 1142 1653 editos.
1182 1584 1278 1668 Quod
1300 1608 1376 1655 conr
1394 1583 1611 1676 comperisset,

415 1707 545 1779 celandi
571 1708 647 1778 laeti
673 1707 779 1798 gratia
805 1730 865 1799 per
890 1708 998 1777 scelus
1024 1709 1174 1801 concepti
1201 1710 1315 1780 necari
1347 1709 1441 1779 iussit
1465 1706 1613 1778 sacerdo-

414 1842 496 1914 tem,
531 1842 662 1925 partum
687 1831 751 1900 sibi
777 1830 942 1902 exhiberi.
993 1831 1145 1925 Tumque
1171 1835 1376 1904 Numitorem
1408 1856 1467 1926 spe
1493 1832 1614 1902 loturo-

414 1979 505 2034 rum,
546 1956 635 2050 quod
663 1955 696 2026 bi
729 1955 757 2025 si
783 1955 1004 2025 adolevissent
1033 1956 1230 2030 iniuriarum
1259 1981 1394 2028 suarum
1421 1955 1613 2049 quandoque

414 2080 538 2151 ultores
563 2079 665 2150 loturi
691 2089 814 2160 essent,
854 2077 937 2148 alios
962 2101 1022 2171 pro
1050 2079 1097 2148 eis
1127 2075 1328 2160 subdidisse,
1369 2079 1512 2172 illosque
1544 2097 1613 2147 suos

414 2226 510 2276 veros
537 2214 672 2297 nepotes
698 2204 856 2274 Faustulo
881 2213 1050 2296 pastorum
1077 2203 1234 2295 magistro
1263 2203 1391 2274 dedisse
1417 2202 1612 2273 nutriendos.

415 2329 564 2399 Aurelius
594 2329 696 2398 Victor
720 2330 759 2398 dc
784 2329 865 2419 orip.
885 2350 917 2418 9.
937 2329 977 2396 ll.
997 2325 1053 2407 19,
1072 2326 1095 2398 5
1113 2350 1180 2419 sqq.
1281 2327 1316 2398 3.
1343 2327 1493 2400 Licinius
1511 2330 1614 2397 Macer

415 2452 528 2524 annali
546 2453 603 2522 lib.
621 2454 653 2523 l:
681 2449 828 2543 auspicia
852 2449 992 2542 pulchra
1019 2461 1051 2520 et
1076 2451 1245 2522 luculenta
1267 2463 1516 2522 commemorat.
1553 2451 1615 2519 No-

414 2579 490 2648 oius
517 2601 550 2668 p.
582 2573 641 2657 63,
670 2574 727 2646 12.
835 2573 869 2642 l.
901 2575 945 2645 at
969 2597 1050 2644 vero
1077 2575 1227 2646 Licinius
1251 2579 1364 2648 Macer
1392 2575 1451 2646 lib.
1478 2577 1493 2645 l
1527 2575 1616 2645 docet

417 2700 635 2772 contentionis
660 2701 751 2772 illius
778 2698 1002 2793 perniciosum
1027 2701 1156 2771 exitum
1181 2701 1294 2782 fuisse,
1328 2724 1474 2793 namque
1499 2697 1616 2770 ibidem

416 2827 609 2898 obsistentes
633 2827 775 2896 Remum
807 2835 841 2894 et
868 2825 1063 2894 Faustulum
1098 2824 1295 2896 interfectos.
1342 2825 1491 2894 Aurelios
1522 2825 1616 2892 Victor

417 2953 456 3023 de
480 2952 561 3043 erip.
594 2974 626 3042 9.
657 2952 696 3018 ll.
723 2947 783 3030 23,
816 2947 850 3020 5.
959 2948 993 3018 5.
1023 2950 1136 3020 Macer
1160 2948 1372 3020 historiarum
1405 2949 1492 3018 libro
1517 2948 1616 3041 primo

417 3074 566 3146 Faustuli
592 3074 772 3164 coniugem
796 3073 921 3143 Accam
948 3071 1140 3142 Larentiam
1166 3073 1300 3154 llomnli
1332 3083 1365 3141 et
1388 3072 1487 3142 Remi
1517 3071 1617 3142 nutri-

418 3222 491 3270 cem
516 3199 615 3269 luisse
641 3195 825 3266 confirmat.
869 3196 967 3264 Hanc
994 3207 1155 3288 regnante
1177 3198 1318 3268 Romulo
1335 3197 1479 3268 Carueio
1506 3189 1618 3286 [Foro-

418 3317 495 3414 tiol]
522 3321 655 3394 cuidam
673 3321 781 3392 Tusco
807 3318 900 3390 diviti
925 3319 1108 3413 denuptam
1130 3331 1328 3414 auctamque
1345 3321 1527 3392 hereditate
1543 3319 1616 3396 viriz

418 3469 519 3542 qnam
544 3457 617 3540 post
641 3445 783 3516 Romulo
809 3465 908 3536 quem
935 3442 1107 3514 educasset
1131 3446 1277 3538 reliquit,
1310 3457 1342 3515 et
1366 3445 1408 3515 ab
1435 3469 1476 3516 eo
1502 3467 1619 3538 paren·

419 3571 500 3642 talia
516 3571 672 3664 diemque
690 3572 810 3640 lestum
827 3567 958 3662 pietatis
970 3579 1137 3639 statutum.
1172 3571 1352 3642 Macrobius
1364 3571 1495 3641 Sutura.
1514 3570 1546 3652 l,
1568 3569 1618 3641 10.

417 3699 520 3769 Acca.
546 3697 658 3767 Macer
684 3693 896 3765 historiarum
922 3695 979 3762 11⁰.
1008 3693 1205 3764 Glossarium
1226 3695 1296 3766 MS.
1320 3697 1411 3765 Lcid.
1436 3697 1525 3788 opod
1541 3695 1620 3764 nus

418 3822 463 3891 od
488 3820 551 3890 Cic.
574 3821 612 3889 dc
637 3821 715 3911 lepp.
742 3818 774 3899 1,
797 3816 832 3898 2,
856 3816 889 3887 7.
929 3816 1100 3887 Brumalia
1125 3841 1259 3910 qnoque
1286 3821 1446 3890 Romulus
1472 3817 1620 3898 instituit,

418 3943 642 4014 necessarium
668 3953 758 4014 ratos
784 3941 904 4012 hiemis
930 3952 1089 4034 tempore,
1115 3963 1191 4011 cum
1218 3963 1386 4012 armorum
1408 3952 1495 4012 emet
1517 3965 1622 4012 cessa-

419 4067 477 4150 tio,
505 4066 695 4138 universnm
721 4076 870 4137 senatum
896 4088 1079 4156 omnesque
1111 4087 1266 4159 proceres
1301 4077 1334 4136 et
1362 4067 1482 4136 milites
1508 4067 1622 4160 palati-

420 4213 480 4261 nos
505 4214 525 4260 a
550 4212 629 4282 rege
656 4191 807 4261 convivio
829 4190 938 4283 excipi
958 4242 966 4258 .
987 4243 995 4258 .
1015 4241 1024 4258 .
1048 4190 1093 4259 Et
1109 4191 1290 4281 permansit
1309 4191 1364 4262 hic
1380 4193 1621 4263 Brumaliorum

419 4337 492 4384 mos
518 4316 552 4384 in
578 4316 729 4384 Romana
755 4313 886 4384 civitate
919 4337 1023 4406 usque
1049 4313 1091 4383 ad
1117 4313 1206 4384 bunc
1231 4315 1331 4384 diem.
1381 4317 1535 4408 Namque
1561 4315 1624 4384 llo-

420 4439 530 4510 mulus
565 4439 628 4509 bac
661 4439 789 4511 ratione
822 4462 857 4508 se
890 4439 1101 4509 inimicorum
1134 4439 1285 4510 convicia
1316 4441 1440 4533 optime
1474 4441 1625 4532 sperabat

421 4562 664 4646 restincturum,
691 4563 749 4656 qui
768 4564 920 4655 geminos
941 4563 1072 4643 fratres,
1099 4575 1136 4632 ut
1158 4563 1303 4655 primum
1326 4587 1344 4633 a
1365 4565 1487 4634 Fausto
1508 4565 1625 4634 rustico

421 4688 560 4780 eiusque
585 4688 728 4779 coniuge
755 4691 848 4781 Lupa
874 4688 1017 4780 suscepti
1047 4699 1139 4770 sunt,
1174 4688 1284 4758 alieno
1316 4689 1404 4758 victu
1430 4711 1470 4757 ae
1497 4699 1625 4780 sumptu
