3554 5600
1279 623 1351 691 22⁷

139 816 203 885 41.
230 817 317 886 Nam
348 815 490 908 speeiem
521 813 623 884 elficit
652 816 795 910 Scythici
825 795 931 886 aiens.
976 818 1035 886 43.
1062 818 1166 908 lgitur
1192 818 1351 890 introrsus

137 941 249 1032 prima
264 939 356 1010 Asiae
373 938 529 1032 Bithynia
547 938 605 1020 es't,
627 939 739 1020 multis
755 950 853 1009 antea
864 940 1054 1010 nominihus
1070 941 1244 1033 appellata.
1277 945 1351 1035 lpsa

140 1064 234 1134 enim
247 1077 298 1133 est
323 1063 429 1133 maior
454 1062 608 1157 Phrygia.
649 1063 707 1133 43.
739 1066 892 1156 Namque
917 1063 1066 1134 omnium
1084 1064 1292 1136 ferocissumi
1310 1068 1351 1138 ad

141 1191 205 1262 hor
222 1205 356 1285 tempus
372 1190 488 1263 Achaei
512 1202 610 1286 atque
632 1191 733 1262 Tauri
758 1202 845 1272 sunt,
878 1191 979 1284 quod,
1014 1203 1172 1284 quantum
1198 1191 1351 1272 eoniieio,

141 1317 296 1386 locorum
323 1327 467 1409 egestate
499 1328 594 1410 rapto
624 1316 735 1385 vivere
765 1315 882 1386 coacti.
935 1316 994 1384 44.
1030 1315 1159 1409 Scythae
1188 1315 1351 1386 Nomades

141 1453 268 1522 tenent,
297 1441 417 1536 quihus
443 1442 587 1533 plaustra
614 1440 708 1510 sedes
735 1449 822 1510 sunt.
861 1439 919 1510 45.
956 1433 1171 1529 [Proxumum
1198 1439 1352 1510 dicebant

140 1578 271 1636 veteres
297 1589 363 1636 non
389 1565 497 1635 solum
523 1564 696 1634 adhaerens
716 1575 748 1633 et
766 1563 969 1645 adiunctum,
995 1564 1230 1636 verumetiam
1254 1566 1351 1656 longe

140 1702 320 1766 remotum.
346 1689 375 1758 si
394 1700 504 1758 tamen
523 1688 690 1759 interduo
713 1689 853 1758 discreta
880 1689 964 1758 nihil
987 1689 1133 1760 medium
1151 1684 1349 1778 exstitisset]

144 1817 190 1884 lta
217 1825 251 1882 et
271 1813 432 1884 Salustius
458 1814 493 1882 in
518 1812 581 1882 situ
604 1813 696 1882 Ponti
723 1813 765 1883 de
790 1812 1022 1905 promontoriis
1043 1813 1294 1906 Paphlagonum
1320 1825 1352 1883 et

141 1937 232 2031 quod
266 1941 362 2029 κριοῦ
387 1931 537 2022 μέτωπον
562 1935 752 2029 adnullavit,
779 1939 897 2029 posuit.
941 1938 1000 2008 46.
1027 1941 1109 2008 Lata
1135 1949 1245 2008 autem
1264 1938 1350 2020 ideo,

141 2064 220 2157 quia
247 2085 284 2131 se
310 2063 472 2154 angustiae
498 2062 624 2133 Pontici
649 2061 716 2131 oris
743 2061 811 2131 illio
838 2061 986 2143 dilatant,
1018 2074 1054 2132 ut
1079 2061 1239 2133 Salustius
1260 2062 1349 2132 dicit

141 2188 203 2256 47.
228 2187 420 2267 Anacreon,
447 2187 586 2280 Lyrieus
611 2197 720 2279 poeta,
747 2187 846 2256 Teius
872 2187 946 2268 luit,
972 2187 995 2256 i.
1022 2211 1052 2256 e.
1080 2188 1122 2256 ah
1148 2186 1231 2256 urhe
1257 2186 1349 2264 Teia,

142 2333 245 2403 quam
282 2311 316 2380 in
351 2311 578 2404 Paphlagonia
616 2334 687 2381 esse
721 2311 882 2381 Salustius
915 2311 1004 2382 dicit.
1054 2309 1112 2379 48.
1146 2311 1190 2380 At
1222 2309 1350 2403 Oppius

143 2447 320 2527 postquam
345 2457 444 2506 orans
470 2435 553 2506 nihil
580 2435 782 2528 proficiebat,
818 2435 932 2506 timide
968 2444 1057 2504 veste
1083 2443 1204 2504 tectum
1230 2433 1350 2525 pugio-

143 2581 222 2626 nem
249 2559 408 2651 expedire
427 2570 562 2629 conatus
588 2581 608 2628 a
633 2559 728 2630 Cotta
751 2559 952 2652 Vulseioque
972 2558 1148 2652 inpeditur.
1188 2556 1247 2626 49.
1275 2550 1350 2644 [Sa-

143 2683 262 2752 lustius
288 2683 330 2751 de
355 2683 476 2776 Appio,
511 2683 569 2755 uhi
600 2707 676 2754 eum
703 2681 798 2752 Cotta
823 2683 856 2752 in
889 2683 1098 2753 contentione
1132 2682 1175 2752 ah
1201 2680 1350 2752 exercitu

142 2807 235 2897 cogit
257 2802 453 2898 discedere]
481 2808 570 2888 dicit,
597 2831 632 2878 se
659 2807 729 2878 eius
755 2829 856 2899 opera
881 2828 950 2875 non
975 2829 1113 2877 usurum
1139 2827 1282 2897 eumque
1309 2802 1351 2873 ah
1461 2851 1464 2856 ·

140 2931 244 3000 armis
257 2931 401 3000 dimittit.
440 2931 498 3001 50.
524 2931 606 3001 Fine
624 2931 801 3023 inguinum
823 2929 1053 3020 ingrediuntur
1070 2951 1172 2999 mare.
1209 2928 1350 2999 atm-

143 3055 321 3148 pediehant
347 3055 434 3126 iussa
458 3067 646 3126 nautarum.
686 3055 744 3125 52.
771 3053 823 3126 Α4
846 3053 1004 3146 Cyzicum
1031 3054 1175 3146 perrexit
1201 3052 1349 3123 firmatus

142 3181 259 3250 animi.
308 3180 368 3250 53.
405 3180 509 3264 Quasi
542 3203 603 3274 par
634 3179 668 3249 in
699 3177 819 3272 oppido
851 3177 1016 3247 festinatio
1044 3187 1075 3246 et
1101 3177 1218 3269 iugens
1245 3189 1349 3246 terror

142 3317 227 3384 erat,
266 3327 309 3374 ue
349 3329 392 3390 err
423 3306 525 3374 latere
560 3326 644 3374 nova
675 3302 881 3371 munimenta
915 3301 1050 3371 madore
1082 3300 1347 3378 infirmarenturc

143 3453 219 3499 uam
245 3431 359 3500 omnia
384 3429 498 3524 oppidi
522 3427 728 3518 stagnabant,
762 3424 1024 3496 redundantibus
1049 3425 1183 3507 cloacis,
1210 3425 1349 3494 advorso

142 3564 222 3623 astu
241 3553 354 3623 maris.
397 3553 455 3622 54.
482 3554 617 3623 Actum
636 3573 803 3631 maxume,
831 3550 877 3620 uti
903 3550 986 3619 solet
1011 3549 1167 3619 exuemis
1184 3549 1218 3619 in
1236 3549 1346 3630 rebus,

142 3677 204 3747 sihi
231 3677 374 3770 quisque
408 3675 615 3745 carissimum
650 3674 740 3744 domi
770 3674 948 3753 reeordari,
988 3675 1163 3766 cunctique
1196 3673 1346 3744 omnium

142 3875 224 3952 quod
238 3873 469 3934 Sohunhoisch
483 3873 659 3933 emendavit
676 3871 816 3949 finitaque
836 3877 997 3946 tenpestate
1010 3875 1043 3930 et
1054 3887 1160 3946 mogun
1176 3875 1220 3930 rte
1235 3872 1346 3949 logen-

143 3982 214 4043 dum
240 3997 315 4041 esse
339 3981 467 4041 censuit.
515 3982 562 4040 41.
585 3979 672 4040 Serv.
699 3978 738 4038 ad
761 3978 836 4038 Aen.
865 3981 891 4036 3.
920 3979 989 4037 533.
1037 3979 1086 4037 ta.
1108 3979 1140 4036 iu
1166 3980 1193 4036 5.
1222 3979 1288 4037 373.
1317 3979 1344 4036 5.

142 4093 212 4150 343.
234 4088 290 4150 ctr.
304 4088 377 4148 isid.
400 4092 447 4149 14.
469 4090 497 4147 3.
539 4089 588 4149 ts.
605 4085 708 4146 Sohol.
730 4085 795 4146 luv.
817 4087 948 4145 15.115.
990 4087 1039 4144 44.
1055 4084 1206 4160 Porphyr.
1220 4083 1260 4142 ad
1273 4081 1345 4142 llor.

143 4195 249 4256 043.
271 4197 368 4256 aas.
412 4197 459 4254 45.
479 4193 554 4254 Νοιι.
578 4195 645 4254 534.
661 4195 689 4253 3.
731 4191 1158 4253 summouentem.
1202 4188 1345 4248 441401·-

143 4300 657 4380 phyr.adllor.0d.2.17.18.
701 4295 844 4359 lSNon.
868 4301 937 4359 533.
959 4301 1006 4358 31.
1050 4299 1097 4357 49.
1114 4295 1199 4356 Serv.
1214 4296 1251 4354 acl
1269 4294 1344 4354 Aen.

146 4411 191 4470 12.
213 4411 282 4469 344.
324 4411 373 4468 ht).
395 4407 464 4467 Arr.
487 4425 511 4467 s.
525 4425 554 4466 v.
567 4405 628 4480 fine
647 4423 675 4484 p.
691 4406 761 4465 231.
784 4405 958 4482 Philargyr.
977 4404 1016 4463 ad
1030 4403 1115 4480 Virg.
1130 4401 1237 4479 Georg.
1256 4403 1274 4460 3
1298 4403 1345 4460 53.

144 4519 192 4575 st.
217 4515 306 4575 Serv.
333 4515 372 4574 ad
393 4514 471 4572 Aen.
494 4515 522 4572 3.
545 4514 612 4572 128.
655 4514 704 4572 53.
725 4512 832 4572 Arrus.
849 4530 874 4571 s.
896 4531 924 4570 v.
944 4510 1021 4584 firm.
1041 4529 1070 4588 p.
1092 4511 1160 4569 332.
1202 4510 1247 4567 53.
1268 4505 1345 4566 Non.

145 4625 213 4682 138.
235 4623 262 4681 3.
304 4619 376 4680 Cod.
398 4620 450 4680 lih.
473 4637 513 4679 rv.
535 4619 685 4680 laudatur.
705 4635 762 4697 pro
784 4621 888 4692 main,
909 4616 991 4693 quod
1010 4615 1143 4674 inlibris
1165 4619 1222 4688 est,
1243 4619 1346 4675 meniu

144 4731 343 4790 emendarunt
364 4727 400 4787 Α.
424 4728 445 4788 1.
469 4727 507 4788 hl.
550 4728 596 4786 54.
618 4725 693 4786 Non.
719 4728 782 4785 137.
807 4727 851 4783 10.

1123 4823 1183 4888 25!
