3554 5600
320 627 321 632 '
441 644 510 712 roo

435 842 591 914 videlicet
614 853 650 913 ut
675 864 733 912 uos
758 839 1047 922 commonefacias,
1072 863 1173 934 quam
1191 863 1349 911 conversa
1374 842 1414 912 sit
1430 841 1656 935 respublica,

437 990 513 1038 cum
540 966 572 1036 in
600 990 640 1037 ea
656 965 755 1036 domo
779 965 919 1046 habitas,
946 963 1047 1034 bomo
1068 962 1346 1056 flagitiosissuma
1372 987 1447 1059 quae
1464 967 1501 1036 P.
1520 966 1657 1044 Crassi,

439 1093 502 1163 viri
527 1091 722 1172 consularis,
749 1089 821 1159 luit
867 1089 977 1181 Atque
1004 1088 1076 1158 baec
1101 1110 1178 1159 cum
1204 1089 1251 1158 ita
1277 1089 1353 1169 sint,
1389 1101 1501 1160 tamen
1526 1090 1658 1161 Cicero

440 1237 476 1286 se
500 1215 579 1285 dicit
603 1215 637 1283 in
664 1212 805 1284 concilio
831 1212 971 1283 deorum
996 1212 1233 1283 immortalium
1259 1214 1376 1296 baisse:
1403 1214 1481 1285 inde
1507 1214 1658 1284 missum

441 1339 520 1410 huie
545 1338 620 1410 urbi
646 1338 839 1431 civibusque
864 1335 1046 1418 custodem,
1073 1336 1199 1428 absque
1225 1336 1390 1407 carnificis
1412 1339 1559 1420 nomine,
1586 1339 1658 1430 qui

441 1463 579 1534 civitatis
612 1461 859 1532 incommodum
892 1461 926 1530 in
964 1461 1107 1552 gloriam
1139 1483 1234 1531 suam
1265 1461 1369 1555 ponit.
1430 1461 1534 1546 Quasi
1565 1485 1657 1533 vero

441 1609 510 1657 non
534 1586 623 1657 illius
648 1585 885 1656 coniurationis
910 1607 1010 1656 causa
1037 1585 1136 1655 luerit
1151 1585 1341 1656 consulatus
1362 1597 1450 1669 tuus,
1476 1597 1509 1656 et
1524 1587 1656 1657 iccirco

441 1733 495 1782 res
526 1710 659 1804 publiea
690 1709 827 1780 disiecta
860 1731 900 1779 eo
929 1718 1090 1802 tempore,
1129 1732 1197 1802 quo
1226 1720 1258 1779 te
1277 1709 1460 1780 custodem
1493 1710 1654 1780 habebat.

443 1835 520 1916 Sed,
546 1843 582 1906 ut
606 1833 737 1926 opinor,
763 1832 822 1902 illa
846 1842 878 1902 te
904 1833 1011 1924 magis
1037 1833 1211 1915 extollunt,
1241 1855 1316 1924 quac
1342 1843 1414 1925 post
1439 1834 1655 1904 consulatum

443 1983 520 2032 curn
539 1961 694 2030 Terentia
718 1981 823 2028 uxore
843 1958 884 2029 de
907 1981 944 2028 re
965 1957 1099 2051 publica
1118 1957 1327 2028 consuluisti:
1353 1980 1429 2028 enm
1447 1958 1530 2050 legis
1547 1959 1655 2028 Plau-

442 2084 498 2155 tiae
524 2085 648 2155 iudicia
672 2083 763 2154 domi
794 2082 981 2154 faciebatis:
1017 2105 1060 2152 ex
1085 2082 1265 2154 coniuratis
1290 2083 1373 2153 alios
1404 2093 1526 2173 morte,
1566 2083 1654 2152 alios

442 2207 587 2301 pecunia
606 2206 868 2277 condemnabas:
895 2229 971 2276 cum
997 2205 1057 2277 tibi
1082 2205 1168 2276 alius
1186 2206 1419 2287 Tusculanam,
1445 2204 1531 2276 alius
1548 2209 1654 2276 Pom-

445 2332 599 2425 peianam
624 2332 740 2404 villam
769 2330 1009 2412 exudifieabat,
1036 2331 1122 2402 alius
1147 2329 1283 2401 domum
1311 2331 1457 2401 emebat:
1494 2331 1553 2424 qui
1570 2355 1653 2402 veru

445 2454 530 2526 nihil
548 2464 687 2548 poterat,
713 2453 742 2523 is
767 2463 839 2524 erat
862 2453 1037 2524 columnia
1055 2453 1243 2547 proximus:
1270 2453 1299 2524 is
1315 2463 1373 2524 aut
1397 2455 1533 2526 domurn
1559 2466 1652 2526 tuam

445 2591 673 2672 oppugnatum
698 2589 846 2660 veneral,
878 2589 937 2649 aut
960 2578 1096 2649 insidias
1122 2577 1250 2647 senatui
1267 2578 1405 2658 lecerat:
1440 2579 1584 2672 denique
1609 2580 1652 2650 de

447 2727 488 2774 eo
512 2705 572 2774 tibi
596 2715 801 2798 compertum
826 2715 907 2775 erat
951 2703 1035 2788 Qua:
1061 2705 1090 2774 si
1114 2704 1174 2775 tibi
1199 2704 1280 2776 salsa
1305 2703 1438 2788 obiicio,
1470 2703 1573 2776 redde
1594 2728 1654 2774 ra·

446 2829 584 2910 tionem,
623 2839 784 2919 quantum
813 2827 1003 2920 patrimonii
1035 2827 1214 2919 acceperis,
1252 2827 1334 2920 quid
1365 2825 1424 2897 tibi
1452 2826 1568 2898 litibus
1593 2851 1654 2898 ac-

449 2955 600 3036 creverit,
638 2977 704 3046 qua
736 2977 778 3024 ex
809 2954 952 3048 pecunia
983 2953 1120 3024 domum
1144 2954 1325 3047 paraveris,
1363 2953 1590 3023 Tusculanum
1621 2963 1655 3021 et

448 3079 687 3172 Pompeianum
713 3080 843 3152 infinito
868 3090 1000 3173 sumptu
1025 3079 1259 3160 :edificaveris3
1294 3088 1363 3162 aut,
1388 3079 1416 3149 si
1443 3079 1575 3162 retices,
1599 3081 1654 3151 cui

448 3216 556 3299 potest
588 3229 660 3276 esse
693 3207 844 3290 dubium,
879 3207 961 3301 quin
993 3205 1197 3299 opulentiam
1229 3205 1324 3277 istam
1358 3228 1401 3275 ex
1432 3205 1595 3298 sanguine
1622 3216 1655 3274 et

449 3328 592 3400 miseriis
632 3331 755 3403 civium
789 3331 984 3424 paraveris?
1039 3353 1087 3400 ur.
1125 3331 1263 3413 Verum,
1301 3340 1337 3401 ut
1369 3330 1506 3422 opinor,
1552 3329 1652 3402 bomo

450 3478 555 3527 novus
581 3457 736 3548 Arpinas,
776 3481 819 3528 ex
844 3457 882 3528 C.
908 3458 1006 3528 illarii
1031 3456 1169 3538 familia,
1205 3457 1276 3527 eius
1304 3456 1459 3528 virtutem
1485 3457 1651 3536 imitatur:

451 3579 631 3649 contemnit
655 3579 854 3650 simultatem
879 3578 1052 3650 bominum
1078 3579 1260 3661 nobilium:
1292 3579 1405 3672 populi
1428 3579 1573 3648 Romani
1595 3601 1654 3648 eu-

450 3726 522 3774 ram
555 3705 669 3786 babet:
710 3729 820 3802 neque
854 3718 980 3777 terrore
1012 3729 1122 3800 neque
1153 3706 1260 3798 gratia
1291 3716 1528 3777 commovetur.
1580 3707 1656 3778 Alia

451 3851 531 3899 vero
549 3830 693 3901 amicitia
717 3842 773 3902 tua
798 3855 837 3902 ac
855 3831 958 3902 virtus
984 3841 1034 3901 est
1058 3831 1178 3914 animi:
1206 3831 1308 3901 immo
1333 3854 1412 3902 vero
1433 3829 1536 3901 homo
1554 3831 1656 3901 lovis-

452 3953 565 4036 simus,
602 3957 744 4048 supplex
767 3955 923 4038 inimicis,
958 3954 1073 4025 amicis
1098 3953 1367 4036 contumeliosus,
1407 3952 1506 4023 modo
1534 3953 1655 4024 barum

453 4078 551 4148 modo
577 4079 711 4152 illarum
727 4081 883 4172 partium,
909 4079 994 4150 lidus
1016 4081 1154 4163 nemini,
1181 4079 1378 4150 levissumus
1395 4089 1539 4160 senator,
1568 4100 1657 4148 mer-

453 4204 607 4273 cenarius
623 4215 793 4295 patronus,
820 4204 913 4275 cuius
938 4204 1032 4274 nulla
1056 4225 1133 4296 pars
1159 4203 1306 4295 eorporis
1331 4226 1351 4272 a
1375 4199 1580 4294 turpitudine
1598 4223 1657 4271 va-

454 4339 517 4411 cat,
556 4329 672 4422 lingua
697 4351 793 4411 vana,
828 4351 945 4400 manus
970 4329 1216 4422 rapacissumae,
1247 4330 1325 4420 gula
1351 4329 1524 4407 immensa,
1557 4324 1657 4418 pedes

453 4451 601 4544 fugaces,
636 4475 711 4546 quae
736 4452 871 4522 honeste
897 4452 1064 4523 nominari
1089 4477 1156 4524 non
1187 4460 1332 4546 possunt,
1368 4449 1655 4524 inhonestissuma.

453 4578 563 4670 Atque
589 4577 628 4658 is,
654 4599 731 4646 cum
757 4575 920 4646 eiusmodi
945 4575 997 4658 sit,
1024 4587 1134 4646 tamen
1160 4575 1261 4646 audet
1285 4575 1417 4646 dicere:
1458 4575 1655 4667 Ofortooo-

454 4715 519 4772 toro
543 4715 649 4773 omnm
676 4725 724 4772 me
743 4703 866 4772 emuolo
882 4703 1035 4772 Romam!
1060 4703 1108 4771 Te
1126 4701 1261 4771 consule
1282 4701 1489 4781 fortunatam,
1517 4695 1654 4768 Cicero?
