3554 5600
1289 625 1361 695 alr

157 815 236 885 dum
262 817 394 908 pendet.
438 816 634 905 90.”Ᾱζιλις,
656 813 751 900 πόλις
765 815 901 911 Λιβύης·
923 819 956 888 οἱ
976 815 1012 890 δὲ
1032 822 1107 909 περὶ
1122 817 1298 904 §stutgras
1319 818 1361 892 ου’

157 927 260 1014 nile,
291 925 374 1003 ἄλλα
396 927 500 1004 τόπον
532 937 618 1027 φασὶ
641 935 694 1003 καὶ
724 927 872 1020 ποταμόν
900 929 987 1004 εἶναι
1031 942 1092 1012 91,
1117 936 1295 1018 Σαλαυςίου
1325 940 1361 1006 δὲ

156 1039 313 1134 θαυμάζω
350 1042 426 1118 τότε
464 1051 597 1137 πρῶτον
636 1043 757 1142 ὦφθαι
789 1043 960 1135 Ῥωμαίοις
995 1041 1157 1142 καμήλους
1200 1045 1356 1139 λέγονιος.

157 1165 215 1235 92.
244 1156 422 1247 Σαλούςιος
441 1158 497 1250 μὲν
518 1157 574 1234 οὖν
595 1165 680 1256 φησὶ
703 1167 851 1249 χαλεπαῖς
870 1168 1059 1257 διατεθῆναι
1078 1159 1156 1246 τούς
1176 1159 1357 1256 §paruitas

156 1273 240 1370 πρός
260 1271 368 1362 αὐτον,
394 1271 496 1359 eritius
515 1269 549 1348 ἓν
570 1274 655 1372 ὀρχῇ
674 1283 735 1348 τοῦ
755 1271 898 1364 πολέμου
925 1274 1012 1369 πρός
1033 1281 1159 1368 Κυζίκῳ
1187 1282 1240 1348 καὶ
1261 1275 1358 1349 πάλιν

154 1387 372 1484 πρόςἈμισῷ
388 1389 448 1467 ev'o
462 1401 618 1482 χειμῶνας
632 1390 708 1486 ἑξῆς
725 1387 759 1464 ἓν
772 1388 890 1483 χάρακι
904 1399 1062 1484 διαγαγεῖν
1076 1389 1341 1484 ἀναγκασθέντας.

154 1552 202 1612 2⁰.
215 1548 324 1627 Stepb.
336 1548 411 1627 Byr.
426 1567 451 1610 s.
466 1568 494 1609 v.
502 1539 628 1626 ’Ἀζιλια
660 1550 708 1610 91.
723 1548 877 1610 Plutarch.
895 1549 931 1608 V.
946 1546 1067 1610 Luculli
1082 1567 1107 1612 e.
1120 1554 1166 1609 11.
1209 1551 1256 1610 92.
1272 1549 1356 1610 Idem

154 1657 173 1716 l.
192 1658 214 1718 l
236 1675 260 1718 α.
284 1659 332 1716 33.
380 1657 453 1717 Alia
480 1673 547 1733 quae
577 1657 739 1717 laudantur
765 1656 944 1735 fragmenta,
972 1658 1087 1718 reetius
1117 1660 1296 1719 emittuntur
1323 1663 1357 1718 ut

153 1780 202 1824 ex.
225 1781 273 1840 gr.
302 1762 440 1824 Laetam.
466 1764 506 1823 ad
532 1763 608 1824 Stat.
637 1764 731 1824 Theb.
759 1784 789 1824 x.
816 1765 885 1824 539.
915 1765 1041 1841 „sabato
1067 1765 1086 1823 i.
1116 1782 1142 1824 e.
1171 1764 1270 1825 ialees
1295 1764 1354 1824 ba-

153 1871 260 1946 bente;
281 1871 342 1930 boe
361 1887 458 1947 genus
478 1886 631 1931 armorum
652 1871 744 1931 etiam
762 1869 911 1932 Salustius
933 1864 1099 1932 deseribit“
1124 1889 1191 1931 nam
1211 1872 1252 1930 ad
1272 1870 1353 1930 iden

151 1975 288 2037 retertur
313 1977 395 2052 quod
415 1993 509 2053 supra
531 1977 683 2038 laudatum
702 1981 753 2038 est
777 1994 845 2055 pag.
866 1979 934 2036 214.
956 1978 1027 2037 urbe
1044 1981 1198 2055 patrieque
1217 1983 1353 2036 catenes

152 2084 233 2160 qued
252 2082 363 2143 Editor
383 2081 632 2162 bureburgensis
657 2083 762 2144 laudat
787 2102 806 2143 a
829 2085 876 2142 lt.
899 2101 968 2144 narn
997 2084 1078 2144 idam
1108 2086 1157 2144 est
1181 2083 1263 2158 quod
1284 2084 1354 2143 erbe

152 2197 298 2250 terram
318 2197 462 2266 ιαιαπιι,
486 2190 569 2267 quod
582 2193 631 2250 est
643 2191 725 2269 apud
738 2189 939 2250 Arrusianum
956 2207 985 2266 p.
1000 2191 1068 2249 229.
1090 2205 1183 2265 supra
1194 2208 1223 2267 p.
1239 2191 1353 2249 218.—

150 2296 237 2357 Serv.
259 2296 338 2358 Aen.
359 2315 400 2356 xa
425 2299 494 2357 421.
544 2297 623 2356 unde
649 2296 749 2356 nudat
766 2297 908 2357 Salustius
929 2295 1024 2370 duces,
1055 2299 1104 2374 put
1130 2299 1277 2356 victoriam
1304 2299 1352 2354 ιά-

149 2411 270 2464 ernento
298 2408 431 2463 ιααναὶαι
456 2409 650 2479 reportarunt,
679 2421 771 2480 snpra
800 2421 828 2480 p.
858 2405 927 2462 212.
952 2401 1108 2462 laudatum
1139 2407 1195 2461 est.
1227 2439 1265 2448 -
1293 2418 1351 2476 pe·

149 2515 231 2569 trare
258 2511 361 2570 bellan
386 2511 526 2580 Quinctil.
548 2529 611 2569 vnn
637 2513 664 2569 3.
687 2513 734 2570 tt.
767 2525 835 2570 nam
860 2509 910 2569 bis
936 2509 967 2568 in
995 2509 1174 2586 iugurthino
1203 2508 1270 2567 haee
1295 2525 1351 2567 aa·

148 2615 220 2676 «lem
246 2617 342 2677 dictio
366 2617 481 2694 legitur
502 2633 527 2677 e.
550 2618 597 2676 75.
620 2621 650 2676 et
670 2618 719 2677 93.
756 2617 817 2677 Sed
838 2616 910 2676 addi
931 2621 1054 2693 poterat
1074 2613 1232 2675 Charisius
1253 2615 1349 2675 lnstit.

149 2720 280 2782 tiramus
302 2741 330 2800 p.
352 2725 400 2783 76.
434 2721 548 2799 „Ostia
571 2724 672 2783 exitus
687 2723 839 2784 fluminum
853 2725 884 2782 in
898 2741 991 2799 mare,
1012 2725 1121 2783 neutro
1135 2739 1251 2799 genere
1267 2739 1350 2782 sem-

147 2845 206 2905 per
226 2829 345 2906 dieitur,
366 2829 424 2889 sed
443 2829 472 2890 si
492 2829 601 2889 urbem
621 2829 794 2906 significare
817 2830 905 2903 velis,
928 2830 1112 2906 singularem
1127 2829 1229 2906 potius
1243 2845 1350 2889 nume-

148 2953 216 2994 rum
235 2935 429 3012 observabis,
451 2936 591 3012 quamvis
606 2935 759 2996 Salustius
781 2935 959 3012 frequenter
980 2937 1071 2996 etiarn
1092 2935 1205 3014 plurali
1225 2952 1349 2995 numere

149 3041 257 3102 urbem
278 3033 459 3119 signifieat.“
500 3041 547 3101 lle
566 3041 696 3118 reliquis
717 3041 771 3102 afr.
794 3043 959 3103 adnotatio
981 3040 1101 3102 Critiea.

229 3321 372 3382 Ceterum
399 3339 458 3383 nen
479 3323 529 3382 est
549 3319 748 3396 diffitendum,
776 3321 869 3381 multa
898 3323 1083 3399 scriptorum
1103 3321 1174 3382 laea
1195 3319 1348 3382 Salustia-

148 3431 195 3488 nis
216 3429 397 3506 fragmentis
425 3428 498 3489 addi
521 3428 671 3506 potuisse,
702 3428 730 3488 si
751 3428 872 3504 quidem
894 3429 994 3487 omnia
1014 3426 1168 3487 laudanda
1189 3429 1268 3502 sunt,
1298 3428 1350 3486 ubi

148 3536 332 3612 seripterem
360 3535 509 3611 quendam
530 3533 656 3595 Salustii
677 3535 811 3610 vestigia
837 3535 994 3612 pressisse
1017 3532 1180 3611 probabile
1205 3537 1261 3594 est.
1303 3534 1349 3594 bo

148 3641 290 3702 Sardinia
319 3641 446 3716 eiusque
477 3640 584 3700 insulae
613 3641 848 3716 antiquitatibus
874 3641 1039 3701 Salustium
1074 3641 1212 3719 pluribus
1246 3642 1349 3716 egisse

147 3748 206 3806 iarn
228 3766 267 3809 ex
290 3749 337 3826 iis,
359 3765 426 3824 ques
447 3749 534 3808 initio
555 3748 628 3807 libri
650 3748 775 3807 secundi
796 3749 889 3808 eitata
912 3753 982 3807 sunt
1006 3747 1156 3825 exemplis
1182 3747 1259 3806 satis
1282 3764 1349 3806 ma-

147 3853 293 3914 nifestum
322 3859 380 3914 est.
402 3854 456 3913 eir.
480 3854 517 3914 ir.
541 3856 568 3913 2.
589 3856 617 3913 3.
639 3873 669 3912 ιι.
694 3855 760 3913 191.
793 3855 902 3930 quibus
926 3870 965 3913 ex
984 3853 1063 3913 loeis
1084 3853 1267 3930 intelligitur
1289 3851 1348 3911 lsi-

147 3961 254 4021 derum
275 3977 336 4020 non
358 3960 448 4021 modo
469 3961 581 4020 iisdem
601 3960 669 4020 lere
691 3961 796 4020 verbis
821 3977 907 4020 usurn
929 3959 1035 4037 luisse,
1064 3961 1120 4021 sed
1147 3961 1239 4018 etiarn
1260 3959 1348 4018 ordi-

147 4083 215 4126 nem
236 4067 402 4126 verberum
423 4067 599 4128 retinuisse.
640 4067 743 4144 lpsnm
764 4067 856 4126 etiam
881 4083 991 4126 nomen
1012 4066 1163 4125 ichnusam
1187 4065 1267 4143 apud
1289 4064 1348 4124 Sa·

146 4172 270 4233 lustiurn
290 4173 435 4251 seriptum
456 4172 563 4249 fuisse,
587 4174 677 4234 unius
699 4175 784 4234 eerte
806 4172 924 4232 rodinis
945 4173 1130 4232 auctoritate
1162 4171 1242 4250 apud
1263 4170 1348 4231 Soli-

148 4295 217 4338 usrn
238 4279 384 4338 limatur.
412 4279 465 4339 eir.
489 4279 612 4340 Solinus
633 4280 816 4356 Polybistor
842 4297 867 4340 e.
896 4281 940 4339 10.
982 4279 1030 4339 Ex
1059 4297 1119 4356 que
1146 4277 1290 4338 Editores
1316 4282 1348 4336 et

146 4381 397 4462 Lnnebnrgensis
424 4391 457 4446 et
481 4386 641 4446 Parisinus
666 4386 734 4446 brae
758 4387 856 4446 verba
881 4404 938 4465 pre
965 4385 1147 4447 Salustianis
1171 4385 1344 4446 laudarunt:

147 4491 238 4567 „Mox
248 4493 412 4553 Aristaeum
432 4495 589 4568 regnando
610 4493 661 4554 his
682 4494 854 4571 proximum
874 4495 906 4554 in
929 4493 1004 4553 urbe
1026 4492 1141 4568 Garuli,
1163 4509 1250 4568 quarn
1270 4509 1346 4550 nen·

147 4595 269 4657 diderat
288 4599 363 4675 ipse,
392 4599 554 4659 euniunete
581 4599 698 4678 popule
726 4600 885 4674 utriusque
911 4599 1076 4675 sanguinis,
1105 4600 1228 4676 seiuges
1249 4615 1346 4673 usqne

147 4704 184 4762 ai
207 4721 242 4763 se
264 4708 372 4781 gentes
402 4707 441 4765 ad
470 4725 557 4766 unum
587 4723 701 4767 morem
729 4707 920 4781 eoningasse,
943 4707 1099 4783 imperium
1122 4723 1160 4765 ex
1183 4705 1345 4766 insolentia
