3702 5600
416 616 487 684 552

415 815 510 873 habet
531 819 563 872 et
589 813 756 892 significat:
789 831 905 890 „neque
926 813 1075 890 proximis
1097 813 1287 890 temporibus
1309 811 1359 872 vol
1382 829 1480 888 neque
1501 817 1622 889 tempus

416 921 505 980 brevi
524 920 706 994 invenietur,
730 937 799 997 quo,
821 937 888 995 qua
909 920 969 980 mei
991 919 1132 996 eorporis
1154 923 1261 979 natura
1287 924 1346 992 est,
1368 920 1528 979 honestius
1550 920 1624 978 vitae

414 1027 503 1086 tinem
525 1024 630 1086 iaeere
648 1019 791 1104 possim.“
824 1027 896 1086 Tum
918 1029 1062 1103 loquatium
1082 1041 1140 1102 pro
1161 1029 1269 1084 natura
1291 1030 1323 1085 et
1342 1025 1446 1087 indole
1466 1043 1569 1086 rerum
1589 1030 1624 1086 et

412 1133 551 1194 lusorum
582 1132 663 1209 apud
692 1131 810 1193 Livium
840 1137 872 1193 et
902 1132 1036 1192 Tacitum
1067 1132 1179 1208 saepius
1213 1131 1275 1192 diui
1300 1132 1376 1191 satis
1404 1134 1534 1192 uoustat.
1564 1132 1622 1192 eir.

414 1237 480 1298 Liv.
495 1257 525 1298 ιι.
541 1241 588 1298 30.
603 1239 760 1316 imperium
776 1255 831 1300 suo
846 1239 970 1318 ingenio
990 1238 1167 1312 vehemens;
1190 1237 1258 1297 Tau.
1276 1236 1334 1295 Au.
1352 1239 1380 1312 o,
1395 1241 1443 1298 ti.
1468 1239 1622 1316 ingenium

414 1346 571 1418 luuorum;
593 1344 745 1420 ingenium
766 1345 878 1404 montis
900 1343 968 1404 Tau.
991 1343 1046 1402 An.
1060 1363 1091 1418 n,
1113 1346 1146 1416 '⁶3
1167 1342 1298 1403 latitudo
1313 1359 1487 1421 camporum
1508 1349 1623 1421 suopte

414 1451 536 1528 ingenio
548 1451 733 1510 humentium
747 1449 815 1510 Tae.
828 1450 906 1510 Anu.
917 1450 955 1508 V.
966 1452 1013 1510 tt.
1028 1451 1056 1510 si
1071 1455 1179 1510 natura
1193 1449 1287 1509 insita
1298 1450 1382 1510 velut
1395 1450 1519 1526 ingenio
1529 1453 1624 1510 terrm

413 1558 496 1618 vinei
517 1561 626 1634 possut
645 1555 710 1615 liv.
728 1557 777 1630 3⁷,
794 1558 843 1615 bt.
870 1554 931 1616 Sed
953 1557 1019 1616 beu
1040 1556 1140 1617 omnia
1162 1556 1294 1616 nondum
1315 1556 1495 1617 eontirmare
1511 1557 1622 1616 viden-

415 1669 474 1740 tur,
502 1664 593 1724 etiam
618 1666 733 1740 inqento
761 1666 895 1738 corporis
922 1664 983 1723 diei
1003 1681 1111 1741 posse;
1144 1665 1226 1739 quod
1246 1680 1285 1723 eo
1306 1664 1404 1722 minus
1428 1663 1505 1723 ferri
1525 1681 1622 1742 posse

414 1771 595 1848 putaverim,
616 1769 697 1844 quod
711 1768 771 1830 boe
785 1770 992 1830 tantummodo
1012 1771 1052 1830 ad
1066 1771 1254 1829 senectutem
1269 1774 1410 1846 spontane
1423 1771 1533 1847 possit,
1552 1788 1621 1846 qnae

415 1875 500 1936 nullo
521 1875 612 1937 modo
633 1875 786 1937 vobabulo
807 1879 922 1952 inqenio
938 1876 1095 1954 designari
1115 1892 1209 1953 posse
1232 1876 1361 1936 videtur.
1382 1879 1526 1953 mqeniron
1540 1879 1622 1938 enim

415 1982 583 2044 naturalem
613 1982 749 2042 babitnm
779 1983 847 2042 sive
878 1989 1026 2056 naturam,
1058 1999 1115 2042 nun
1140 1999 1380 2058 unamquamque
1407 1984 1622 2044 eondieiunem

416 2088 590 2166 significare
610 2091 727 2166 potest3
759 2104 854 2164 quare
876 2089 915 2148 ad
943 2107 1066 2149 sensum
1094 2089 1257 2149 etiamnum
1283 2089 1488 2149 uonieuturam
1512 2091 1622 2150 morlia

414 2212 493 2272 equo
507 2211 631 2271 uomere
644 2194 840 2272 praetulerim:
871 2213 939 2271 quae
959 2197 1135 2255 coniectura
1157 2197 1185 2254 si
1206 2196 1255 2255 oui
1275 2195 1421 2255 audacior
1438 2213 1510 2256 esse
1527 2198 1620 2257 vide-
1645 2257 1650 2264 ,

414 2306 472 2378 tur,
492 2305 615 2378 iuqeouo
630 2303 747 2377 corpori
762 2301 981 2361 emendandum
995 2306 1078 2380 puto,
1094 2307 1124 2362 et
1139 2303 1199 2362 boo
1217 2303 1393 2363 auaoolutbi
1408 2321 1505 2380 genus
1520 2305 1620 2382 ipsum

414 2409 617 2485 curruptionis
643 2425 765 2468 eausam
792 2425 864 2468 esso
890 2408 1037 2468 duxerim.
1067 2408 1176 2468 uobnte
1207 2427 1235 2466 v.
1259 2412 1283 2466 t.
1310 2409 1393 2483 quod
1416 2417 1524 2486 aperte
1545 2427 1620 2470 uor-

414 2521 533 2592 ruptum
555 2523 610 2574 est.
632 2515 769 2574 uulmttem
795 2532 825 2573 v.
847 2515 875 2573 2.
907 2515 964 2578 Per
982 2532 1047 2588 ooo,
1072 2518 1198 2586 Quirites
1218 2517 1264 2574 sio
1283 2516 1367 2576 Vati.
1389 2533 1505 2576 omues.
1531 2521 1622 2594 iqilur

414 2622 488 2681 Aldi
516 2621 712 2700 interpolatio
739 2624 802 2696 est;
834 2625 1008 2699 nequiquam
1035 2638 1062 2680 v.
1088 2626 1113 2682 1.
1145 2627 1177 2682 ut
1203 2621 1272 2682 iere
1296 2623 1408 2699 ubique
1436 2623 1620 2684 Basilionsis

415 2731 529 2807 primus
551 2732 584 2788 et
604 2727 683 2788 Livii
704 2727 804 2788 uodex
824 2727 1076 2788 Einsiedelensis.

476 2836 599 2920 'Nuper
628 2835 727 2895 Toleti
751 2835 961 2894 membranula
985 2834 1123 2910 quaedam
1149 2839 1272 2912 reperta
1296 2843 1347 2897 est
1374 2837 1442 2897 sivo
1467 2855 1540 2914 pars
1561 2854 1620 2897 ao·

415 2941 494 3000 dieis
515 2941 716 3018 palimpsesti,
745 2940 776 2998 in
807 2957 866 3016 qua
892 2939 1032 2999 homines
1063 2940 1146 2999 douti
1167 2939 1314 3016 reliquias
1334 2941 1482 3002 librorum
1502 2944 1619 3021 deper-

414 3049 547 3108 ditorum
572 3045 654 3108 Livii
675 3047 832 3106 invenisse
853 3047 913 3107 sibi
934 3046 994 3106 visi
1017 3049 1100 3122 sunt;
1127 3063 1203 3121 quas
1226 3048 1265 3107 ab
1288 3049 1428 3108 oratioue
1453 3047 1484 3108 G.
1510 3049 1618 3130 cotta,

415 3172 481 3230 quan
501 3154 582 3232 apud
601 3153 766 3214 Salustium
787 3153 909 3230 legitur,
934 3153 1016 3212 baud
1037 3153 1155 3213 alienas
1180 3170 1253 3214 esse
1274 3155 1383 3214 statuit
1404 3153 1532 3216 Carolus
1553 3155 1618 3216 Lu·
1661 3216 1665 3230 ,

414 3261 541 3320 ‹lovious
566 3259 655 3335 Roth,
691 3259 734 3318 ita
763 3264 795 3320 ut
818 3259 890 3319 illas
915 3259 976 3336 ipsi
1001 3258 1137 3318 Salustio
1173 3260 1324 3320 vindicari
1344 3278 1440 3338 posse
1466 3270 1617 3341 speraret.

413 3367 466 3428 lla
488 3369 517 3426 in
541 3373 671 3443 quatuor
702 3367 850 3426 uolumnis
877 3369 947 3426 sunt
973 3367 1097 3443 seriptae
1128 3371 1220 3442 atque
1245 3367 1322 3445 ipsae
1348 3369 1429 3428 inter
1456 3387 1490 3429 se
1515 3372 1618 3447 spatio

414 3476 490 3536 satis
510 3491 627 3550 magno,
649 3475 688 3534 de
710 3491 769 3549 quo
790 3474 844 3533 alii
865 3474 958 3532 aliter
975 3476 1120 3547 statuunt,
1146 3475 1307 3550 seiunetae;
1329 3491 1435 3535 omnes
1455 3477 1507 3536 vel
1528 3477 1618 3538 initio

412 3581 466 3642 vel
485 3581 545 3641 flua
572 3583 642 3640 sunt
667 3579 787 3655 lauare,
810 3580 867 3639 sad
888 3580 918 3638 in
945 3578 1061 3638 duabus
1089 3596 1195 3657 paucae
1223 3584 1337 3641 tanturn
1363 3583 1474 3641 litterae
1495 3583 1617 3660 desunt,

412 3692 456 3751 ita
476 3694 508 3751 ut
527 3689 710 3750 uonieuturis
732 3690 868 3749 virorum
889 3688 1050 3748 doetorum
1066 3690 1142 3749 satis
1161 3690 1366 3766 probabiliter
1386 3693 1508 3752 restitui
1522 3708 1619 3769 posse

413 3799 582 3858 videantur.
622 3795 675 3856 Eae
695 3797 775 3856 inira
798 3802 868 3856 suut
889 3795 1024 3872 scriptae:

655 3923 676 3980 l.
1043 3923 1078 3980 ll.

633 4045 727 4088 verae
851 4029 883 4097 0.
905 4027 1053 4089 Lentulus
1075 4029 1270 4088 Marcellinus

621 4139 727 4213 speetu
849 4137 958 4197 eodem
993 4142 1098 4198 actore
1136 4141 1271 4212 questui·

639 4242 676 4302 lli
695 4243 726 4302 in
847 4245 878 4303 in
924 4260 1032 4303 novam
1078 4239 1268 4322 'provinciam

585 4353 633 4408 rat
652 4349 723 4409 dein
847 4347 981 4408 Curenas
996 4351 1108 4408 missus
1125 4352 1174 4408 est
1186 4349 1265 4424 quod

601 4456 645 4514 ita
665 4470 723 4514 eon
847 4471 885 4514 ea
905 4455 1015 4514 mortui
1038 4455 1122 4530 regis
1144 4457 1271 4531 Apinius

599 4576 725 4636 quorum
848 4564 1032 4622 testamento
1069 4561 1158 4621 nubis
1199 4562 1267 4621 doto

607 4667 672 4732 ‚dae
694 4671 725 4726 et
847 4667 1045 4742 prudentiore
1078 4685 1167 4744 quam
1199 4669 1265 4727 illua
