<?xml version="1.0" encoding="UTF-8"?>
<!DOCTYPE html PUBLIC "-//W3C//DTD XHTML 1.0 Transitional//EN"
    "http://www.w3.org/TR/xhtml1/DTD/xhtml1-transitional.dtd">
<html xmlns="http://www.w3.org/1999/xhtml" xml:lang="en" lang="en">
 <head>
  <title>
</title>
<meta http-equiv="Content-Type" content="text/html;charset=utf-8" />
  <meta name='ocr-system' content='tesseract 3.04.00' />
  <meta name='ocr-capabilities' content='ocr_page ocr_carea ocr_par ocr_line ocrx_word'/>
</head>
<body>
  <div class='ocr_page' id='page_1' title='image "./gaisalustiicris00rothgoog_0495.png"; bbox 0 0 3576 5602; ppageno 0'>
   <div class='ocr_carea' id='block_1_1' title="bbox 383 647 455 715">
    <p class='ocr_par' dir='ltr' id='par_1_1' title="bbox 383 647 455 715">
     <span class='ocr_line' id='line_1_1' title="bbox 383 647 455 715; baseline 0.014 -1"><span class='ocrx_word' id='word_1_1' title='bbox 383 647 455 715; x_wconf 67' lang='lat'><strong>458</strong></span> 
     </span>
    </p>
   </div>
   <div class='ocr_carea' id='block_1_2' title="bbox 380 843 1596 3910">
    <p class='ocr_par' dir='ltr' id='par_1_2' title="bbox 380 843 1596 3910">
     <span class='ocr_line' id='line_1_2' title="bbox 464 843 1590 922; baseline -0.002 -18"><span class='ocrx_word' id='word_1_2' title='bbox 464 843 526 904; x_wconf 78' lang='lat' dir='ltr'><strong>Seri</strong></span> <span class='ocrx_word' id='word_1_3' title='bbox 546 847 708 922; x_wconf 85' lang='lat' dir='ltr'><strong>postquam</strong></span> <span class='ocrx_word' id='word_1_4' title='bbox 736 845 786 904; x_wconf 82' lang='lat' dir='ltr'><strong>lex</strong></span> <span class='ocrx_word' id='word_1_5' title='bbox 819 843 950 904; x_wconf 82' lang='lat' dir='ltr'><strong>Gabinia</strong></span> <span class='ocrx_word' id='word_1_6' title='bbox 976 851 1008 904; x_wconf 88' lang='lat' dir='ltr'><strong>et</strong></span> <span class='ocrx_word' id='word_1_7' title='bbox 1039 844 1163 904; x_wconf 85' lang='lat' dir='ltr'><strong>Manilia</strong></span> <span class='ocrx_word' id='word_1_8' title='bbox 1192 847 1299 904; x_wconf 92' lang='lat' dir='ltr'><strong>ooutra</strong></span> <span class='ocrx_word' id='word_1_9' title='bbox 1321 844 1508 921; x_wconf 84' lang='lat' dir='ltr'><strong>optimatium</strong></span> <span class='ocrx_word' id='word_1_10' title='bbox 1529 860 1590 902; x_wconf 81' lang='lat' dir='ltr'><strong>ro-</strong></span> 
     </span>
     <span class='ocr_line' id='line_1_3' title="bbox 386 949 1591 1028; baseline -0.002 -18"><span class='ocrx_word' id='word_1_11' title='bbox 386 953 533 1012; x_wconf 86' lang='lat' dir='ltr'><strong>luntutem</strong></span> <span class='ocrx_word' id='word_1_12' title='bbox 555 951 684 1028; x_wconf 87' lang='lat' dir='ltr'><strong>perlata,</strong></span> <span class='ocrx_word' id='word_1_13' title='bbox 712 958 744 1011; x_wconf 90' lang='lat' dir='ltr'><strong>et</strong></span> <span class='ocrx_word' id='word_1_14' title='bbox 765 951 931 1027; x_wconf 86' lang='lat' dir='ltr'><strong>Pompeius</strong></span> <span class='ocrx_word' id='word_1_15' title='bbox 952 953 990 1010; x_wconf 84' lang='lat' dir='ltr'><strong>arl</strong></span> <span class='ocrx_word' id='word_1_16' title='bbox 1019 953 1133 1011; x_wconf 88' lang='lat' dir='ltr'><strong>bellom</strong></span> <span class='ocrx_word' id='word_1_17' title='bbox 1153 951 1317 1012; x_wconf 86' lang='lat' dir='ltr'><strong>Piratieum</strong></span> <span class='ocrx_word' id='word_1_18' title='bbox 1345 957 1377 1010; x_wconf 89' lang='lat' dir='ltr'><strong>et</strong></span> <span class='ocrx_word' id='word_1_19' title='bbox 1401 949 1591 1010; x_wconf 82' lang='lat' dir='ltr'><strong>Mithridati-</strong></span> 
     </span>
     <span class='ocr_line' id='line_1_4' title="bbox 382 1055 1591 1134; baseline -0.002 -16"><span class='ocrx_word' id='word_1_20' title='bbox 382 1075 450 1119; x_wconf 90' lang='lat' dir='ltr'><strong>oum</strong></span> <span class='ocrx_word' id='word_1_21' title='bbox 463 1059 575 1117; x_wconf 88' lang='lat' dir='ltr'><strong>missus</strong></span> <span class='ocrx_word' id='word_1_22' title='bbox 591 1061 648 1128; x_wconf 89' lang='lat' dir='ltr'><strong>est,</strong></span> <span class='ocrx_word' id='word_1_23' title='bbox 674 1055 771 1117; x_wconf 83' lang='lat' dir='ltr'><strong>luisse</strong></span> <span class='ocrx_word' id='word_1_24' title='bbox 786 1057 938 1132; x_wconf 88' lang='lat' dir='ltr'><strong>videntur,</strong></span> <span class='ocrx_word' id='word_1_25' title='bbox 960 1059 1012 1132; x_wconf 90' lang='lat' dir='ltr'><strong>qui</strong></span> <span class='ocrx_word' id='word_1_26' title='bbox 1027 1063 1152 1118; x_wconf 90' lang='lat' dir='ltr'><strong>senatus</strong></span> <span class='ocrx_word' id='word_1_27' title='bbox 1169 1059 1383 1119; x_wconf 76' lang='lat' dir='ltr'><strong>auctoritatem</strong></span> <span class='ocrx_word' id='word_1_28' title='bbox 1398 1057 1489 1134; x_wconf 89' lang='lat' dir='ltr'><strong>plane</strong></span> <span class='ocrx_word' id='word_1_29' title='bbox 1504 1055 1591 1115; x_wconf 85' lang='lat' dir='ltr'><strong>lrao-</strong></span> 
     </span>
     <span class='ocr_line' id='line_1_5' title="bbox 382 1163 1589 1241; baseline -0.004 -16"><span class='ocrx_word' id='word_1_30' title='bbox 382 1169 443 1224; x_wconf 84' lang='lat' dir='ltr'><strong>lam</strong></span> <span class='ocrx_word' id='word_1_31' title='bbox 471 1181 543 1224; x_wconf 88' lang='lat' dir='ltr'><strong>esse</strong></span> <span class='ocrx_word' id='word_1_32' title='bbox 571 1167 741 1241; x_wconf 84' lang='lat' dir='ltr'><strong>sperarent</strong></span> <span class='ocrx_word' id='word_1_33' title='bbox 790 1163 852 1223; x_wconf 82' lang='lat' dir='ltr'><strong>Seri</strong></span> <span class='ocrx_word' id='word_1_34' title='bbox 879 1180 930 1223; x_wconf 88' lang='lat' dir='ltr'><strong>res</strong></span> <span class='ocrx_word' id='word_1_35' title='bbox 957 1169 1065 1224; x_wconf 88' lang='lat' dir='ltr'><strong>eontra</strong></span> <span class='ocrx_word' id='word_1_36' title='bbox 1090 1182 1125 1225; x_wconf 92' lang='lat' dir='ltr'><strong>se</strong></span> <span class='ocrx_word' id='word_1_37' title='bbox 1152 1164 1269 1224; x_wconf 80' lang='lat' dir='ltr'><strong>babuit</strong></span> <span class='ocrx_word' id='word_1_38' title='bbox 1310 1163 1385 1223; x_wconf 89' lang='lat' dir='ltr'><strong>Nam</strong></span> <span class='ocrx_word' id='word_1_39' title='bbox 1409 1180 1468 1223; x_wconf 88' lang='lat' dir='ltr'><strong>nou</strong></span> <span class='ocrx_word' id='word_1_40' title='bbox 1492 1163 1589 1222; x_wconf 88' lang='lat' dir='ltr'><strong>solum</strong></span> 
     </span>
     <span class='ocr_line' id='line_1_6' title="bbox 380 1270 1589 1348; baseline -0.005 -16"><span class='ocrx_word' id='word_1_41' title='bbox 380 1272 516 1347; x_wconf 85' lang='lat' dir='ltr'><strong>Manilio,</strong></span> <span class='ocrx_word' id='word_1_42' title='bbox 552 1272 674 1331; x_wconf 89' lang='lat' dir='ltr'><strong>tribuno</strong></span> <span class='ocrx_word' id='word_1_43' title='bbox 704 1271 888 1348; x_wconf 89' lang='lat' dir='ltr'><strong>turbulento,</strong></span> <span class='ocrx_word' id='word_1_44' title='bbox 917 1272 1001 1331; x_wconf 87' lang='lat' dir='ltr'><strong>litem</strong></span> <span class='ocrx_word' id='word_1_45' title='bbox 1030 1271 1168 1343; x_wconf 78' lang='lat' dir='ltr'><strong>intendit,</strong></span> <span class='ocrx_word' id='word_1_46' title='bbox 1197 1271 1253 1332; x_wconf 83' lang='lat' dir='ltr'><strong>olr.</strong></span> <span class='ocrx_word' id='word_1_47' title='bbox 1283 1271 1341 1331; x_wconf 86' lang='lat' dir='ltr'><strong>Dio</strong></span> <span class='ocrx_word' id='word_1_48' title='bbox 1363 1270 1395 1329; x_wconf 88' lang='lat' dir='ltr'><strong>C.</strong></span> <span class='ocrx_word' id='word_1_49' title='bbox 1415 1287 1521 1330; x_wconf 77' lang='lat' dir='ltr'><strong>mvn</strong></span> <span class='ocrx_word' id='word_1_50' title='bbox 1543 1271 1589 1327; x_wconf 78' lang='lat'><strong>25.</strong></span> 
     </span>
     <span class='ocr_line' id='line_1_7' title="bbox 380 1363 1591 1461; baseline -0.003 -21"><span class='ocrx_word' id='word_1_51' title='bbox 380 1365 398 1440; x_wconf 81' lang='grc' dir='ltr'>ὁ</span> <span class='ocrx_word' id='word_1_52' title='bbox 421 1365 456 1440; x_wconf 52' lang='lat' dir='ltr'><strong>de*</strong></span> <span class='ocrx_word' id='word_1_53' title='bbox 476 1365 516 1461; x_wconf 63' lang='lat' dir='ltr'><strong>dp*</strong></span> <span class='ocrx_word' id='word_1_54' title='bbox 539 1365 687 1450; x_wconf 52' lang='lat' dir='ltr'><strong>Molibus·</strong></span> <span class='ocrx_word' id='word_1_55' title='bbox 712 1373 764 1438; x_wconf 80' lang='grc' dir='ltr'><strong>καὶ</strong></span> <span class='ocrx_word' id='word_1_56' title='bbox 786 1373 876 1461; x_wconf 77' lang='grc' dir='ltr'><strong><em>δίκην</em></strong></span> <span class='ocrx_word' id='word_1_57' title='bbox 897 1365 1007 1460; x_wconf 72' lang='grc' dir='ltr'><strong><em>ὀλίγου</em></strong></span> <span class='ocrx_word' id='word_1_58' title='bbox 1035 1363 1177 1456; x_wconf 62' lang='grc' dir='ltr'><strong>ὑπέσχεν,</strong></span> <span class='ocrx_word' id='word_1_59' title='bbox 1209 1379 1265 1439; x_wconf 78' lang='lat' dir='ltr'><strong>ofr.</strong></span> <span class='ocrx_word' id='word_1_60' title='bbox 1287 1395 1312 1438; x_wconf 90' lang='lat' dir='ltr'><strong>o.</strong></span> <span class='ocrx_word' id='word_1_61' title='bbox 1335 1380 1383 1435; x_wconf 77' lang='lat'><strong>27.</strong></span> <span class='ocrx_word' id='word_1_62' title='bbox 1426 1370 1488 1436; x_wconf 78' lang='grc' dir='ltr'><strong>Καὶ</strong></span> <span class='ocrx_word' id='word_1_63' title='bbox 1510 1363 1591 1453; x_wconf 66' lang='grc' dir='ltr'><strong>μετά</strong></span> 
     </span>
     <span class='ocr_line' id='line_1_8' title="bbox 382 1471 1592 1568; baseline -0.002 -22"><span class='ocrx_word' id='word_1_64' title='bbox 382 1483 480 1548; x_wconf 78' lang='grc' dir='ltr'><strong><em>τοῦτο</em></strong></span> <span class='ocrx_word' id='word_1_65' title='bbox 503 1479 593 1568; x_wconf 65' lang='grc' dir='ltr'><strong><em>δίκης</em></strong></span> <span class='ocrx_word' id='word_1_66' title='bbox 621 1471 655 1547; x_wconf 86' lang='lat' dir='ltr'><strong>re&#39;</strong></span> <span class='ocrx_word' id='word_1_67' title='bbox 683 1505 769 1556; x_wconf 78' lang='grc' dir='ltr'><strong><em>τινος</em></strong></span> <span class='ocrx_word' id='word_1_68' title='bbox 788 1483 839 1563; x_wconf 79' lang='lat' dir='ltr'><strong>aqi</strong></span> <span class='ocrx_word' id='word_1_69' title='bbox 867 1479 1007 1564; x_wconf 77' lang='grc' dir='ltr'><strong><em>Μαλλίῳ</em></strong></span> <span class='ocrx_word' id='word_1_70' title='bbox 1035 1471 1122 1565; x_wconf 70' lang='grc' dir='ltr'><strong>πρός</strong></span> <span class='ocrx_word' id='word_1_71' title='bbox 1149 1485 1216 1546; x_wconf 74' lang='grc' dir='ltr'><strong><em>τοῖν</em></strong></span> <span class='ocrx_word' id='word_1_72' title='bbox 1240 1481 1383 1546; x_wconf 76' lang='grc' dir='ltr'><strong><em>δυνατῶν</em></strong></span> <span class='ocrx_word' id='word_1_73' title='bbox 1410 1499 1592 1564; x_wconf 76' lang='grc' dir='ltr'><strong><em>παρασκευ-</em></strong></span> 
     </span>
     <span class='ocr_line' id='line_1_9' title="bbox 382 1585 1592 1676; baseline -0.003 -24"><span class='ocrx_word' id='word_1_74' title='bbox 382 1585 531 1676; x_wconf 75' lang='grc' dir='ltr'><strong><em>σθείσης,</em></strong></span> <span class='ocrx_word' id='word_1_75' title='bbox 551 1591 711 1650; x_wconf 85' lang='lat' dir='ltr'><strong>sedetiam</strong></span> <span class='ocrx_word' id='word_1_76' title='bbox 728 1591 858 1651; x_wconf 82' lang='lat' dir='ltr'><strong>Catilina</strong></span> <span class='ocrx_word' id='word_1_77' title='bbox 878 1593 1116 1668; x_wconf 85' lang='lat' dir='ltr'><strong>repetundarum</strong></span> <span class='ocrx_word' id='word_1_78' title='bbox 1136 1608 1209 1651; x_wconf 88' lang='lat' dir='ltr'><strong>reus</strong></span> <span class='ocrx_word' id='word_1_79' title='bbox 1229 1589 1406 1668; x_wconf 87' lang='lat' dir='ltr'><strong>prohibitus</strong></span> <span class='ocrx_word' id='word_1_80' title='bbox 1429 1597 1496 1650; x_wconf 85' lang='lat' dir='ltr'><strong>erat</strong></span> <span class='ocrx_word' id='word_1_81' title='bbox 1516 1605 1592 1648; x_wconf 84' lang='lat' dir='ltr'><strong>eon-</strong></span> 
     </span>
     <span class='ocr_line' id='line_1_10' title="bbox 382 1689 1592 1776; baseline -0.002 -18"><span class='ocrx_word' id='word_1_82' title='bbox 382 1699 513 1758; x_wconf 89' lang='lat' dir='ltr'><strong>sulatrrm</strong></span> <span class='ocrx_word' id='word_1_83' title='bbox 529 1704 646 1775; x_wconf 88' lang='lat' dir='ltr'><strong>petere,</strong></span> <span class='ocrx_word' id='word_1_84' title='bbox 670 1698 724 1758; x_wconf 81' lang='lat' dir='ltr'><strong>eir.</strong></span> <span class='ocrx_word' id='word_1_85' title='bbox 747 1689 837 1776; x_wconf 80' lang='lat' dir='ltr'><strong>supra</strong></span> <span class='ocrx_word' id='word_1_86' title='bbox 861 1716 888 1774; x_wconf 92' lang='lat' dir='ltr'><strong>p.</strong></span> <span class='ocrx_word' id='word_1_87' title='bbox 905 1701 973 1758; x_wconf 77' lang='lat' dir='ltr'><strong>tbi.</strong></span> <span class='ocrx_word' id='word_1_88' title='bbox 991 1699 1147 1758; x_wconf 78' lang='lat' dir='ltr'><strong>Praeterea</strong></span> <span class='ocrx_word' id='word_1_89' title='bbox 1169 1696 1201 1755; x_wconf 86' lang='lat' dir='ltr'><strong>P.</strong></span> <span class='ocrx_word' id='word_1_90' title='bbox 1220 1698 1389 1756; x_wconf 81' lang='lat' dir='ltr'><strong>Autronius</strong></span> <span class='ocrx_word' id='word_1_91' title='bbox 1411 1700 1444 1755; x_wconf 87' lang='lat' dir='ltr'><strong>et</strong></span> <span class='ocrx_word' id='word_1_92' title='bbox 1458 1697 1492 1756; x_wconf 90' lang='lat' dir='ltr'><strong>L.</strong></span> <span class='ocrx_word' id='word_1_93' title='bbox 1508 1695 1592 1756; x_wconf 87' lang='lat' dir='ltr'><strong>Sulla</strong></span> 
     </span>
     <span class='ocr_line' id='line_1_11' title="bbox 382 1803 1593 1883; baseline 0 -21"><span class='ocrx_word' id='word_1_94' title='bbox 382 1804 506 1881; x_wconf 77' lang='lat' dir='ltr'><strong>iegibus</strong></span> <span class='ocrx_word' id='word_1_95' title='bbox 536 1805 668 1864; x_wconf 75' lang='lat' dir='ltr'><strong>ambitus</strong></span> <span class='ocrx_word' id='word_1_96' title='bbox 696 1805 877 1883; x_wconf 76' lang='lat' dir='ltr'><strong>interrogati</strong></span> <span class='ocrx_word' id='word_1_97' title='bbox 904 1822 1020 1882; x_wconf 88' lang='lat' dir='ltr'><strong>poenas</strong></span> <span class='ocrx_word' id='word_1_98' title='bbox 1046 1805 1204 1864; x_wconf 86' lang='lat' dir='ltr'><strong>dederant.</strong></span> <span class='ocrx_word' id='word_1_99' title='bbox 1245 1803 1423 1878; x_wconf 85' lang='lat' dir='ltr'><strong>Eodemque</strong></span> <span class='ocrx_word' id='word_1_100' title='bbox 1453 1809 1593 1880; x_wconf 89' lang='lat' dir='ltr'><strong>tempore</strong></span> 
     </span>
     <span class='ocr_line' id='line_1_12' title="bbox 382 1907 1592 1984; baseline 0 -14"><span class='ocrx_word' id='word_1_101' title='bbox 382 1909 547 1970; x_wconf 85' lang='lat' dir='ltr'><strong>Catilinam</strong></span> <span class='ocrx_word' id='word_1_102' title='bbox 568 1912 675 1970; x_wconf 91' lang='lat' dir='ltr'><strong>iterum</strong></span> <span class='ocrx_word' id='word_1_103' title='bbox 697 1911 778 1970; x_wconf 89' lang='lat' dir='ltr'><strong>inter</strong></span> <span class='ocrx_word' id='word_1_104' title='bbox 799 1911 929 1970; x_wconf 85' lang='lat' dir='ltr'><strong>sioarios</strong></span> <span class='ocrx_word' id='word_1_105' title='bbox 952 1928 1035 1971; x_wconf 88' lang='lat' dir='ltr'><strong>reum</strong></span> <span class='ocrx_word' id='word_1_106' title='bbox 1058 1910 1134 1970; x_wconf 83' lang='lat' dir='ltr'><strong>leoit</strong></span> <span class='ocrx_word' id='word_1_107' title='bbox 1147 1907 1304 1984; x_wconf 86' lang='lat' dir='ltr'><strong>Luooeius,</strong></span> <span class='ocrx_word' id='word_1_108' title='bbox 1326 1915 1359 1970; x_wconf 90' lang='lat' dir='ltr'><strong>et</strong></span> <span class='ocrx_word' id='word_1_109' title='bbox 1378 1908 1411 1969; x_wconf 87' lang='lat' dir='ltr'><strong>L.</strong></span> <span class='ocrx_word' id='word_1_110' title='bbox 1433 1909 1592 1970; x_wconf 78' lang='lat' dir='ltr'><strong>Bellienus</strong></span> 
     </span>
     <span class='ocr_line' id='line_1_13' title="bbox 383 2016 1594 2090; baseline 0 -15"><span class='ocrx_word' id='word_1_111' title='bbox 383 2018 550 2078; x_wconf 85' lang='lat' dir='ltr'><strong>avunculus</strong></span> <span class='ocrx_word' id='word_1_112' title='bbox 583 2017 720 2078; x_wconf 78' lang='lat' dir='ltr'><strong>Catilina</strong></span> <span class='ocrx_word' id='word_1_113' title='bbox 746 2020 778 2077; x_wconf 91' lang='lat' dir='ltr'><strong>et</strong></span> <span class='ocrx_word' id='word_1_114' title='bbox 803 2016 932 2078; x_wconf 88' lang='lat' dir='ltr'><strong>Lusoius</strong></span> <span class='ocrx_word' id='word_1_115' title='bbox 965 2020 1101 2078; x_wconf 82' lang='lat' dir='ltr'><strong>centurio</strong></span> <span class='ocrx_word' id='word_1_116' title='bbox 1123 2016 1266 2077; x_wconf 87' lang='lat' dir='ltr'><strong>Sullanus</strong></span> <span class='ocrx_word' id='word_1_117' title='bbox 1286 2017 1447 2077; x_wconf 84' lang='lat' dir='ltr'><strong>damnatus</strong></span> <span class='ocrx_word' id='word_1_118' title='bbox 1468 2023 1532 2090; x_wconf 89' lang='lat' dir='ltr'><strong>est,</strong></span> <span class='ocrx_word' id='word_1_119' title='bbox 1562 2021 1594 2076; x_wconf 89' lang='lat' dir='ltr'><strong>et</strong></span> 
     </span>
     <span class='ocr_line' id='line_1_14' title="bbox 382 2123 1593 2201; baseline -0.002 -17"><span class='ocrx_word' id='word_1_120' title='bbox 382 2123 417 2192; x_wconf 85' lang='grc'><strong>0.</strong></span> <span class='ocrx_word' id='word_1_121' title='bbox 440 2124 559 2184; x_wconf 84' lang='lat' dir='ltr'><strong>Gallius</strong></span> <span class='ocrx_word' id='word_1_122' title='bbox 586 2141 657 2184; x_wconf 89' lang='lat' dir='ltr'><strong>reus</strong></span> <span class='ocrx_word' id='word_1_123' title='bbox 686 2126 817 2185; x_wconf 84' lang='lat' dir='ltr'><strong>ambitus</strong></span> <span class='ocrx_word' id='word_1_124' title='bbox 839 2125 896 2186; x_wconf 86' lang='lat' dir='ltr'><strong>luit</strong></span> <span class='ocrx_word' id='word_1_125' title='bbox 917 2125 964 2186; x_wconf 87' lang='lat' dir='ltr'><strong>olr</strong></span> <span class='ocrx_word' id='word_1_126' title='bbox 994 2127 1106 2186; x_wconf 80' lang='lat' dir='ltr'><strong>Asson.</strong></span> <span class='ocrx_word' id='word_1_127' title='bbox 1129 2142 1157 2201; x_wconf 92' lang='lat' dir='ltr'><strong>p.</strong></span> <span class='ocrx_word' id='word_1_128' title='bbox 1181 2127 1227 2184; x_wconf 85' lang='lat'><strong>88.</strong></span> <span class='ocrx_word' id='word_1_129' title='bbox 1250 2127 1298 2184; x_wconf 81' lang='lat'><strong>92.</strong></span> <span class='ocrx_word' id='word_1_130' title='bbox 1320 2125 1367 2184; x_wconf 84' lang='grc'><strong>93.</strong></span> <span class='ocrx_word' id='word_1_131' title='bbox 1396 2125 1444 2184; x_wconf 85' lang='lat' dir='ltr'><strong>erl.</strong></span> <span class='ocrx_word' id='word_1_132' title='bbox 1464 2125 1516 2183; x_wconf 88' lang='lat' dir='ltr'><strong>0r.</strong></span> <span class='ocrx_word' id='word_1_133' title='bbox 1537 2123 1593 2182; x_wconf 82' lang='lat' dir='ltr'><strong>sed</strong></span> 
     </span>
     <span class='ocr_line' id='line_1_15' title="bbox 382 2230 1595 2310; baseline 0 -20"><span class='ocrx_word' id='word_1_134' title='bbox 382 2231 475 2290; x_wconf 93' lang='lat' dir='ltr'><strong>etiam</strong></span> <span class='ocrx_word' id='word_1_135' title='bbox 505 2237 567 2290; x_wconf 92' lang='lat' dir='ltr'><strong>tum</strong></span> <span class='ocrx_word' id='word_1_136' title='bbox 594 2230 725 2291; x_wconf 74' lang='lat' dir='ltr'><strong>crasans</strong></span> <span class='ocrx_word' id='word_1_137' title='bbox 746 2237 778 2292; x_wconf 89' lang='lat' dir='ltr'><strong>et</strong></span> <span class='ocrx_word' id='word_1_138' title='bbox 799 2231 904 2292; x_wconf 79' lang='lat' dir='ltr'><strong>Crassi</strong></span> <span class='ocrx_word' id='word_1_139' title='bbox 931 2233 1069 2292; x_wconf 77' lang='lat' dir='ltr'><strong>maximae</strong></span> <span class='ocrx_word' id='word_1_140' title='bbox 1097 2249 1174 2310; x_wconf 86' lang='lat' dir='ltr'><strong>opos</strong></span> <span class='ocrx_word' id='word_1_141' title='bbox 1195 2232 1323 2292; x_wconf 86' lang='lat' dir='ltr'><strong>luerunt</strong></span> <span class='ocrx_word' id='word_1_142' title='bbox 1357 2230 1479 2291; x_wconf 85' lang='lat' dir='ltr'><strong>Etenim</strong></span> <span class='ocrx_word' id='word_1_143' title='bbox 1501 2249 1595 2290; x_wconf 87' lang='lat' dir='ltr'><strong>aear-</strong></span> 
     </span>
     <span class='ocr_line' id='line_1_16' title="bbox 385 2335 1595 2415; baseline 0.003 -21"><span class='ocrx_word' id='word_1_144' title='bbox 385 2337 455 2395; x_wconf 92' lang='lat' dir='ltr'><strong>rimi</strong></span> <span class='ocrx_word' id='word_1_145' title='bbox 478 2337 601 2396; x_wconf 85' lang='lat' dir='ltr'><strong>luerunt</strong></span> <span class='ocrx_word' id='word_1_146' title='bbox 621 2335 779 2397; x_wconf 90' lang='lat' dir='ltr'><strong>Cineronis</strong></span> <span class='ocrx_word' id='word_1_147' title='bbox 801 2338 991 2397; x_wconf 79' lang='lat' dir='ltr'><strong>consulatum</strong></span> <span class='ocrx_word' id='word_1_148' title='bbox 1012 2340 1147 2415; x_wconf 90' lang='lat' dir='ltr'><strong>petentis</strong></span> <span class='ocrx_word' id='word_1_149' title='bbox 1173 2339 1396 2414; x_wconf 76' lang='lat' dir='ltr'><strong>refragatores,</strong></span> <span class='ocrx_word' id='word_1_150' title='bbox 1429 2356 1496 2399; x_wconf 87' lang='lat' dir='ltr'><strong>oum</strong></span> <span class='ocrx_word' id='word_1_151' title='bbox 1526 2340 1595 2398; x_wconf 87' lang='lat' dir='ltr'><strong>eius</strong></span> 
     </span>
     <span class='ocr_line' id='line_1_17' title="bbox 386 2443 1595 2522; baseline 0.002 -20"><span class='ocrx_word' id='word_1_152' title='bbox 386 2443 506 2502; x_wconf 88' lang='lat' dir='ltr'><strong>indies</strong></span> <span class='ocrx_word' id='word_1_153' title='bbox 529 2443 652 2502; x_wconf 82' lang='lat' dir='ltr'><strong>civilem</strong></span> <span class='ocrx_word' id='word_1_154' title='bbox 675 2461 818 2505; x_wconf 85' lang='lat' dir='ltr'><strong>creseere</strong></span> <span class='ocrx_word' id='word_1_155' title='bbox 839 2443 1017 2522; x_wconf 78' lang='lat' dir='ltr'><strong>(lignitatem</strong></span> <span class='ocrx_word' id='word_1_156' title='bbox 1042 2445 1331 2519; x_wconf 87' lang='lat' dir='ltr'><strong>animadverterent,</strong></span> <span class='ocrx_word' id='word_1_157' title='bbox 1361 2447 1520 2504; x_wconf 89' lang='lat' dir='ltr'><strong>eteorum</strong></span> <span class='ocrx_word' id='word_1_158' title='bbox 1542 2447 1595 2520; x_wconf 91' lang='lat' dir='ltr'><strong>qui</strong></span> 
     </span>
     <span class='ocr_line' id='line_1_18' title="bbox 381 2549 1595 2629; baseline 0.002 -21"><span class='ocrx_word' id='word_1_159' title='bbox 381 2551 435 2610; x_wconf 93' lang='lat' dir='ltr'><strong>rei</strong></span> <span class='ocrx_word' id='word_1_160' title='bbox 456 2550 532 2610; x_wconf 84' lang='lat' dir='ltr'><strong>laeti</strong></span> <span class='ocrx_word' id='word_1_161' title='bbox 553 2557 633 2624; x_wconf 87' lang='lat' dir='ltr'><strong>sunt,</strong></span> <span class='ocrx_word' id='word_1_162' title='bbox 665 2551 750 2610; x_wconf 89' lang='lat' dir='ltr'><strong>solus</strong></span> <span class='ocrx_word' id='word_1_163' title='bbox 772 2552 913 2611; x_wconf 85' lang='lat' dir='ltr'><strong>Manilius</strong></span> <span class='ocrx_word' id='word_1_164' title='bbox 937 2555 970 2612; x_wconf 89' lang='lat' dir='ltr'><strong>et</strong></span> <span class='ocrx_word' id='word_1_165' title='bbox 990 2551 1109 2612; x_wconf 84' lang='lat' dir='ltr'><strong>Gallius</strong></span> <span class='ocrx_word' id='word_1_166' title='bbox 1131 2552 1269 2612; x_wconf 84' lang='lat' dir='ltr'><strong>homines</strong></span> <span class='ocrx_word' id='word_1_167' title='bbox 1296 2552 1466 2629; x_wconf 79' lang='lat' dir='ltr'><strong>populares</strong></span> <span class='ocrx_word' id='word_1_168' title='bbox 1494 2549 1595 2610; x_wconf 86' lang='lat' dir='ltr'><strong>luisse</strong></span> 
     </span>
     <span class='ocr_line' id='line_1_19' title="bbox 381 2658 1596 2734; baseline 0.002 -20"><span class='ocrx_word' id='word_1_169' title='bbox 381 2659 532 2717; x_wconf 86' lang='lat' dir='ltr'><strong>videntur.</strong></span> <span class='ocrx_word' id='word_1_170' title='bbox 576 2658 679 2718; x_wconf 83' lang='lat' dir='ltr'><strong>Asoon</strong></span> <span class='ocrx_word' id='word_1_171' title='bbox 700 2676 727 2734; x_wconf 95' lang='lat' dir='ltr'><strong>p.</strong></span> <span class='ocrx_word' id='word_1_172' title='bbox 748 2661 798 2718; x_wconf 85' lang='lat'><strong>8³.</strong></span> <span class='ocrx_word' id='word_1_173' title='bbox 825 2659 869 2718; x_wconf 86' lang='lat' dir='ltr'><strong>ita</strong></span> <span class='ocrx_word' id='word_1_174' title='bbox 897 2663 930 2717; x_wconf 87' lang='lat' dir='ltr'><strong>ut</strong></span> <span class='ocrx_word' id='word_1_175' title='bbox 952 2663 1078 2719; x_wconf 87' lang='lat' dir='ltr'><strong>senatus</strong></span> <span class='ocrx_word' id='word_1_176' title='bbox 1099 2659 1129 2717; x_wconf 92' lang='lat' dir='ltr'><strong>in</strong></span> <span class='ocrx_word' id='word_1_177' title='bbox 1152 2658 1293 2718; x_wconf 91' lang='lat' dir='ltr'><strong>bomines</strong></span> <span class='ocrx_word' id='word_1_178' title='bbox 1313 2659 1464 2734; x_wconf 88' lang='lat' dir='ltr'><strong>patrioios</strong></span> <span class='ocrx_word' id='word_1_179' title='bbox 1487 2659 1596 2733; x_wconf 87' lang='lat' dir='ltr'><strong>etqui</strong></span> 
     </span>
     <span class='ocr_line' id='line_1_20' title="bbox 380 2761 1595 2841; baseline 0.002 -20"><span class='ocrx_word' id='word_1_180' title='bbox 380 2762 522 2823; x_wconf 90' lang='lat' dir='ltr'><strong>Sullanas</strong></span> <span class='ocrx_word' id='word_1_181' title='bbox 535 2767 641 2840; x_wconf 90' lang='lat' dir='ltr'><strong>partes</strong></span> <span class='ocrx_word' id='word_1_182' title='bbox 657 2765 756 2824; x_wconf 84' lang='lat' dir='ltr'><strong>seouti</strong></span> <span class='ocrx_word' id='word_1_183' title='bbox 770 2769 866 2841; x_wconf 88' lang='lat' dir='ltr'><strong>erant,</strong></span> <span class='ocrx_word' id='word_1_184' title='bbox 889 2766 1078 2825; x_wconf 88' lang='lat' dir='ltr'><strong>severiorem</strong></span> <span class='ocrx_word' id='word_1_185' title='bbox 1095 2761 1188 2824; x_wconf 84' lang='lat' dir='ltr'><strong>etlam</strong></span> <span class='ocrx_word' id='word_1_186' title='bbox 1209 2781 1244 2824; x_wconf 93' lang='lat' dir='ltr'><strong>se</strong></span> <span class='ocrx_word' id='word_1_187' title='bbox 1265 2764 1432 2841; x_wconf 79' lang='lat' dir='ltr'><strong>praebuerit</strong></span> <span class='ocrx_word' id='word_1_188' title='bbox 1454 2782 1547 2839; x_wconf 86' lang='lat' dir='ltr'><strong>quam</strong></span> <span class='ocrx_word' id='word_1_189' title='bbox 1561 2765 1595 2824; x_wconf 89' lang='lat' dir='ltr'><strong>in</strong></span> 
     </span>
     <span class='ocr_line' id='line_1_21' title="bbox 380 2870 1595 2949; baseline -0.001 -18"><span class='ocrx_word' id='word_1_190' title='bbox 380 2870 549 2931; x_wconf 83' lang='lat' dir='ltr'><strong>seditiosos</strong></span> <span class='ocrx_word' id='word_1_191' title='bbox 578 2871 726 2930; x_wconf 87' lang='lat' dir='ltr'><strong>tribunos.</strong></span> <span class='ocrx_word' id='word_1_192' title='bbox 772 2871 854 2940; x_wconf 81' lang='lat' dir='ltr'><strong>Quas</strong></span> <span class='ocrx_word' id='word_1_193' title='bbox 879 2872 974 2949; x_wconf 82' lang='lat' dir='ltr'><strong>igitur</strong></span> <span class='ocrx_word' id='word_1_194' title='bbox 1004 2877 1110 2948; x_wconf 87' lang='lat' dir='ltr'><strong>partes</strong></span> <span class='ocrx_word' id='word_1_195' title='bbox 1141 2870 1293 2931; x_wconf 86' lang='lat' dir='ltr'><strong>Salustius</strong></span> <span class='ocrx_word' id='word_1_196' title='bbox 1323 2871 1404 2930; x_wconf 87' lang='lat' dir='ltr'><strong>alias</strong></span> <span class='ocrx_word' id='word_1_197' title='bbox 1439 2871 1595 2946; x_wconf 82' lang='lat' dir='ltr'><strong>Memmio,</strong></span> 
     </span>
     <span class='ocr_line' id='line_1_22' title="bbox 380 2975 1595 3054; baseline 0 -18"><span class='ocrx_word' id='word_1_198' title='bbox 380 2977 489 3052; x_wconf 85' lang='lat' dir='ltr'><strong>llario,</strong></span> <span class='ocrx_word' id='word_1_199' title='bbox 511 2975 628 3038; x_wconf 86' lang='lat' dir='ltr'><strong>Lioinio</strong></span> <span class='ocrx_word' id='word_1_200' title='bbox 651 2979 753 3038; x_wconf 86' lang='lat' dir='ltr'><strong>Macro</strong></span> <span class='ocrx_word' id='word_1_201' title='bbox 775 2979 891 3054; x_wconf 89' lang='lat' dir='ltr'><strong>tribuit,</strong></span> <span class='ocrx_word' id='word_1_202' title='bbox 918 2995 973 3038; x_wconf 89' lang='lat' dir='ltr'><strong>eas</strong></span> <span class='ocrx_word' id='word_1_203' title='bbox 995 2978 1053 3038; x_wconf 89' lang='lat' dir='ltr'><strong>hoo</strong></span> <span class='ocrx_word' id='word_1_204' title='bbox 1074 2979 1145 3038; x_wconf 90' lang='lat' dir='ltr'><strong>looo</strong></span> <span class='ocrx_word' id='word_1_205' title='bbox 1168 2979 1237 3054; x_wconf 88' lang='lat' dir='ltr'><strong>ipse</strong></span> <span class='ocrx_word' id='word_1_206' title='bbox 1258 2978 1436 3054; x_wconf 83' lang='lat' dir='ltr'><strong>suscepisse</strong></span> <span class='ocrx_word' id='word_1_207' title='bbox 1459 2976 1595 3054; x_wconf 78' lang='lat' dir='ltr'><strong>videtur,</strong></span> 
     </span>
     <span class='ocr_line' id='line_1_23' title="bbox 381 3083 1595 3162; baseline -0.001 -19"><span class='ocrx_word' id='word_1_208' title='bbox 381 3087 415 3143; x_wconf 92' lang='lat' dir='ltr'><strong>ut</strong></span> <span class='ocrx_word' id='word_1_209' title='bbox 443 3083 483 3144; x_wconf 80' lang='lat' dir='ltr'><strong>(le</strong></span> <span class='ocrx_word' id='word_1_210' title='bbox 513 3085 613 3142; x_wconf 89' lang='lat' dir='ltr'><strong>nimiis</strong></span> <span class='ocrx_word' id='word_1_211' title='bbox 642 3085 749 3162; x_wconf 86' lang='lat' dir='ltr'><strong>opibus</strong></span> <span class='ocrx_word' id='word_1_212' title='bbox 773 3085 963 3162; x_wconf 90' lang='lat' dir='ltr'><strong>optimatium</strong></span> <span class='ocrx_word' id='word_1_213' title='bbox 990 3089 1179 3160; x_wconf 86' lang='lat' dir='ltr'><strong>quereretur.</strong></span> <span class='ocrx_word' id='word_1_214' title='bbox 1221 3084 1270 3144; x_wconf 83' lang='lat' dir='ltr'><strong>Ari</strong></span> <span class='ocrx_word' id='word_1_215' title='bbox 1300 3085 1380 3144; x_wconf 89' lang='lat' dir='ltr'><strong>bano</strong></span> <span class='ocrx_word' id='word_1_216' title='bbox 1401 3084 1497 3160; x_wconf 80' lang='lat' dir='ltr'><strong>igitur</strong></span> <span class='ocrx_word' id='word_1_217' title='bbox 1517 3101 1595 3144; x_wconf 90' lang='lat' dir='ltr'><strong>nor-</strong></span> 
     </span>
     <span class='ocr_line' id='line_1_24' title="bbox 381 3191 1596 3268; baseline 0.001 -19"><span class='ocrx_word' id='word_1_218' title='bbox 381 3207 460 3249; x_wconf 89' lang='lat' dir='ltr'><strong>mam</strong></span> <span class='ocrx_word' id='word_1_219' title='bbox 492 3191 617 3250; x_wconf 86' lang='lat' dir='ltr'><strong>Salustii</strong></span> <span class='ocrx_word' id='word_1_220' title='bbox 643 3191 739 3250; x_wconf 89' lang='lat' dir='ltr'><strong>verba</strong></span> <span class='ocrx_word' id='word_1_221' title='bbox 766 3192 918 3268; x_wconf 80' lang='lat' dir='ltr'><strong>exigenda</strong></span> <span class='ocrx_word' id='word_1_222' title='bbox 943 3196 1020 3252; x_wconf 89' lang='lat' dir='ltr'><strong>sunt.</strong></span> <span class='ocrx_word' id='word_1_223' title='bbox 1068 3191 1135 3250; x_wconf 91' lang='lat' dir='ltr'><strong>Non</strong></span> <span class='ocrx_word' id='word_1_224' title='bbox 1162 3207 1267 3250; x_wconf 90' lang='lat' dir='ltr'><strong>omnes</strong></span> <span class='ocrx_word' id='word_1_225' title='bbox 1296 3191 1389 3266; x_wconf 82' lang='lat' dir='ltr'><strong>igitur</strong></span> <span class='ocrx_word' id='word_1_226' title='bbox 1415 3193 1596 3267; x_wconf 81' lang='lat' dir='ltr'><strong>provincias</strong></span> 
     </span>
     <span class='ocr_line' id='line_1_25' title="bbox 383 3298 1596 3376; baseline 0.002 -21"><span class='ocrx_word' id='word_1_227' title='bbox 383 3299 550 3357; x_wconf 86' lang='lat' dir='ltr'><strong>tenuerunt</strong></span> <span class='ocrx_word' id='word_1_228' title='bbox 577 3299 755 3374; x_wconf 89' lang='lat' dir='ltr'><strong>optimates;</strong></span> <span class='ocrx_word' id='word_1_229' title='bbox 794 3303 890 3358; x_wconf 93' lang='lat' dir='ltr'><strong>totum</strong></span> <span class='ocrx_word' id='word_1_230' title='bbox 918 3301 996 3358; x_wconf 91' lang='lat' dir='ltr'><strong>enim</strong></span> <span class='ocrx_word' id='word_1_231' title='bbox 1023 3299 1173 3358; x_wconf 86' lang='lat' dir='ltr'><strong>orientem</strong></span> <span class='ocrx_word' id='word_1_232' title='bbox 1193 3298 1356 3376; x_wconf 88' lang='lat' dir='ltr'><strong>Pompeius</strong></span> <span class='ocrx_word' id='word_1_233' title='bbox 1377 3305 1596 3376; x_wconf 81' lang='lat' dir='ltr'><strong>occupauerat,</strong></span> 
     </span>
     <span class='ocr_line' id='line_1_26' title="bbox 386 3402 1594 3482; baseline 0.002 -20"><span class='ocrx_word' id='word_1_234' title='bbox 386 3403 545 3480; x_wconf 83' lang='lat' dir='ltr'><strong>ipsamque</strong></span> <span class='ocrx_word' id='word_1_235' title='bbox 571 3402 693 3464; x_wconf 89' lang='lat' dir='ltr'><strong>Cretam</strong></span> <span class='ocrx_word' id='word_1_236' title='bbox 719 3404 845 3465; x_wconf 85' lang='lat' dir='ltr'><strong>Metello</strong></span> <span class='ocrx_word' id='word_1_237' title='bbox 872 3405 994 3482; x_wconf 89' lang='lat' dir='ltr'><strong>eripere</strong></span> <span class='ocrx_word' id='word_1_238' title='bbox 1018 3404 1157 3481; x_wconf 88' lang='lat' dir='ltr'><strong>parabat,</strong></span> <span class='ocrx_word' id='word_1_239' title='bbox 1190 3404 1248 3464; x_wconf 82' lang='lat' dir='ltr'><strong>llio</strong></span> <span class='ocrx_word' id='word_1_240' title='bbox 1273 3423 1379 3464; x_wconf 73' lang='lat' dir='ltr'><strong>xxxva</strong></span> <span class='ocrx_word' id='word_1_241' title='bbox 1410 3407 1458 3466; x_wconf 81' lang='lat'><strong>28.</strong></span> <span class='ocrx_word' id='word_1_242' title='bbox 1492 3421 1594 3479; x_wconf 85' lang='lat' dir='ltr'><strong>neque</strong></span> 
     </span>
     <span class='ocr_line' id='line_1_27' title="bbox 383 3510 1596 3587; baseline 0.003 -17"><span class='ocrx_word' id='word_1_243' title='bbox 383 3510 462 3570; x_wconf 90' lang='lat' dir='ltr'><strong>satis</strong></span> <span class='ocrx_word' id='word_1_244' title='bbox 483 3515 627 3570; x_wconf 89' lang='lat' dir='ltr'><strong>aoourate</strong></span> <span class='ocrx_word' id='word_1_245' title='bbox 650 3511 732 3570; x_wconf 88' lang='lat' dir='ltr'><strong>diota</strong></span> <span class='ocrx_word' id='word_1_246' title='bbox 754 3517 832 3584; x_wconf 87' lang='lat' dir='ltr'><strong>sunt,</strong></span> <span class='ocrx_word' id='word_1_247' title='bbox 854 3529 921 3587; x_wconf 85' lang='lat' dir='ltr'><strong>quaa</strong></span> <span class='ocrx_word' id='word_1_248' title='bbox 942 3514 1124 3586; x_wconf 88' lang='lat' dir='ltr'><strong>sequuntur:</strong></span> <span class='ocrx_word' id='word_1_249' title='bbox 1152 3515 1208 3587; x_wconf 79' lang='lat' dir='ltr'><strong>ipsi</strong></span> <span class='ocrx_word' id='word_1_250' title='bbox 1228 3515 1350 3586; x_wconf 67' lang='lat' dir='ltr'><strong>maneb,</strong></span> <span class='ocrx_word' id='word_1_251' title='bbox 1367 3512 1508 3587; x_wconf 72' lang='lat' dir='ltr'><strong>fiorentes</strong></span> <span class='ocrx_word' id='word_1_252' title='bbox 1530 3517 1596 3574; x_wconf 77' lang='lat' dir='ltr'><strong>alne</strong></span> 
     </span>
     <span class='ocr_line' id='line_1_28' title="bbox 381 3617 1594 3696; baseline 0.002 -20"><span class='ocrx_word' id='word_1_253' title='bbox 381 3621 456 3676; x_wconf 84' lang='lat' dir='ltr'><strong>melu</strong></span> <span class='ocrx_word' id='word_1_254' title='bbox 477 3623 586 3676; x_wconf 78' lang='lat' dir='ltr'><strong>etalem</strong></span> <span class='ocrx_word' id='word_1_255' title='bbox 607 3633 704 3692; x_wconf 86' lang='lat' dir='ltr'><strong>opere,</strong></span> <span class='ocrx_word' id='word_1_256' title='bbox 733 3618 773 3676; x_wconf 90' lang='lat' dir='ltr'><strong>iis</strong></span> <span class='ocrx_word' id='word_1_257' title='bbox 797 3619 961 3694; x_wconf 88' lang='lat' dir='ltr'><strong>simillima,</strong></span> <span class='ocrx_word' id='word_1_258' title='bbox 989 3635 1057 3694; x_wconf 79' lang='lat' dir='ltr'><strong>quas</strong></span> <span class='ocrx_word' id='word_1_259' title='bbox 1078 3617 1160 3677; x_wconf 84' lang='lat' dir='ltr'><strong>infra</strong></span> <span class='ocrx_word' id='word_1_260' title='bbox 1181 3617 1324 3696; x_wconf 77' lang='lat' dir='ltr'><strong>leguntur</strong></span> <span class='ocrx_word' id='word_1_261' title='bbox 1343 3617 1413 3696; x_wconf 79' lang='lat' dir='ltr'><strong>lug.</strong></span> <span class='ocrx_word' id='word_1_262' title='bbox 1435 3621 1471 3679; x_wconf 82' lang='lat'><strong>31</strong></span> <span class='ocrx_word' id='word_1_263' title='bbox 1506 3637 1594 3694; x_wconf 82' lang='lat' dir='ltr'><strong>,oum</strong></span> 
     </span>
     <span class='ocr_line' id='line_1_29' title="bbox 381 3724 1594 3816; baseline 0.003 -34"><span class='ocrx_word' id='word_1_264' title='bbox 381 3739 485 3800; x_wconf 79' lang='lat' dir='ltr'><strong>regna,</strong></span> <span class='ocrx_word' id='word_1_265' title='bbox 515 3724 691 3801; x_wconf 85' lang='lat' dir='ltr'><strong>provinoiae,</strong></span> <span class='ocrx_word' id='word_1_266' title='bbox 714 3725 809 3816; x_wconf 82' lang='lat' dir='ltr'><strong>leges,</strong></span> <span class='ocrx_word' id='word_1_267' title='bbox 838 3725 914 3801; x_wconf 92' lang='lat' dir='ltr'><strong>iura,</strong></span> <span class='ocrx_word' id='word_1_268' title='bbox 936 3725 1057 3802; x_wconf 82' lang='lat' dir='ltr'><strong>iudicia,</strong></span> <span class='ocrx_word' id='word_1_269' title='bbox 1088 3726 1171 3787; x_wconf 91' lang='lat' dir='ltr'><strong>bella</strong></span> <span class='ocrx_word' id='word_1_270' title='bbox 1193 3729 1286 3802; x_wconf 91' lang='lat' dir='ltr'><strong>atque</strong></span> <span class='ocrx_word' id='word_1_271' title='bbox 1306 3743 1412 3804; x_wconf 87' lang='lat' dir='ltr'><strong>paoes,</strong></span> <span class='ocrx_word' id='word_1_272' title='bbox 1432 3732 1594 3803; x_wconf 88' lang='lat' dir='ltr'><strong>postremo</strong></span> 
     </span>
     <span class='ocr_line' id='line_1_30' title="bbox 381 3827 1595 3910; baseline 0.004 -23"><span class='ocrx_word' id='word_1_273' title='bbox 381 3828 486 3890; x_wconf 84' lang='lat' dir='ltr'><strong>divina</strong></span> <span class='ocrx_word' id='word_1_274' title='bbox 511 3836 543 3889; x_wconf 91' lang='lat' dir='ltr'><strong>et</strong></span> <span class='ocrx_word' id='word_1_275' title='bbox 567 3831 695 3891; x_wconf 90' lang='lat' dir='ltr'><strong>bumana</strong></span> <span class='ocrx_word' id='word_1_276' title='bbox 717 3834 816 3892; x_wconf 92' lang='lat' dir='ltr'><strong>omnia</strong></span> <span class='ocrx_word' id='word_1_277' title='bbox 844 3850 939 3910; x_wconf 86' lang='lat' dir='ltr'><strong>penes</strong></span> <span class='ocrx_word' id='word_1_278' title='bbox 965 3850 1082 3910; x_wconf 91' lang='lat' dir='ltr'><strong>pauoos</strong></span> <span class='ocrx_word' id='word_1_279' title='bbox 1112 3827 1229 3892; x_wconf 85' lang='lat' dir='ltr'><strong>erant.“</strong></span> <span class='ocrx_word' id='word_1_280' title='bbox 1272 3831 1332 3892; x_wconf 84' lang='lat' dir='ltr'><strong>Seri</strong></span> <span class='ocrx_word' id='word_1_281' title='bbox 1356 3833 1512 3907; x_wconf 77' lang='lat' dir='ltr'><strong>quaritur,</strong></span> <span class='ocrx_word' id='word_1_282' title='bbox 1541 3833 1595 3908; x_wconf 91' lang='lat' dir='ltr'><strong>qui</strong></span> 
     </span>
    </p>
   </div>
   <div class='ocr_carea' id='block_1_3' title="bbox 286 3937 1596 4442">
    <p class='ocr_par' dir='ltr' id='par_1_3' title="bbox 286 3937 1596 4442">
     <span class='ocr_line' id='line_1_31' title="bbox 286 3937 1595 4018; baseline 0.002 -22"><span class='ocrx_word' id='word_1_283' title='bbox 286 3965 291 3986; x_wconf 87' lang='lat'><strong>·</strong></span> <span class='ocrx_word' id='word_1_284' title='bbox 382 3937 445 3996; x_wconf 92' lang='lat' dir='ltr'><strong>sint</strong></span> <span class='ocrx_word' id='word_1_285' title='bbox 465 3942 561 4013; x_wconf 82' lang='lat' dir='ltr'><strong>celeri,</strong></span> <span class='ocrx_word' id='word_1_286' title='bbox 591 3955 668 4014; x_wconf 91' lang='lat' dir='ltr'><strong>quos</strong></span> <span class='ocrx_word' id='word_1_287' title='bbox 689 3940 810 3999; x_wconf 86' lang='lat' dir='ltr'><strong>iudioiis</strong></span> <span class='ocrx_word' id='word_1_288' title='bbox 831 3941 997 4000; x_wconf 88' lang='lat' dir='ltr'><strong>terrebant.</strong></span> <span class='ocrx_word' id='word_1_289' title='bbox 1039 3940 1240 4018; x_wconf 83' lang='lat' dir='ltr'><strong>Respondent</strong></span> <span class='ocrx_word' id='word_1_290' title='bbox 1261 3943 1460 4017; x_wconf 86' lang='lat' dir='ltr'><strong>interpretes,</strong></span> <span class='ocrx_word' id='word_1_291' title='bbox 1493 3939 1595 4000; x_wconf 85' lang='lat' dir='ltr'><strong>luisse</strong></span> 
     </span>
     <span class='ocr_line' id='line_1_32' title="bbox 382 4045 1596 4122; baseline 0.003 -20"><span class='ocrx_word' id='word_1_292' title='bbox 382 4059 422 4103; x_wconf 88' lang='lat' dir='ltr'><strong>ex</strong></span> <span class='ocrx_word' id='word_1_293' title='bbox 444 4045 633 4121; x_wconf 84' lang='lat' dir='ltr'><strong>optimatium</strong></span> <span class='ocrx_word' id='word_1_294' title='bbox 655 4063 789 4122; x_wconf 88' lang='lat' dir='ltr'><strong>numero,</strong></span> <span class='ocrx_word' id='word_1_295' title='bbox 818 4047 870 4120; x_wconf 92' lang='lat' dir='ltr'><strong>qui</strong></span> <span class='ocrx_word' id='word_1_296' title='bbox 892 4063 949 4106; x_wconf 91' lang='lat' dir='ltr'><strong>non</strong></span> <span class='ocrx_word' id='word_1_297' title='bbox 976 4064 1043 4107; x_wconf 89' lang='lat' dir='ltr'><strong>oum</strong></span> <span class='ocrx_word' id='word_1_298' title='bbox 1067 4047 1129 4108; x_wconf 90' lang='lat' dir='ltr'><strong>illis</strong></span> <span class='ocrx_word' id='word_1_299' title='bbox 1150 4047 1299 4107; x_wconf 78' lang='lat' dir='ltr'><strong>facerent.</strong></span> <span class='ocrx_word' id='word_1_300' title='bbox 1334 4045 1503 4122; x_wconf 88' lang='lat' dir='ltr'><strong>Catilinam,</strong></span> <span class='ocrx_word' id='word_1_301' title='bbox 1525 4048 1596 4106; x_wconf 80' lang='lat' dir='ltr'><strong>An-</strong></span> 
     </span>
     <span class='ocr_line' id='line_1_33' title="bbox 381 4151 1595 4228; baseline 0.003 -18"><span class='ocrx_word' id='word_1_302' title='bbox 381 4151 522 4224; x_wconf 59' lang='lat' dir='ltr'><strong>tonium,</strong></span> <span class='ocrx_word' id='word_1_303' title='bbox 538 4151 653 4212; x_wconf 88' lang='lat' dir='ltr'><strong>Sullam</strong></span> <span class='ocrx_word' id='word_1_304' title='bbox 684 4159 766 4228; x_wconf 92' lang='lat' dir='ltr'><strong>puto.</strong></span> <span class='ocrx_word' id='word_1_305' title='bbox 809 4153 872 4212; x_wconf 88' lang='lat' dir='ltr'><strong>Sed</strong></span> <span class='ocrx_word' id='word_1_306' title='bbox 902 4155 962 4214; x_wconf 88' lang='lat' dir='ltr'><strong>boo</strong></span> <span class='ocrx_word' id='word_1_307' title='bbox 989 4171 1079 4214; x_wconf 89' lang='lat' dir='ltr'><strong>nemo</strong></span> <span class='ocrx_word' id='word_1_308' title='bbox 1105 4155 1145 4214; x_wconf 88' lang='lat' dir='ltr'><strong>iis</strong></span> <span class='ocrx_word' id='word_1_309' title='bbox 1174 4155 1253 4215; x_wconf 88' lang='lat' dir='ltr'><strong>vitio</strong></span> <span class='ocrx_word' id='word_1_310' title='bbox 1278 4155 1419 4214; x_wconf 88' lang='lat' dir='ltr'><strong>verterit.</strong></span> <span class='ocrx_word' id='word_1_311' title='bbox 1461 4155 1504 4214; x_wconf 77' lang='lat' dir='ltr'><strong>At</strong></span> <span class='ocrx_word' id='word_1_312' title='bbox 1525 4156 1595 4214; x_wconf 86' lang='lat' dir='ltr'><strong>lla-</strong></span> 
     </span>
     <span class='ocr_line' id='line_1_34' title="bbox 382 4256 1595 4336; baseline 0.004 -21"><span class='ocrx_word' id='word_1_313' title='bbox 382 4256 486 4317; x_wconf 89' lang='lat' dir='ltr'><strong>nilium</strong></span> <span class='ocrx_word' id='word_1_314' title='bbox 508 4276 592 4318; x_wconf 88' lang='lat' dir='ltr'><strong>reum</strong></span> <span class='ocrx_word' id='word_1_315' title='bbox 615 4259 770 4335; x_wconf 86' lang='lat' dir='ltr'><strong>lecerunt;</strong></span> <span class='ocrx_word' id='word_1_316' title='bbox 794 4277 883 4335; x_wconf 88' lang='lat' dir='ltr'><strong>quom</strong></span> <span class='ocrx_word' id='word_1_317' title='bbox 905 4262 973 4336; x_wconf 89' lang='lat' dir='ltr'><strong>quis</strong></span> <span class='ocrx_word' id='word_1_318' title='bbox 993 4261 1105 4322; x_wconf 87' lang='lat' dir='ltr'><strong>iniuste</strong></span> <span class='ocrx_word' id='word_1_319' title='bbox 1125 4269 1302 4322; x_wconf 87' lang='lat' dir='ltr'><strong>aoousatum</strong></span> <span class='ocrx_word' id='word_1_320' title='bbox 1321 4261 1426 4320; x_wconf 79' lang='lat' dir='ltr'><strong>dieatl</strong></span> <span class='ocrx_word' id='word_1_321' title='bbox 1453 4260 1510 4320; x_wconf 85' lang='lat' dir='ltr'><strong>elr.</strong></span> <span class='ocrx_word' id='word_1_322' title='bbox 1526 4261 1595 4320; x_wconf 84' lang='lat' dir='ltr'><strong>uio.</strong></span> 
     </span>
     <span class='ocr_line' id='line_1_35' title="bbox 382 4365 1596 4442; baseline 0.002 -19"><span class='ocrx_word' id='word_1_323' title='bbox 382 4382 489 4423; x_wconf 80' lang='lat' dir='ltr'><strong>xxxvr.</strong></span> <span class='ocrx_word' id='word_1_324' title='bbox 511 4367 559 4425; x_wconf 77' lang='lat'><strong>25.</strong></span> <span class='ocrx_word' id='word_1_325' title='bbox 601 4365 664 4426; x_wconf 85' lang='lat' dir='ltr'><strong>Sed</strong></span> <span class='ocrx_word' id='word_1_326' title='bbox 685 4384 744 4426; x_wconf 92' lang='lat' dir='ltr'><strong>non</strong></span> <span class='ocrx_word' id='word_1_327' title='bbox 773 4366 805 4426; x_wconf 89' lang='lat' dir='ltr'><strong>id</strong></span> <span class='ocrx_word' id='word_1_328' title='bbox 830 4368 991 4442; x_wconf 78' lang='lat' dir='ltr'><strong>quaeritur,</strong></span> <span class='ocrx_word' id='word_1_329' title='bbox 1022 4386 1092 4428; x_wconf 89' lang='lat' dir='ltr'><strong>num</strong></span> <span class='ocrx_word' id='word_1_330' title='bbox 1112 4384 1188 4428; x_wconf 89' lang='lat' dir='ltr'><strong>vere</strong></span> <span class='ocrx_word' id='word_1_331' title='bbox 1209 4368 1269 4427; x_wconf 88' lang='lat' dir='ltr'><strong>boo</strong></span> <span class='ocrx_word' id='word_1_332' title='bbox 1290 4367 1443 4428; x_wconf 86' lang='lat' dir='ltr'><strong>Salustius</strong></span> <span class='ocrx_word' id='word_1_333' title='bbox 1471 4369 1596 4442; x_wconf 82' lang='lat' dir='ltr'><strong>dixerit,</strong></span> 
     </span>
    </p>
   </div>
   <div class='ocr_carea' id='block_1_4' title="bbox 382 4472 1595 4767">
    <p class='ocr_par' dir='ltr' id='par_1_4' title="bbox 382 4472 1595 4767">
     <span class='ocr_line' id='line_1_36' title="bbox 383 4472 1595 4552; baseline 0.004 -23"><span class='ocrx_word' id='word_1_334' title='bbox 383 4472 441 4530; x_wconf 86' lang='lat' dir='ltr'><strong>sed</strong></span> <span class='ocrx_word' id='word_1_335' title='bbox 463 4472 536 4547; x_wconf 90' lang='lat' dir='ltr'><strong>quid</strong></span> <span class='ocrx_word' id='word_1_336' title='bbox 558 4472 663 4532; x_wconf 86' lang='lat' dir='ltr'><strong>dioere</strong></span> <span class='ocrx_word' id='word_1_337' title='bbox 687 4473 821 4532; x_wconf 88' lang='lat' dir='ltr'><strong>voluerit</strong></span> <span class='ocrx_word' id='word_1_338' title='bbox 873 4480 1043 4552; x_wconf 79' lang='lat' dir='ltr'><strong>ceterosque</strong></span> <span class='ocrx_word' id='word_1_339' title='bbox 1063 4475 1156 4552; x_wconf 81' lang='lat' dir='ltr'><strong>igitur</strong></span> <span class='ocrx_word' id='word_1_340' title='bbox 1176 4479 1246 4536; x_wconf 89' lang='lat' dir='ltr'><strong>sunt</strong></span> <span class='ocrx_word' id='word_1_341' title='bbox 1267 4492 1381 4548; x_wconf 88' lang='lat' dir='ltr'><strong>omnes,</strong></span> <span class='ocrx_word' id='word_1_342' title='bbox 1413 4475 1464 4550; x_wconf 89' lang='lat' dir='ltr'><strong>qui</strong></span> <span class='ocrx_word' id='word_1_343' title='bbox 1487 4475 1595 4534; x_wconf 84' lang='lat' dir='ltr'><strong>diver-</strong></span> 
     </span>
     <span class='ocr_line' id='line_1_37' title="bbox 383 4579 1595 4659; baseline 0.005 -23"><span class='ocrx_word' id='word_1_344' title='bbox 383 4593 435 4636; x_wconf 89' lang='lat' dir='ltr'><strong>sas</strong></span> <span class='ocrx_word' id='word_1_345' title='bbox 457 4580 565 4653; x_wconf 88' lang='lat' dir='ltr'><strong>partes</strong></span> <span class='ocrx_word' id='word_1_346' title='bbox 588 4579 619 4637; x_wconf 96' lang='lat' dir='ltr'><strong>in</strong></span> <span class='ocrx_word' id='word_1_347' title='bbox 650 4596 684 4638; x_wconf 93' lang='lat' dir='ltr'><strong>re</strong></span> <span class='ocrx_word' id='word_1_348' title='bbox 712 4579 834 4658; x_wconf 85' lang='lat' dir='ltr'><strong>publiea</strong></span> <span class='ocrx_word' id='word_1_349' title='bbox 865 4581 1079 4656; x_wconf 86' lang='lat' dir='ltr'><strong>sequebantur,</strong></span> <span class='ocrx_word' id='word_1_350' title='bbox 1114 4583 1291 4658; x_wconf 75' lang='lat' dir='ltr'><strong>quibuscum</strong></span> <span class='ocrx_word' id='word_1_351' title='bbox 1317 4581 1483 4659; x_wconf 88' lang='lat' dir='ltr'><strong>optimates</strong></span> <span class='ocrx_word' id='word_1_352' title='bbox 1503 4599 1595 4642; x_wconf 93' lang='lat' dir='ltr'><strong>unum</strong></span> 
     </span>
     <span class='ocr_line' id='line_1_38' title="bbox 382 4684 1595 4767; baseline 0.005 -25"><span class='ocrx_word' id='word_1_353' title='bbox 382 4684 519 4744; x_wconf 73' lang='lat' dir='ltr'><strong>civitatis</strong></span> <span class='ocrx_word' id='word_1_354' title='bbox 552 4703 664 4762; x_wconf 86' lang='lat' dir='ltr'><strong>eorpus</strong></span> <span class='ocrx_word' id='word_1_355' title='bbox 695 4686 886 4762; x_wconf 77' lang='lat' dir='ltr'><strong>ellioiebant3</strong></span> <span class='ocrx_word' id='word_1_356' title='bbox 919 4705 973 4748; x_wconf 89' lang='lat' dir='ltr'><strong>eos</strong></span> <span class='ocrx_word' id='word_1_357' title='bbox 1005 4690 1098 4767; x_wconf 78' lang='lat' dir='ltr'><strong>igitur</strong></span> <span class='ocrx_word' id='word_1_358' title='bbox 1119 4689 1242 4750; x_wconf 84' lang='lat' dir='ltr'><strong>iudioiis</strong></span> <span class='ocrx_word' id='word_1_359' title='bbox 1268 4690 1435 4760; x_wconf 78' lang='lat' dir='ltr'><strong>terrebant,</strong></span> <span class='ocrx_word' id='word_1_360' title='bbox 1462 4705 1500 4748; x_wconf 91' lang='lat' dir='ltr'><strong>eo</strong></span> <span class='ocrx_word' id='word_1_361' title='bbox 1523 4691 1595 4764; x_wconf 91' lang='lat' dir='ltr'><strong>qui-</strong></span> 
     </span>
    </p>
   </div>
   <div class='ocr_carea' id='block_1_5' title="bbox 0 0 1795 5602">
    <p class='ocr_par' dir='ltr' id='par_1_5' title="bbox 0 0 1795 5602">
     <span class='ocr_line' id='line_1_39' title="bbox 0 0 1795 5602; baseline 0 0"><span class='ocrx_word' id='word_1_362' title='bbox 0 0 1795 5602; x_wconf 95' lang='lat' dir='ltr'><strong> </strong></span> 
     </span>
    </p>
   </div>
  </div>
 </body>
</html>
