3526 5604
420 637 492 708 268

421 859 514 917 nem;
552 833 704 904 lubenter
729 834 820 903 enim
849 833 948 902 ctiam
979 832 1080 904 verbo
1106 847 1180 902 utor
1205 831 1351 901 Catonis.
1399 831 1503 901 (two
1528 831 1564 898 dc
1585 852 1613 898 rc

417 962 505 1054 publ.
532 959 568 1042 2,
598 957 628 1040 1,
656 955 690 1028 3.
791 957 825 1028 3.
852 959 949 1028 ltalia
974 970 1063 1028 tanta
1093 979 1173 1028 cura
1197 955 1240 1026 ob
1265 954 1419 1025 omnibus
1450 954 1537 1023 dicta
1561 965 1613 1034 cst,

421 1085 600 1179 praecipue
626 1108 646 1154 a
668 1087 712 1156 ll.
740 1084 877 1165 Catone,
904 1085 1032 1154 utiam
1058 1081 1198 1152 inveniri
1225 1102 1291 1150 non
1317 1079 1419 1172 possit
1444 1079 1531 1171 qnod
1556 1101 1615 1147 non

421 1219 572 1280 veterum
597 1218 768 1278 anctorum
795 1207 1054 1300 praesumpserit
1079 1205 1263 1298 diligentia.
1306 1205 1436 1274 Solinus
1458 1205 1561 1296 polyb.
1585 1200 1616 1272 8.

422 1336 504 1406 Cato
522 1332 702 1411 censorius,
730 1332 787 1422 qui
812 1331 940 1424 scripsit
965 1331 1118 1401 historias
1137 1382 1145 1400 .
1166 1381 1200 1399 ..
1229 1331 1279 1400 De
1296 1328 1418 1398 Italicis
1440 1328 1540 1396 etiam
1564 1349 1619 1395 ur-

421 1459 519 1530 bibus
545 1457 697 1550 Hyginus
723 1455 913 1548 plenissime
939 1456 1068 1548 scripsit
1099 1465 1131 1524 et
1157 1454 1238 1524 Cato
1263 1455 1297 1523 in
1324 1452 1520 1544 Originibus
1546 1503 1553 1518 .
1579 1503 1618 1518 ..

423 1583 537 1653 ltaliae
563 1580 740 1673 disciplina
764 1591 797 1650 et
821 1581 886 1650 vita
912 1580 1076 1662 laudatur,
1102 1603 1204 1674 quam
1226 1589 1257 1648 et
1274 1579 1355 1649 Cato
1380 1577 1415 1646 in
1432 1573 1621 1666 Originibus

423 1718 456 1776 et
470 1709 576 1778 Varro
594 1706 629 1775 in
647 1715 745 1796 gente
761 1705 878 1797 populi
895 1706 1036 1775 Romani
1054 1711 1300 1775 commemorat.
1334 1702 1463 1771 Seruius
1478 1702 1522 1770 ad
1539 1700 1619 1788 Verg.

423 1833 501 1901 Aen.
520 1829 554 1912 6,
569 1827 653 1902 842.
674 1827 707 1910 7,
731 1826 814 1899 678.
832 1828 866 1912 9,
887 1828 971 1901 603.
1011 1831 1092 1900 Cato
1112 1827 1294 1920 oppidatim
1313 1826 1428 1897 statuis
1446 1823 1619 1902 ornandus,

423 1955 483 2048 qui
515 1954 654 2047 primam
680 1951 790 2023 Latini
824 1952 969 2022 nominis
998 1953 1146 2023 subolem
1181 1965 1214 2021 et
1240 1953 1430 2022 ltalicarum
1460 1950 1619 2038 originum

423 2079 582 2172 pueritias
614 2076 810 2146 inlustravit.
855 2077 971 2147 llooto
1004 2079 1141 2170 princip.
1175 2079 1247 2146 bist.
1348 2076 1382 2144 l.
1415 2077 1461 2145 bl.
1496 2073 1621 2144 Catonis

424 2203 520 2284 illud,
559 2199 648 2295 quod
678 2201 711 2268 in
743 2201 908 2293 principio
939 2201 1070 2294 scripsit
1098 2200 1275 2291 Originum
1310 2221 1458 2280 suarum,
1498 2219 1622 2289 semper

425 2325 640 2418 magnificum
673 2335 706 2392 et
737 2325 945 2416 praeclarum
975 2326 1108 2417 putavi:
1151 2326 1316 2394 clarorum
1350 2324 1498 2393 virorum
1530 2333 1623 2413 atquc

424 2468 623 2540 magnorum
648 2469 715 2516 non
741 2448 851 2518 minus
873 2427 1051 2541 otii'quam
1068 2449 1194 2540 negotii
1211 2449 1373 2520 rationem
1391 2459 1504 2516 extare
1529 2469 1624 2538 opor-

425 2586 506 2645 tere.
546 2574 649 2643 niaco
670 2597 732 2666 pro
756 2573 887 2644 Plancio
903 2571 964 2657 27,
991 2573 1051 2647 66.
1095 2576 1205 2646 Simul
1229 2583 1266 2644 ut
1290 2584 1322 2643 et
1346 2573 1405 2642 otii
1430 2573 1509 2652 mei,
1536 2571 1624 2641 cuius

427 2709 459 2768 et
483 2699 565 2769 Cato
596 2696 799 2768 reddendam
834 2721 971 2791 operam
1000 2710 1110 2792 putat,
1148 2700 1235 2793 apud
1268 2711 1299 2768 te
1334 2701 1422 2768 ratio
1454 2707 1624 2767 constaret.

425 2823 567 2894 lustinus
579 2828 716 2918 praesu.
742 2822 775 2895 5.
814 2824 900 2894 lllud
917 2848 1032 2895 verum
1051 2834 1099 2894 est
1115 2825 1160 2895 M.
1180 2824 1313 2895 Catonis
1329 2824 1519 2893 oraculum:
1547 2819 1627 2890 nibil
1755 2903 1756 2908 ἵ

428 2947 559 3038 agendo
584 2948 736 3018 homines
762 2948 850 3018 male
884 2971 985 3041 agere
1010 2949 1152 3019 discunt.
1200 2949 1368 3019 Columella
1390 2947 1446 3028 11,
1476 2947 1506 3018 1.
1550 2946 1628 3015 Cato

428 3096 560 3166 quoque
581 3075 739 3164 Origines
764 3075 812 3143 sio
837 3075 988 3146 inchoat:
1019 3076 1047 3144 si
1073 3099 1155 3169 ques
1180 3075 1332 3145 homines
1357 3084 1442 3154 sunt,
1469 3094 1555 3166 quos
1570 3068 1628 3139 de-

427 3198 526 3266 lectat
550 3199 664 3290 populi
690 3221 742 3267 res
771 3210 880 3289 gestas
905 3199 1105 3270 describere.
1149 3193 1573 3290 §concrepamus
1595 3193 1627 3264 6.
1755 3259 1756 3264 ,

424 3346 459 3415 p.
479 3319 562 3392 506.
588 3322 755 3414 Pompeius
778 3347 886 3392 comm.
911 3337 972 3393 ort.
997 3323 1083 3392 Don.
1111 3321 1168 3404 19,
1198 3319 1242 3394 18
1265 3347 1300 3415 p.
1320 3319 1394 3394 254
1419 3323 1514 3391 Lind.
1552 3320 1630 3389 Cato
1755 3397 1756 3416 .

429 3445 462 3514 in
476 3445 672 3534 Originibus
686 3447 750 3516 ait:
767 3435 804 3516 ‘si
819 3469 900 3540 ques
920 3456 996 3516 sunt
1007 3433 1130 3538 populi'
1147 3455 1181 3514 et
1197 3445 1374 3515 declinavit
1389 3467 1481 3538 ques,
1504 3445 1629 3537 quium.
1755 3439 1756 3446 '

428 3570 557 3640 Servius
581 3572 625 3640 od
658 3571 744 3662 Vcrp.
770 3571 847 3640 Aen.
875 3570 907 3653 1,
933 3568 992 3640 99.
1025 3571 1062 3639 P.
1090 3570 1289 3663 Scipionem,
1323 3593 1399 3639 eum
1421 3570 1479 3662 qui
1506 3570 1629 3662 primus
1755 3597 1756 3600 ¹

429 3694 606 3765 Africanus
631 3695 815 3786 appellatus
841 3695 892 3775 sit,
919 3694 1030 3764 dicere
1056 3694 1189 3764 solitum
1215 3695 1345 3787 scripsit
1371 3695 1462 3774 Cato,
1490 3696 1549 3787 qui
1573 3695 1632 3764 luit
1755 3717 1756 3762 2

430 3819 500 3888 lere
533 3817 605 3888 eins
637 3819 807 3910 aequalis:
851 3840 1032 3910 numquam
1063 3841 1099 3886 se
1130 3817 1239 3887 minus
1270 3818 1410 3887 otiosum
1437 3840 1631 3910 essequam
1755 3861 1756 3902 ,

429 3964 504 4012 cum
523 3941 645 4011 otiosus
672 3937 870 4036 [numquam
894 3965 930 4010 se
955 3943 1029 4035 plns
1055 3963 1154 4033 agere
1174 3963 1274 4032 quam
1293 3940 1379 4011 nilril
1396 3964 1471 4012 curn
1489 3939 1631 4032 ageret]
1755 3917 1756 3956 l

429 4088 492 4138 uec
517 4064 627 4135 minus
653 4065 759 4135 solum
786 4089 886 4159 quam
910 4089 986 4135 cum
1007 4067 1096 4135 solus
1110 4077 1205 4136 esset.
1245 4068 1349 4137 dcco
1367 4069 1405 4136 dc
1425 4068 1479 4164 off.
1502 4065 1629 4148 3,1,1·.

430 4193 468 4262 de
488 4192 629 4284 republ.
658 4190 690 4272 1,
721 4189 777 4273 17,
803 4190 864 4262 27.
965 4192 1000 4261 5.
1031 4195 1070 4262 ln
1095 4192 1290 4283 Originibus
1315 4193 1473 4286 scriptum
1500 4193 1632 4288 reliquit
1755 4257 1756 4286 p

431 4315 523 4396 Cato,
550 4337 679 4384 morem
704 4315 792 4407 apud
818 4316 960 4386 maiores
985 4317 1097 4386 multis
1122 4318 1242 4388 seculis
1267 4328 1343 4387 ante
1368 4339 1462 4387 suam
1491 4331 1632 4388 nemum
1755 4303 1756 4326 ³

432 4439 520 4509 bunc
547 4439 720 4531 epularum
747 4440 858 4523 luisse,
885 4451 920 4511 ut
938 4440 1094 4534 deinceps
1115 4442 1173 4533 qui
1190 4441 1390 4512 accubarent
1410 4441 1534 4532 singuli
1555 4467 1633 4514 can-

430 4563 565 4632 titarent
590 4563 632 4633 ad
658 4563 827 4633 tibicinem
854 4565 895 4634 de
921 4566 1087 4636 clarorum
1114 4567 1260 4637 virorum
1276 4567 1434 4638 laudibus
1448 4579 1548 4659 atque
1569 4569 1633 4636 vir·

434 4687 566 4757 tutibus
617 4689 720 4757 deero
757 4689 929 4758 Tnscrrlon..
957 4690 986 4766 1,
1015 4689 1051 4770 2,
1084 4689 1117 4760 3.
1165 4687 1200 4770 4,
1228 4691 1261 4771 2,
1290 4690 1324 4761 3.
1360 4690 1544 4776 arrecto,
1577 4691 1630 4762 75.
