3582 5594
377 607 534 695 ‘or

558 847 655 896 xxm.
705 825 863 917 Iugurtha
889 824 947 897 ubi
972 849 1028 896 eos
1054 827 1167 900 Africa
1192 826 1370 898 decessisse
1392 839 1481 897 ratus
1507 839 1556 896 est
1581 851 1681 920 neque

484 962 618 1044 propter
654 952 720 1023 loci
757 963 910 1022 naturam
936 953 1060 1023 Cirtam
1099 953 1199 1024 ermis
1225 975 1417 1048 expugnare
1443 963 1562 1046 potest,
1600 953 1682 1022 vallo

485 1087 583 1170 atque
608 1077 693 1146 fossa
717 1075 841 1145 moenie
867 1074 1064 1158 circumdat,
1098 1078 1195 1148 turris
1225 1078 1346 1147 extruit
1378 1100 1501 1171 easque
1526 1076 1683 1170 presidiis

485 1202 612 1282 firmat3
638 1212 799 1294 praeterea
828 1201 898 1271 dies
924 1214 1100 1297 noctesque
1132 1213 1190 1273 aut
1213 1227 1272 1296 per
1298 1204 1366 1274 vim
1401 1214 1457 1274 aut
1473 1202 1558 1273 dolis
1581 1212 1685 1294 temp-

484 1336 570 1408 tare,
598 1326 824 1397 defensoribus
849 1328 1008 1397 moenium
1035 1328 1172 1421 praemia
1203 1328 1319 1407 modo,
1354 1327 1452 1399 modo
1478 1325 1684 1398 formidinem

484 1459 662 1532 ostentare,
689 1473 766 1520 suos
783 1449 945 1521 hortando
971 1452 1011 1521 ed
1033 1452 1186 1520 virtutem
1205 1451 1369 1543 arrigere,
1396 1473 1528 1544 prorsus
1545 1450 1685 1519 intentus

484 1583 602 1642 cuncta
626 1595 755 1664 parare.
805 1572 988 1655 Adherbal,
1014 1574 1071 1645 ubi
1096 1574 1271 1668 intellegit.
1306 1574 1415 1644 omnis
1440 1597 1517 1644 suas
1543 1575 1685 1644 fortunas

483 1697 519 1766 in
544 1706 691 1767 extremo
717 1697 815 1778 sitas,
841 1696 967 1766 hostem
994 1699 1166 1780 infestum,
1200 1700 1313 1769 auxilii
1339 1723 1432 1792 spem
1459 1700 1602 1776 nullam,
1628 1721 1686 1789 pe-

482 1820 578 1890 nuria
603 1841 715 1890 rerum
740 1821 1001 1892 necessariarum
1030 1821 1157 1892 bellum
1181 1823 1268 1893 trehi
1300 1845 1368 1906 non
1394 1845 1510 1916 posse;
1543 1845 1588 1892 ex
1625 1821 1685 1900 his,

483 1943 542 2035 qui
566 1967 632 2014 una
658 1944 782 2014 Cirtam
808 1946 1040 2037 profugerant,
1078 1946 1159 2016 duos
1193 1970 1347 2017 maxume
1382 1949 1528 2040 inpigms
1554 1947 1686 2038 delegit,

484 2089 540 2137 eos
565 2070 668 2138 multe
691 2069 881 2162 pollicendo
899 2093 937 2139 ao
962 2071 1151 2142 miserando
1169 2095 1280 2142 casum
1306 2095 1404 2142 suum
1430 2071 1615 2151 confirmat,
1641 2071 1687 2141 uti

482 2215 543 2286 per
568 2192 710 2264 hostium
737 2195 936 2265 munitiones
961 2207 1060 2266 noctu
1086 2197 1126 2266 ad
1154 2219 1354 2289 proxumum
1379 2219 1487 2277 mare,
1515 2195 1593 2265 dein
1619 2197 1688 2264 llo-

482 2339 571 2386 mam
597 2329 785 2410 pergerent.
819 2318 971 2389 Numidae
984 2320 1098 2411 paucis
1122 2320 1238 2391 diebus
1264 2321 1352 2390 iussa
1377 2319 1544 2398 efficiunt;
1571 2319 1686 2388 litterar

481 2439 680 2510 Adherbalis
707 2441 740 2510 in
766 2453 881 2512 senatu
907 2443 1070 2525 recitatae,
1096 2466 1238 2535 quarum
1263 2445 1424 2514 sententia
1450 2443 1524 2513 haee
1548 2443 1625 2513 fuit:

555 2588 649 2635 xmv.
703 2569 798 2636 «Non
824 2589 898 2636 men
924 2567 1022 2660 culpa
1047 2590 1133 2660 seepe
1159 2568 1200 2637 ad
1224 2591 1281 2638 vos
1293 2579 1422 2639 oratum
1448 2569 1552 2649 mitto,
1580 2579 1687 2660 patres

482 2689 677 2781 oonseripti,
703 2689 761 2759 sed
786 2691 835 2760 vis
852 2690 1021 2781 lugurthae
1046 2691 1180 2782 subigit,
1206 2714 1304 2784 quem
1322 2702 1410 2761 tanta
1436 2689 1551 2760 lubido
1579 2693 1688 2761 extin-

482 2812 605 2902 guendi
630 2836 683 2882 me
716 2814 850 2894 invasit,
890 2825 924 2884 ut
953 2837 1062 2907 neque
1097 2839 1154 2885 vos
1183 2838 1294 2909 neque
1331 2816 1410 2886 deos
1436 2816 1628 2886 inmortales
1654 2817 1688 2885 in

482 2939 594 3009 animo
620 2938 757 3021 habeat,
792 2941 986 3030 sanguinem
1013 2963 1124 3011 meum
1149 2965 1250 3034 quum
1281 2944 1391 3013 omnia
1416 2943 1521 3013 malit.
1573 2941 1689 3035 ltaque

481 3063 632 3154 quintum
660 3063 726 3131 iam
752 3085 902 3132 mensem
927 3063 1034 3132 soeius
1065 3074 1097 3133 et
1130 3064 1255 3134 amiens
1280 3065 1394 3158 populi
1419 3066 1561 3136 Romani
1587 3064 1691 3134 armis

481 3186 632 3257 obsessus
645 3197 771 3269 teneor,
799 3209 909 3280 neque
926 3187 1010 3258 mihi
1026 3189 1172 3280 Micipsae
1187 3189 1287 3281 patris
1313 3191 1377 3259 mei
1395 3189 1560 3261 beneficia
1578 3212 1691 3281 nequo

480 3323 589 3381 vestra
602 3311 734 3381 decreta
747 3311 961 3396 auxilientur,
987 3313 1076 3384 ferro
1094 3335 1137 3382 an
1163 3314 1248 3383 fame
1274 3315 1381 3385 nonius
1394 3338 1517 3408 urgear
1542 3315 1691 3384 incertus

481 3460 566 3506 sum.
608 3439 708 3507 Plura
734 3439 774 3508 de
792 3438 952 3528 Iugurtha
978 3439 1122 3510 seribere
1148 3438 1341 3511 dehortatur
1355 3465 1411 3511 me
1437 3442 1568 3511 fortuna
1592 3461 1690 3507 mea:

481 3560 579 3628 etiam
613 3570 711 3630 antea
744 3571 898 3655 expertus
935 3584 1026 3645 sum,
1065 3585 1182 3655 perum
1216 3563 1294 3634 fidei
1325 3562 1455 3634 miseris
1482 3587 1564 3632 esse.
1618 3563 1691 3632 Nisi

479 3692 589 3752 tamen
616 3684 784 3776 intelligo,
810 3685 905 3755 illum
918 3708 1017 3778 supre
1042 3708 1143 3777 quam
1169 3708 1232 3777 ego
1258 3709 1330 3756 sum
1355 3697 1484 3780 petere,
1511 3708 1624 3778 neque
1643 3686 1693 3754 si-

480 3807 550 3876 mul
575 3809 751 3882 amicitiam
777 3821 917 3881 vestram
944 3823 976 3880 et
1000 3833 1143 3902 regnum
1160 3835 1273 3882 meum
1286 3836 1441 3905 sperare;
1468 3822 1579 3882 utrum
1608 3834 1694 3902 gra-

479 3932 551 4002 vius
589 3933 777 4016 existumet,
813 3934 939 4004 nemini
979 3936 1144 4004 occultum
1187 3946 1245 4005 est.
1283 3937 1395 4006 ·Nam
1434 3935 1528 4004 initio
1566 3934 1695 4004 occidit

479 4056 706 4148 Hiempsalem
733 4058 868 4127 fratrem
893 4081 1022 4127 meum:
1058 4057 1178 4127 deinde
1206 4060 1312 4152 patrio
1336 4082 1442 4150 regno
1468 4081 1521 4128 me
1547 4059 1693 4151 expulit,

479 4203 554 4272 quae
580 4201 660 4250 sane
685 4180 807 4249 fuerint
831 4190 950 4250 nostrae
976 4179 1127 4262 iniuriae,
1152 4181 1239 4251 nihil
1264 4182 1307 4252 ad
1332 4205 1400 4252 vos.
1444 4183 1571 4253 Verum
1596 4206 1695 4252 nune

479 4314 623 4374 vestrum
661 4325 802 4396 regnum
835 4303 937 4372 armis
970 4313 1073 4384 tenet,
1111 4327 1183 4388 me,
1223 4328 1321 4397 quem
1356 4329 1412 4376 vos
1451 4307 1695 4398 imperatorem

479 4427 631 4499 Numidis
656 4426 824 4520 posuistis,
864 4427 1011 4495 clausum
1044 4427 1189 4511 obsidet;
1224 4430 1409 4521 legatorum
1443 4431 1544 4502 verba
1571 4430 1694 4522 quanti

478 4550 603 4632 feeerit,
622 4549 772 4642 pericula
784 4570 858 4618 mea
871 4547 1051 4618 declarant.
1079 4550 1168 4633 Quid
1187 4562 1235 4621 est
1246 4553 1412 4645 reliquum
1425 4553 1491 4623 nisi
1503 4553 1553 4624 vis
1565 4563 1695 4634 vestra,

478 4695 544 4763 qua
569 4671 694 4742 moveri
730 4670 854 4765 possiti
904 4671 988 4741 Nem
1024 4693 1087 4762 ego
1120 4673 1256 4765 quidem
1289 4675 1410 4747 vellem
1446 4686 1479 4744 et
1509 4675 1583 4745 haee
1610 4699 1694 4768 quae
