3576 5602
1292 653 1363 722 'tol

166 865 231 908 runa
261 849 393 924 regulas,
423 849 480 909 sel
509 848 549 908 ad
575 849 692 908 aurium
721 847 865 908 iudicium
894 849 1059 908 rettulisse.
1085 849 1181 908 Recte
1207 851 1285 910 enim
1312 850 1372 910 bac

167 955 206 1014 de
227 972 262 1014 re
283 955 470 1032 praecepisse
497 955 623 1015 videtur
643 955 787 1016 Valerius
814 954 944 1030 Probus,
972 955 1023 1030 qui
1051 956 1255 1032 incrrogalus,
1281 957 1373 1015 borne

166 1061 247 1120 urbis
274 1078 312 1120 an
342 1061 397 1119 bor
424 1061 512 1120 urbes
533 1059 595 1119 (lici
618 1063 785 1138 oporteret,
821 1061 866 1135 ,si
890 1066 943 1121 aut
965 1079 1097 1136 versum,
1127 1063 1232 1138 inquit,
1262 1063 1371 1140 pangis

166 1170 221 1227 aut
249 1167 418 1228 orationem
446 1168 577 1248 solutam
599 1169 703 1242 struis,
732 1171 825 1242 atque
851 1184 888 1226 ea
916 1168 1013 1227 verba
1043 1169 1174 1228 (licenda
1202 1172 1280 1244 sunt,
1312 1185 1372 1229 non

168 1273 323 1334 finitiones
354 1274 426 1334 illas
459 1275 668 1351 prarancirlas
701 1291 800 1349 neque
836 1274 994 1334 fetutinas
1028 1277 1243 1352 grammaticas
1279 1293 1372 1354 spec·

168 1381 293 1456 taveris,
323 1382 380 1442 sod
399 1397 506 1440 aurem
532 1384 614 1440 tuam
642 1382 809 1460 interroga,
835 1399 913 1457 ,quo
940 1383 1015 1457 quid
1042 1384 1111 1444 loco
1137 1383 1302 1444 conveniat
1321 1383 1372 1442 ui-

168 1503 255 1562 cere;
288 1487 388 1563 ,quod
409 1485 463 1546 illa
485 1488 629 1561 suaserit,
654 1487 686 1546 id
704 1487 846 1564 prolecto
868 1483 1101 1549 rectissimum.“
1127 1489 1182 1550 cfr.
1205 1489 1274 1550 Aul.
1296 1489 1373 1551 Call.

170 1595 215 1654 1³.
238 1594 286 1652 2⁰.

246 1697 545 1774 permamanet
575 1715 680 1758 omnes
708 1697 775 1758 iere
803 1700 949 1760 meliores
975 1702 1055 1761 libri.
1084 1719 1123 1762 ex
1151 1703 1261 1778 quibus
1288 1704 1374 1764 solus

168 1803 267 1864 Paris.
293 1806 326 1866 Z.
349 1809 465 1882 petente
499 1821 566 1880 quae
593 1805 687 1865 lectio
715 1806 782 1864 sine
812 1809 1028 1868 controversia
1055 1809 1260 1886 preferenda.
1307 1809 1375 1870 Non

168 1913 247 1970 enim
269 1911 336 1972 brec
357 1911 496 1971 Catilinae
518 1929 591 1989 spes
613 1917 688 1986 erat,
714 1890 783 1972 lore
811 1919 843 1972 nt
868 1915 1058 1976 consulatum
1080 1919 1189 1992 petere
1211 1917 1271 1976 sibi
1295 1916 1374 1976 lico·

168 2023 230 2094 ret3
264 2035 303 2078 oo
325 2019 405 2078 eninr
435 2019 504 2095 ipso
531 2025 669 2096 tompore
697 2036 805 2079 nomen
830 2021 911 2080 inter
931 2022 1113 2082 candidatos
1135 2023 1193 2082 iana
1213 2022 1374 2100 professus

170 2131 248 2200 erat,
272 2126 328 2184 sed
349 2125 465 2184 firmior
486 2143 558 2202 spes
580 2127 646 2185 eius
667 2125 797 2185 animum
819 2128 927 2202 erexit,
953 2127 993 2187 de
1015 2145 1073 2204 qua
1094 2128 1175 2188 infra
1197 2147 1221 2188 o.
1244 2132 1292 2190 20.
1315 2131 1381 2190 boc.

169 2234 235 2306 ἱρεα
256 2238 289 2292 ut
307 2247 402 2306 spero,
424 2231 568 2290 comacum
589 2233 676 2292 mmul
694 2232 798 2292 consul
817 2251 909 2310 opum.

250 2355 277 2397 c.
301 2341 346 2397 17.
369 2342 463 2397 orlon·
485 2338 554 2398 Bas.
576 2359 595 2398 1·
615 2343 739 2414 mimum
760 2340 890 2400 oudomae
911 2341 1000 2416 idem,
1022 2340 1101 2400 falsa
1123 2341 1377 2418 interpretatione

169 2446 330 2522 scripture
362 2445 542 2522 compendii.
568 2445 598 2504 P.
624 2447 743 2506 Seroim
768 2447 847 2507 stuc
873 2447 962 2508 idem.
992 2455 1020 2506 et
1045 2447 1170 2509 omisso.
1211 2450 1306 2508 Lccco
1334 2450 1376 2510 il.

170 2553 226 2612 alii
248 2553 321 2612 libri
342 2554 428 2613 Leon
452 2553 507 2612 scd
529 2551 618 2613 mea
640 2556 672 2613 et
692 2553 828 2612 denariis
850 2558 881 2615 et
902 2554 1115 2629 antiquissimo
1138 2554 1298 2616 Creviano
1319 2573 1376 2616 co·

171 2659 240 2719 (lire
262 2658 419 2720 Ciceronis
442 2661 644 2721 confirmatur.

253 2783 279 2826 c.
296 2769 344 2827 18.
365 2768 398 2827 L.
412 2768 527 2827 Cortum
541 2797 579 2806 -
589 2772 740 2844 paraliam
755 2769 825 2828 Bas.
836 2787 855 2826 r.
870 2785 1028 2845 perversae
1042 2769 1212 2846 scripture,
1228 2786 1295 2844 quse
1310 2787 1377 2829 me·

172 2872 223 2934 ilio
245 2891 312 2933 aevo
335 2874 493 2933 debentur.
515 2879 676 2951 nequiverit
695 2874 765 2934 Bas.
780 2895 798 2934 r.
822 2883 853 2937 et
875 2877 1007 2954 optimus
1023 2879 1153 2954 quisque
1168 2877 1256 2936 liber.
1271 2881 1376 2954 nequi-

171 2987 253 3040 ocrot
272 2981 338 3040 Tur.
360 2998 454 3059 snper
474 2982 584 3041 lineam
599 2982 669 3042 llas.
692 2987 719 3042 l.
735 2981 825 3044 Barn.
847 3003 866 3042 r.
901 2984 963 3044 lam
987 3001 1076 3044 nemo
1099 2985 1266 3060 negaverit,
1287 2985 1377 3061 plus-

173 3087 432 3164 quamperfectum
448 3105 486 3148 ox
499 3090 620 3167 vulgari
636 3089 758 3149 dicendi
773 3089 895 3148 ratione
913 3090 1010 3149 luisse
1021 3090 1169 3151 usitatius.
1191 3089 1285 3150 lmmo
1295 3090 1379 3150 dicat

174 3193 294 3270 aliquis,
316 3193 480 3255 Salustium
503 3197 532 3256 in
555 3198 732 3256 universum
752 3196 866 3274 saepius
888 3196 1086 3255 indicativum
1099 3213 1224 3273 ponere,
1247 3196 1300 3256 nbi
1323 3197 1378 3255 alii

173 3303 369 3362 coniunctivo
391 3305 520 3362 utantur.
551 3301 612 3362 Sed
633 3303 693 3360 iam
706 3303 840 3363 accessit
856 3303 905 3361 vir
920 3304 1038 3376 doctus,
1062 3303 1112 3378 qui
1129 3303 1217 3362 salva
1231 3303 1378 3380 temporis

174 3409 302 3484 ratione,
324 3409 385 3468 boc
405 3426 443 3468 ue
465 3408 526 3468 dici
547 3408 668 3483 quidem
682 3409 821 3485 potuisse
837 3410 950 3469 (locuit.
984 3409 1146 3469 Catilinam
1160 3409 1239 3469 enim
1253 3426 1281 3469 a.
1295 3427 1378 3468 nxvr.

174 3533 213 3576 ex
236 3515 351 3591 Africa,
381 3531 470 3591 quam
492 3515 681 3591 provinciam
701 3531 758 3590 pro
779 3517 914 3591 praetore
937 3515 1122 3590 obtinuerat,
1143 3515 1174 3572 in
1196 3516 1302 3574 urbem
1325 3532 1378 3575 re-

175 3623 279 3682 diisse.
322 3622 365 3682 At
390 3627 451 3680 tum
478 3619 667 3680 consulatum
689 3625 796 3696 potere
821 3637 859 3680 ne
889 3621 1029 3697 potuisse
1052 3620 1175 3695 quidem
1196 3621 1379 3683 inanimum

175 3729 328 3790 inducere.
363 3726 482 3788 Etenim
509 3743 575 3786 oum
596 3726 627 3785 P.
650 3725 737 3786 Sulla
762 3732 795 3788 at
816 3727 849 3785 P.
871 3727 1040 3786 Autronius
1068 3744 1186 3803 posnam
1209 3727 1379 3806 dedissent,

174 3853 233 3895 non
255 3851 365 3894 novam
386 3834 565 3911 petitionem
586 3831 701 3892 iactam
724 3852 803 3910 csse,
825 3833 881 3893 sed
904 3832 1059 3908 suffragiis
1079 3833 1185 3909 populi
1205 3851 1243 3892 ex
1256 3834 1380 3894 illorum

175 3942 428 4019 competitoribus
449 3940 480 4000 L.
502 3941 645 4003 Manlium
668 3941 851 4016 Torquatum
874 3943 906 3999 et
925 3938 959 3999 L.
981 3939 1137 4000 Aurelium
1162 3938 1281 4000 Cottam
1309 3956 1381 4000 esso

175 4049 334 4109 suffectos.
371 4049 553 4109 Potitionem
587 4047 680 4126 igitur
702 4051 815 4108 tantum
838 4045 877 4106 ad
898 4063 1007 4104 annum
1028 4063 1107 4104 nxrv.
1130 4045 1183 4104 vol
1202 4063 1283 4105 uxum
1304 4063 1380 4123 per-

176 4156 277 4216 tinere
298 4154 443 4230 potuisse.
486 4153 559 4222 Quae
587 4155 712 4229 quidem
742 4153 851 4230 petitio
882 4167 948 4211 cum
970 4149 1047 4210 nihil
1067 4148 1259 4210 difficultatis
1280 4152 1381 4212 babe-

177 4267 232 4336 ret,
254 4261 351 4320 verba
370 4263 420 4336 qui
444 4292 476 4301 -
501 4262 660 4336 oequmerit
684 4276 742 4335 pro
769 4258 877 4334 glossa
904 4275 975 4318 essa
999 4257 1150 4330 babonda,
1177 4275 1195 4318 a
1218 4257 1316 4318 sciolo
1339 4258 1381 4318 li-

177 4367 284 4426 brario
313 4367 426 4442 addim,
458 4367 510 4441 qui
537 4366 628 4428 buius
656 4367 704 4425 rei
733 4383 855 4426 causam
886 4365 1043 4442 explicare
1071 4365 1213 4424 voluerit.
1255 4365 1382 4425 Videsis

176 4473 310 4533 bominis
332 4477 475 4533 acumen!
499 4471 547 4532 llx
567 4473 618 4548 iis,
645 4489 711 4548 quaa
734 4475 800 4551 ipse
822 4473 890 4533 lieri
911 4474 1051 4551 potuisse
1072 4477 1172 4549 negat,
1194 4473 1260 4532 baec
1282 4491 1300 4532 a
1322 4472 1382 4532 Sa·

177 4580 270 4640 lustin
297 4580 359 4640 dici
384 4599 442 4641 non
464 4582 604 4658 potuisse
638 4580 766 4658 colligit.
815 4581 949 4640 Primum
974 4583 1075 4640 autem
1102 4581 1162 4640 boc
1191 4579 1383 4640 manifestum

177 4689 235 4759 est,
264 4683 426 4745 Catilinam
446 4703 473 4744 a.
494 4703 574 4746 nxvr.
596 4686 787 4746 consulatum
814 4691 922 4763 petere
944 4686 1090 4746 voluisse.
1132 4684 1220 4753 Quod
1245 4701 1309 4744 cum
1333 4684 1382 4743 la·

1158 4783 1220 4848 29*
