3702 5600
392 609 463 678 518

393 805 471 865 lranc
503 807 669 866 lectionem
702 806 772 866 iude
803 811 904 866 ortam
933 825 1013 869 esse.
1054 806 1137 882 quod
1170 811 1294 866 veteres
1330 808 1523 884 grammatici
1554 807 1607 868 vel

391 913 585 990 glossatores
615 915 673 974 hac
704 917 881 975 coniectura
908 918 1080 976 orationem
1108 917 1206 992 magis
1236 917 1435 992 compositam
1465 921 1498 974 et
1526 932 1607 975 con-

393 1021 511 1079 cinnam
533 1018 602 1079 l'ore
624 1022 808 1080 statuebant.

476 1143 501 1186 c.
524 1127 571 1186 76.
604 1126 715 1184 Deinde
735 1127 811 1186 iubet
836 1126 908 1186 locta
934 1145 975 1186 en
1001 1133 1086 1203 eopia
1106 1145 1243 1188 meeum
1261 1128 1373 1187 idoneis
1395 1133 1495 1189 mneos
1516 1147 1608 1206 opere

394 1251 539 1312 caperque
559 1252 611 1293 eos
631 1251 765 1312 apperens
786 1239 884 1294 iecere
904 1242 933 1294 et
951 1252 1041 1310 saper
1060 1253 1196 1313 opperem
1224 1240 1356 1311 inpositis
1382 1237 1511 1296 lumilas
1532 1253 1607 1310 opus

395 1347 424 1400 et
442 1341 626 1401 administros
648 1346 745 1402 tutari.
766 1343 810 1401 ita
831 1342 909 1401 hunc
930 1341 1031 1402 locum
1054 1343 1202 1402 exhibent
1219 1341 1290 1400 Bas.
1304 1341 1404 1401 Paris.
1425 1343 1512 1401 bcxz.
1536 1343 1606 1401 ina

396 1448 475 1508 enim
496 1448 549 1507 ubi
570 1449 645 1508 iubet
669 1467 790 1508 erasum
814 1452 891 1523 erat,
917 1465 1011 1527 super
1041 1449 1154 1508 lineam
1177 1451 1324 1525 scriptum
1347 1453 1403 1508 est.
1438 1451 1494 1508 sed
1515 1465 1606 1524 super

396 1571 447 1614 cea
468 1556 559 1614 etiam
582 1557 649 1615 Tur.
672 1563 704 1616 et
723 1556 807 1615 Eius.
831 1557 1009 1617 confirmant
1030 1560 1062 1615 et
1083 1572 1188 1615 omnes
1214 1556 1281 1616 lere
1306 1557 1387 1616 libri
1410 1560 1442 1615 et
1463 1557 1511 1615 illi
1531 1559 1603 1632 qui-

397 1662 465 1720 dem
487 1663 577 1721 etiam
598 1662 709 1722 duoles
735 1662 806 1722 ocis
832 1661 1009 1722 defendunt.
1036 1661 1093 1721 sed
1118 1663 1148 1721 in
1176 1663 1244 1721 Tur.
1270 1681 1307 1721 m.
1330 1678 1394 1721 see.
1412 1663 1489 1722 iudet
1509 1665 1606 1722 erasit

397 1772 429 1828 et
448 1769 559 1828 desolas
579 1771 807 1848 superscripsit.
830 1771 987 1846 -locus,
1010 1773 1042 1830 ut
1063 1771 1201 1831 ominibus
1231 1771 1299 1830 lere
1324 1770 1427 1848 placet
1450 1772 1606 1846 interpre-

396 1876 487 1950 tibus,
514 1881 684 1954 corruptus,
709 1893 798 1952 quem
825 1877 1001 1953 exprimere
1029 1876 1121 1935 malui
1151 1877 1184 1935 ut
1211 1876 1242 1935 in
1273 1877 1398 1952 optimis
1429 1876 1519 1934 libris
1548 1879 1607 1949 est,

397 2002 486 2061 quarn
508 1987 701 2048 coniecturas
723 1987 871 2065 recipere.
913 1985 953 2046 lut
973 1987 1101 2063 primum
1124 1985 1247 2060 quidem
1270 1985 1347 2045 illud
1372 1985 1493 2052 derebus,
1524 1983 1607 2057 quod

398 2093 489 2151 etiam
514 2091 598 2152 Leitl
632 2111 656 2153 e.
683 2113 712 2171 g.
737 2094 757 2153 l.
786 2099 818 2154 et
837 2092 961 2170 Erlang.
991 2095 1127 2164 tuentur,
1159 2093 1320 2152 admodum
1343 2095 1519 2168 suspectum
1549 2097 1606 2148 ests

398 2200 511 2276 quippe
533 2201 617 2260 cuius
639 2201 782 2260 vocabuli
803 2201 835 2260 in
856 2199 1121 2278 praestantissimis
1141 2199 1229 2258 libris
1246 2199 1358 2259 nullurn
1377 2200 1418 2259 sit
1434 2197 1606 2274 vestigium.

397 2302 463 2364 Hoc
484 2305 578 2380 igitur
597 2307 637 2366 ad
658 2306 813 2368 notionem
835 2306 964 2385 pluralis
987 2305 1199 2382 explicandam
1228 2323 1246 2364 a
1266 2305 1448 2364 scholiastis
1469 2304 1607 2364 additum

398 2417 480 2487 puto.
523 2411 585 2472 Sed
609 2413 669 2473 iam
696 2415 794 2491 magis
821 2414 946 2473 dubium
968 2416 1025 2485 est,
1052 2429 1122 2471 num
1148 2413 1240 2472 etiam
1268 2413 1344 2470 iubet
1371 2409 1607 2488 expungendum

398 2518 446 2576 sit.
480 2518 586 2579 Potuit
605 2519 638 2578 id
659 2521 780 2595 quidem
803 2521 903 2580 omitti
924 2525 956 2579 et
976 2519 1145 2579 infinitivus
1160 2518 1336 2594 historicus,
1359 2519 1409 2594 qui
1432 2519 1533 2577 statim
1555 2535 1608 2576 se·

399 2626 509 2701 quitur,
538 2627 589 2685 vel
611 2627 670 2688 hue
695 2625 811 2704 inferri,
841 2630 897 2687 sed
925 2627 984 2687 hoc
1014 2627 1110 2686 ursinus
1137 2643 1266 2686 necesse
1292 2631 1356 2700 est;
1388 2641 1456 2684 nam
1479 2625 1607 2682 inlinlti·

398 2748 467 2790 vurn
489 2732 583 2790 activi
604 2737 677 2809 post
696 2734 772 2792 iudet
795 2734 892 2810 sequi,
921 2733 1046 2792 notione
1069 2749 1219 2808 personas,
1248 2747 1337 2807 quam
1359 2731 1474 2806 aliquid
1503 2730 1608 2789 lacere

399 2838 546 2914 iubemus,
566 2856 626 2898 non
649 2840 775 2900 disertis
797 2840 903 2899 verbis
928 2857 1087 2917 expressa,
1115 2839 1219 2898 multis
1246 2838 1396 2915 exemplis
1417 2839 1607 2913 interpretes

400 2946 542 3005 docuere.
583 2945 639 3004 elr.
674 2946 714 3006 ad
751 2945 826 3006 Caes.
863 2946 896 3006 B.
926 2946 991 3006 Civ.
1019 2966 1048 3004 n.
1075 2949 1123 3006 25.
1165 2944 1231 3005 Liv.
1260 2965 1335 3006 xxn.
1368 2949 1415 3004 st.
1446 2949 1473 3004 7.
1510 2961 1608 3018 eaque

399 3055 553 3110 structura
587 3052 668 3128 apud
693 3050 811 3113 Livium
841 3053 921 3112 adeo
955 3053 1102 3127 frequens
1131 3057 1188 3125 est,
1219 3059 1253 3111 ut
1287 3069 1354 3112 cum
1383 3050 1481 3110 altera
1506 3057 1608 3110 mute-

399 3159 458 3216 tur.
480 3156 534 3215 elr.
557 3156 623 3216 Liv.
645 3176 707 3216 xar.
729 3161 778 3218 45.
816 3157 914 3218 Gallis
936 3159 1021 3235 parci
1042 3177 1131 3234 quam
1153 3159 1283 3218 maxime
1306 3160 1397 3232 iubet,
1419 3159 1608 3234 principum-

400 3279 459 3338 que
480 3263 597 3322 anirnos
618 3263 790 3324 sollicitare
810 3263 850 3324 ad
872 3264 1086 3324 delectionem.
1108 3283 1214 3324 xxxrv.
1236 3267 1283 3323 37.
1307 3264 1384 3323 nintl
1408 3263 1607 3340 respondere,

399 3369 515 3429 bellum
535 3371 604 3446 geri
625 3373 780 3432 iusserunt
830 3371 904 3432 (lum
932 3372 1029 3448 igitur
1057 3390 1107 3431 res
1135 3375 1202 3449 ipsa
1224 3371 1300 3430 nihil
1323 3371 1524 3430 dubitationis
1549 3371 1608 3427 ha-

400 3477 474 3536 bero
495 3479 604 3555 possit,
632 3480 840 3538 tantummodo
867 3479 1032 3538 verborum
1054 3480 1172 3556 positio
1193 3480 1280 3538 initio
1304 3479 1526 3557 propositionis
1549 3495 1609 3537 non

399 3589 475 3646 satis
497 3588 625 3662 elegans
647 3605 719 3647 esse
737 3588 868 3648 videtur.
897 3587 958 3647 Sed
981 3589 1075 3647 multo
1098 3589 1244 3647 maiorem
1265 3587 1478 3646 difficultatem
1494 3587 1611 3646 habent

399 3695 495 3753 verba
517 3711 661 3771 sperque
682 3712 741 3768 ens,
764 3713 830 3770 quae
852 3694 907 3754 alii
928 3711 984 3771 pro
1007 3694 1097 3754 falsis
1120 3694 1299 3768 habuerunt,
1324 3695 1377 3753 alii
1399 3696 1486 3754 varie
1509 3697 1608 3752 inter·

398 3801 512 3878 pretati
533 3809 611 3861 sunt.
635 3809 666 3861 et
686 3819 775 3877 cuper
796 3803 917 3877 quidem
940 3803 979 3860 de
1000 3802 1070 3861 loco
1091 3803 1252 3878 superiore
1274 3801 1327 3860 vel
1344 3803 1414 3859 loco
1436 3802 1609 3877 propinquo

399 3908 605 3986 interpretari,
628 3909 699 3967 mihi
722 3909 843 3983 quidem
866 3926 926 3968 non
948 3909 1025 3968 satis
1044 3913 1161 3968 certnrn
1184 3925 1255 3967 esse
1271 3907 1402 3967 videtur.
1439 3906 1508 3966 Etsi
1529 3909 1609 3966 eninr

399 4016 496 4074 vineae
518 4014 596 4075 locis
616 4014 817 4075 inferioribus
838 4017 1110 4093 promovebantur,
1139 4016 1252 4091 quippe
1282 4016 1339 4073 sub
1369 4015 1478 4089 quibus
1503 4015 1610 4073 subsi-

399 4122 508 4182 dentes
530 4121 568 4180 ad
586 4139 738 4182 murorum
754 4122 951 4184 fundamenta
969 4123 1143 4182 subruenda
1161 4122 1375 4200 penetrabant,
1398 4125 1498 4180 tamen
1520 4120 1610 4180 locus

399 4230 509 4303 edituS,
530 4228 593 4288 illis
616 4230 780 4306 proximus,
803 4247 909 4306 parum
931 4234 1016 4290 recte
1038 4229 1144 4288 verbis
1165 4247 1254 4304 super
1267 4247 1319 4288 eoa
1333 4229 1500 4303 significari
1516 4230 1609 4288 vide-

399 4340 457 4395 tur.
481 4339 514 4393 et
533 4351 622 4410 super
642 4352 699 4411 pro
717 4341 826 4410 preter
847 4337 991 4412 positum,
1014 4337 1096 4410 quod
1118 4336 1198 4413 apud
1220 4334 1340 4394 Livium
1361 4337 1474 4410 saepius
1496 4352 1610 4394 ceeur-

398 4443 440 4501 rit
461 4441 532 4512 (cir.
555 4440 621 4502 Liv.
643 4461 717 4502 xxn.
744 4445 771 4502 6.
796 4447 872 4502 extr.
902 4460 970 4503 cum
994 4450 1215 4520 supernatare
1238 4449 1376 4502 exmema
1397 4442 1496 4501 lames
1518 4443 1612 4502 etiam

398 4551 538 4609 instaret.
560 4552 593 4610 et
613 4570 686 4610 xxx.
708 4553 734 4610 8.
777 4551 959 4610 Massinissa
981 4552 1099 4610 recenti
1121 4567 1214 4627 super
1236 4555 1339 4610 cetera
1363 4549 1496 4608 victoria
1513 4550 1612 4608 terri-

398 4657 485 4728 bilis]
515 4658 577 4718 noe
599 4660 721 4737 quidem
750 4661 822 4720 loeo
849 4663 945 4719 minus
976 4662 1068 4720 etiarn
1096 4661 1173 4720 ferri
1193 4662 1309 4736 petest,
1338 4657 1420 4732 quod
1443 4673 1533 4731 ceper
1554 4673 1611 4731 nq-
