3702 5600
439 633 510 700 560

438 831 499 889 ium
524 828 626 905 inopia
659 831 751 902 atque
777 827 888 886 inertia
914 832 975 886 tam
1001 830 1176 903 corruptum
1204 843 1276 886 osse
1310 827 1426 898 statuit,
1461 831 1493 887 ut
1520 829 1648 886 nonnisi

438 937 528 996 novis
555 933 668 994 additis
698 933 818 992 civibus
845 933 999 992 libertatis
1028 933 1195 992 retinendos
1222 933 1354 992 studium
1380 934 1508 993 excitari
1531 936 1647 1010 possit.

437 1041 542 1102 Novas
563 1043 656 1120 igitur
676 1041 814 1102 colonias
836 1058 908 1100 esse
931 1040 1127 1100 deducendas
1148 1044 1336 1118 veteresque
1358 1042 1436 1102 civis
1458 1060 1524 1102 cnm
1551 1045 1648 1102 novis

438 1148 677 1227 permiscendos.
729 1147 794 1216 Qua
826 1147 948 1222 quidem
978 1165 1013 1206 re
1047 1146 1168 1206 etiamsi
1197 1148 1369 1208 nobilitatis
1403 1149 1648 1224 indignationem

438 1261 570 1332 moveat,
598 1258 698 1314 umen
721 1258 804 1313 tanta
826 1253 971 1330 praesidia
996 1257 1028 1312 et
1054 1254 1252 1330 reipublicae
1275 1263 1307 1314 et
1329 1273 1391 1314 suae
1413 1255 1508 1332 ipsios
1530 1256 1647 1315 solutis

439 1381 532 1424 causa
552 1379 623 1423 esse
644 1360 787 1438 peranda.
829 1361 903 1419 Tum
924 1360 955 1419 id
976 1361 1004 1419 ei
1026 1359 1216 1437 potissimum
1238 1377 1309 1420 esse
1331 1363 1487 1440 agendum,
1514 1365 1546 1422 ut
1569 1363 1647 1422 boni

438 1487 540 1532 moros
561 1469 699 1529 colantur
720 1472 751 1528 et
771 1467 935 1527 concordia
951 1468 1031 1526 inter
1049 1483 1149 1526 novos
1169 1471 1354 1543 veteresque
1371 1469 1455 1528 cives
1475 1469 1645 1540 coalescat,

439 1578 521 1655 quod
535 1577 602 1636 lieri
616 1575 737 1650 quidem
755 1591 814 1634 non
836 1591 930 1652 posse
950 1575 1010 1634 nisi
1032 1573 1168 1650 pecuniae
1188 1574 1290 1634 studio
1311 1573 1432 1634 sublato
1454 1581 1515 1649 aut,
1538 1578 1644 1650 quoad

438 1703 490 1746 res
519 1682 614 1756 ferat,
650 1681 814 1741 imminuto.
861 1681 932 1740 'loro
961 1678 1056 1739 molta
1084 1678 1240 1739 rhetorice
1273 1679 1312 1738 de
1344 1680 1518 1740 divitiarum
1550 1682 1646 1758 cupi-

439 1791 535 1852 ditete
557 1794 588 1850 et
609 1787 649 1848 de
669 1789 852 1848 auctoritato
873 1786 1029 1864 pecuniae3
1061 1802 1128 1859 qnae
1156 1789 1190 1844 nt
1210 1785 1410 1860 imminuatur,
1439 1803 1477 1846 ex
1499 1789 1644 1849 omnibns

438 1899 543 1975 primae
554 1896 666 1955 classis
680 1894 799 1954 civibus
810 1894 927 1953 indices
938 1892 1039 1952 creari
1049 1892 1143 1968 iubet,
1158 1895 1190 1950 et
1201 1892 1274 1951 utin
1287 1892 1515 1970 magistratibus
1528 1911 1646 1954 crean-

440 2005 488 2064 dis
501 2021 539 2062 ex
551 2001 689 2062 confusis
704 2000 835 2075 quinque
849 1999 1002 2059 classibus
1017 2002 1103 2058 sorte
1116 1999 1260 2057 centuria
1271 1998 1420 2076 legantur.
1446 1999 1516 2058 blox
1531 2002 1646 2060 iterum

439 2111 639 2170 vehomenter
660 2107 689 2165 in
711 2106 870 2166 avaritiam
890 2107 922 2163 et
938 2105 1104 2166 factionem
1119 2106 1264 2165 nobilium
1285 2105 1435 2166 declamat
1458 2111 1490 2166 et
1503 2107 1647 2183 graviter

438 2218 468 2276 in
483 2214 632 2288 Bibulum,
653 2211 814 2271 Domitium
837 2214 868 2270 et
889 2209 1033 2271 Catonem
1053 2212 1217 2286 invehitur,
1240 2213 1328 2287 qnasi
1343 2214 1432 2272 etiam
1448 2217 1510 2272 tum
1531 2219 1645 2273 contra

439 2323 593 2384 Gaesarem
616 2319 728 2379 bellum
750 2322 866 2394 parent.
907 2317 968 2378 Sed
993 2324 1026 2379 ut
1047 2319 1240 2395 respublica
1260 2318 1347 2378 firma
1370 2319 1419 2395 sit,
1442 2337 1572 2380 necesse
1593 2327 1647 2380 est

439 2436 474 2492 ot
493 2446 568 2490 vera
596 2424 726 2486 consilia
752 2424 884 2485 valeant.
928 2425 1021 2484 blulta
1043 2425 1135 2502 igitur
1164 2426 1203 2485 de
1224 2426 1410 2485 auctoritate
1431 2432 1570 2500 senatus,
1603 2427 1645 2486 de

442 2541 547 2598 vetere
568 2532 744 2611 republica
766 2530 855 2590 etde
875 2531 1020 2591 nobilium
1043 2532 1195 2608 snperbia,
1218 2533 1327 2607 quibus
1350 2532 1437 2592 malis
1459 2551 1497 2593 eo
1513 2535 1645 2594 meden-

440 2644 509 2705 dum
531 2659 602 2702 esse
625 2644 738 2713 censet,
765 2643 797 2698 ot
818 2642 992 2699 senatorum
1013 2655 1138 2699 numero
1159 2645 1249 2698 aucto
1272 2657 1327 2716 per
1348 2639 1493 2699 tabellam
1514 2645 1644 2701 senten·

440 2752 490 2812 tia
513 2725 671 2810 cerannos
702 2745 842 2821 lienique
871 2746 982 2806 iterum
1004 2745 1097 2805 molta
1123 2746 1162 2805 de
1193 2761 1248 2805 suo
1276 2746 1430 2805 libertatis
1457 2752 1488 2806 et
1507 2747 1645 2824 publicae

440 2856 551 2918 salutis
572 2853 683 2928 studio,
711 2856 916 2928 quantumque
945 2867 1022 2912 onus
1051 2850 1154 2911 Caesar
1184 2853 1364 2928 susceperit
1393 2859 1428 2912 ut
1455 2857 1487 2913 et
1511 2857 1645 2914 omnium

440 2961 661 3041 exspectationi
677 2961 709 3019 et
720 2959 828 3036 patria
842 2957 1022 3018 satisfaciet.
1044 2975 1133 3033 qoem
1148 2961 1181 3018 ut
1194 2957 1291 3035 magis
1306 2959 1395 3018 etiam
1411 2959 1512 3020 studio
1527 2977 1644 3021 accen-

440 3072 500 3146 dat,
530 3068 658 3146 patriam
683 3067 856 3140 loquentem
878 3063 993 3123 inducit
1013 3067 1045 3123 et
1065 3067 1099 3122 nt
1119 3065 1185 3125 eius
1209 3065 1337 3125 consilia
1361 3066 1469 3141 patriae
1490 3084 1644 3144 prospere

441 3179 585 3239 eveniant
611 3176 747 3252 exoptat.
787 3171 858 3232 iiaec
878 3171 973 3249 igitur
998 3171 1122 3230 duarum
1147 3173 1346 3250 epistolarum
1367 3174 1504 3247 consilia,
1530 3174 1644 3249 quibus

441 3287 472 3345 in
494 3279 706 3344 constituenda
727 3276 907 3355 republica
928 3275 1078 3336 caesaram
1104 3277 1148 3336 uti
1173 3277 1259 3337 iubet
1279 3277 1448 3338 Salustius!
1484 3278 1643 3338 Difficilli-

441 3409 519 3452 mum
540 3393 639 3449 autem
663 3389 713 3445 est
732 3384 772 3444 ad
785 3383 1026 3460 intelligendum,
1049 3399 1108 3456 quo
1127 3387 1265 3459 tempore
1286 3388 1429 3443 auctores
1448 3385 1504 3444 bas
1519 3385 1640 3462 episto-

442 3501 489 3560 las
509 3498 550 3558 ad
571 3494 723 3554 Caesarem
744 3491 870 3552 dedisse
892 3489 1016 3566 putendi
1037 3490 1106 3548 sint.
1148 3489 1268 3550 Dixerit
1288 3491 1400 3566 aliquis
1421 3491 1459 3550 ad
1474 3495 1641 3552 extremam

441 3605 572 3666 Gesseris
593 3605 714 3662 aetatem
732 3616 786 3660 ees
807 3599 973 3676 pertinere,
993 3597 1045 3657 nbi
1066 3597 1120 3656 ille
1141 3598 1187 3656 rei
1209 3598 1339 3674 publicae
1354 3597 1473 3675 legibus
1488 3597 1644 3660 fimandae

442 3729 564 3791 operam
595 3707 723 3768 dederit.
763 3704 824 3764 Sed
854 3705 956 3763 insunt
982 3703 1073 3781 plnra
1104 3703 1153 3763 bis
1182 3703 1323 3780 epistolis
1352 3723 1419 3780 qoae
1446 3706 1566 3778 docent,
1602 3709 1643 3766 ad

442 3823 557 3880 certum
588 3821 707 3892 tempos
734 3811 802 3872 haec
827 3811 944 3888 scripta
965 3809 1076 3870 referri
1103 3827 1163 3870 non
1192 3827 1295 3888 posse.
1343 3811 1417 3870 Nam
1439 3810 1494 3888 Ep.
1516 3831 1544 3870 n.
1568 3829 1592 3872 c.
1615 3815 1643 3872 2.

441 3923 568 3986 adversi
588 3920 724 3982 consulis
749 3917 784 3978 flt
809 3918 932 3991 mentio,
963 3933 1023 3992 qno
1045 3915 1115 3976 loco
1137 3915 1298 3977 Lentulum
1320 3935 1391 3978 esse
1412 3918 1644 3994 intelligendum

442 4033 519 4093 bene
548 4031 728 4090 monuerunt
753 4026 938 4100 interpretes
960 4022 1034 4083 Gaes.
1060 4023 1089 4096 b.
1111 4041 1135 4084 c.
1163 4043 1182 4082 ι.
1216 4028 1241 4082 1.
1267 4025 1295 4083 2.
1332 4024 1426 4085 Brevi
1452 4025 1546 4102 igitur
1572 4030 1646 4103 post

441 4139 555 4200 bellum
585 4134 677 4195 civile
706 4131 772 4190 baec
798 4130 915 4208 scripta
941 4147 1012 4190 esse
1039 4129 1206 4207 putaveris.
1246 4129 1308 4190 Sed
1334 4130 1424 4206 paulo
1451 4131 1530 4190 initu
1560 4149 1586 4190 c.
1615 4135 1644 4190 i.

441 4251 590 4306 mortuom
612 4239 756 4300 Catonem
782 4242 814 4297 et
833 4236 866 4297 1..
903 4235 1066 4296 Domitium
1098 4235 1180 4295 dicit.
1216 4235 1313 4313 lgitm
1340 4235 1516 4314 Pompeium
1548 4237 1645 4298 etiam

442 4353 501 4411 iam
522 4365 632 4409 casum
653 4346 751 4405 luisse
768 4361 896 4404 necesse
911 4345 968 4402 est.
1000 4342 1061 4402 Sed
1075 4341 1141 4402 eins
1160 4359 1280 4418 quoque
1298 4349 1449 4418 wmquam
1470 4345 1534 4404 vivi
1555 4363 1646 4404 men-

442 4458 554 4517 tionem
576 4453 724 4512 iniecerat
744 4467 769 4510 c.
789 4453 818 4509 3.
854 4449 955 4518 eninr
977 4448 1058 4524 quod
1080 4465 1104 4508 c.
1126 4467 1166 4507 ιιι.
1188 4449 1296 4508 iterum
1318 4448 1349 4508 L.
1366 4449 1526 4510 Domitium
1548 4455 1581 4510 et
1604 4453 1645 4510 iti.

442 4561 586 4623 Catonem
601 4561 824 4631 commemorat,
846 4555 933 4631 quasi
955 4555 1046 4615 etiam
1068 4559 1130 4616 tom
1152 4556 1214 4615 sint
1235 4555 1370 4616 timendi.
1399 4555 1540 4617 Ceterum
1560 4559 1647 4617 tem-

440 4685 548 4747 porum
569 4663 741 4727 confusioni
762 4663 873 4738 aliquis
895 4667 1062 4734 succurret,
1085 4663 1187 4739 capite
1210 4665 1319 4737 quarto
1341 4663 1480 4734 subluto;
1502 4665 1560 4723 sed
1582 4665 1646 4726 boc
