3610 5592
487 601 532 670 t8

486 799 631 881 initium,
657 799 705 868 sio
731 797 805 868 finis
830 806 891 878 est;
917 796 1094 887 omniaque
1118 807 1190 865 orta
1215 794 1368 866 occidunt
1393 803 1427 864 et
1451 805 1544 864 aueta
1569 817 1678 865 senes-

485 933 578 1005 cunt;
605 923 734 993 animus
751 921 974 1013 incorruptus,
1001 930 1158 1000 eternus,
1185 929 1292 989 rector
1310 918 1446 988 hnmani
1460 919 1600 1008 generis,
1614 919 1680 1008 agit

486 1057 583 1140 atque
608 1045 707 1116 habet
731 1056 861 1124 cuneta,
888 1066 996 1136 neque
1023 1043 1092 1136 ipse
1117 1042 1267 1114 habetur.
1310 1043 1386 1126 Quo
1410 1041 1516 1132 magis
1541 1043 1678 1135 pravitas

486 1195 602 1242 eorum
627 1168 820 1240 admiranda
844 1177 908 1250 est,
942 1168 1001 1260 qni
1026 1167 1126 1237 dediti
1161 1167 1305 1261 eorporis
1331 1166 1459 1256 gaudiis
1484 1189 1543 1260 per
1567 1167 1677 1237 luxum

487 1307 520 1364 et
554 1294 722 1388 ignaviam
756 1303 884 1364 etatem
918 1303 1036 1384 agunt:
1076 1303 1222 1362 ceterum
1247 1291 1437 1382 ingenium,
1475 1315 1542 1384 quo
1575 1315 1679 1384 neque

486 1418 605 1489 melius
630 1441 739 1510 neque
765 1417 906 1510 amplius
931 1417 1021 1486 aliud
1048 1417 1223 1487 innatum
1248 1416 1434 1486 mortalium
1461 1427 1525 1496 est,
1560 1417 1684 1485 incultu

487 1554 585 1636 atque
610 1543 758 1614 socordia
792 1552 977 1634 torpescere
1003 1541 1132 1620 sinunt;
1170 1562 1244 1610 enm
1279 1540 1459 1632 praesertim
1484 1551 1550 1610 tam
1575 1541 1685 1610 multae

487 1667 654 1760 variaeque
680 1667 745 1735 sint
769 1676 854 1735 artes
879 1665 996 1744 animi,
1023 1665 1143 1757 quibus
1168 1687 1296 1735 summa
1322 1663 1481 1734 claritudo
1505 1676 1646 1757 paratur.

561 1813 609 1862 ru.
661 1791 785 1862 Verum
810 1813 852 1858 ex
870 1788 922 1858 his
934 1790 1143 1880 magistratus
1161 1800 1193 1858 et
1210 1789 1366 1880 imperia,
1393 1798 1557 1880 postremo
1581 1788 1688 1857 omnis

489 1937 569 1985 cura
582 1936 695 1986 rerum
712 1914 936 2006 publicarum,
963 1913 1110 1983 minume
1128 1912 1210 1983 mihi
1227 1912 1290 1982 hae
1308 1922 1498 2004 tempestate
1524 1912 1690 2005 cupiunda

488 2039 654 2109 videntur:
681 2038 839 2132 quoniam
852 2059 961 2129 neque
989 2037 1099 2107 virtuti
1117 2035 1221 2106 honos
1247 2035 1359 2118 datur,
1386 2059 1495 2129 neque
1522 2036 1586 2116 iili,
1611 2036 1693 2128 qni-

489 2163 551 2233 bus
575 2185 635 2255 per
660 2161 809 2232 fraudem
827 2160 877 2230 ius
895 2161 972 2242 tuit,
999 2161 1058 2230 tuti
1072 2171 1128 2231 aut
1145 2181 1184 2230 eo
1209 2161 1315 2253 magis
1329 2160 1457 2230 honesti
1482 2170 1567 2230 sunt.
1605 2161 1691 2229 Nem

489 2286 522 2356 vi
547 2284 682 2379 quidem
706 2306 824 2374 regere
849 2283 989 2377 patriam
1021 2295 1076 2353 aut
1100 2293 1269 2375 parentes,
1303 2307 1505 2377 quamquam
1531 2296 1563 2354 et
1588 2284 1694 2375 possis

491 2420 523 2479 et
560 2409 679 2478 delicta
712 2408 873 2500 corrigas,
909 2417 1017 2476 tanmn
1054 2408 1265 2500 inportunum
1302 2419 1366 2490 est;
1400 2431 1475 2479 eum
1511 2407 1694 2501 praesertim

490 2555 604 2603 omnes
630 2553 742 2602 rerum
755 2530 950 2600 mutationes
976 2529 1117 2612 oaedem,
1138 2511 1270 2621 iugem,
1298 2532 1430 2625 aliaque
1456 2531 1587 2602 hostilia
1611 2554 1696 2624 por-

491 2657 645 2736 tendant;
672 2657 791 2726 drrstra
808 2666 917 2726 autem
938 2654 997 2723 niti
1022 2678 1130 2749 neque
1152 2654 1243 2725 aliud
1262 2679 1296 2725 se
1310 2655 1478 2748 fatigando
1496 2656 1560 2725 nisi
1577 2655 1694 2725 odium

492 2803 658 2874 quaerere,
694 2789 849 2848 extremae
887 2777 1061 2848 dementiae
1096 2790 1159 2859 est;
1198 2779 1261 2848 nisi
1287 2780 1370 2851 sorte
1395 2803 1492 2873 quem
1520 2776 1698 2849 inhonesta

493 2917 525 2975 et
557 2903 740 2997 perniciosa
777 2901 890 2972 lubido
927 2913 1032 2984 tenet,
1072 2902 1226 2994 potentiae
1257 2926 1438 2996 paucorum
1468 2904 1568 2975 decus
1593 2915 1699 2998 atque
1719 2870 1734 2898 ⁶

493 3029 678 3099 libertatem
703 3049 797 3096 suam
822 3025 1012 3117 gratificari.

565 3174 612 3222 rv.
663 3149 818 3220 Ceterum
853 3173 895 3220 ex
921 3149 995 3219 aliis
1029 3151 1187 3242 negotiis,
1221 3172 1296 3244 quae
1323 3153 1457 3243 ingenio
1482 3164 1697 3234 exercentur,

494 3277 529 3346 in
554 3275 669 3367 primis
695 3296 818 3365 magno
835 3274 910 3344 usui
935 3284 983 3342 est
1007 3275 1169 3344 memoria
1193 3297 1304 3345 rerum
1329 3286 1512 3368 gestarum,
1539 3279 1634 3348 euius
1654 3277 1700 3347 de

494 3399 612 3470 virtute
638 3399 716 3491 quia
741 3398 836 3468 multi
861 3397 994 3479 dixere,
1024 3398 1290 3490 praetereundum
1314 3411 1412 3491 puto;
1447 3401 1612 3472 simulne
1637 3427 1706 3496 per

495 3523 705 3593 insolentiam
743 3522 816 3616 quis
855 3522 1030 3592 existumet
1064 3532 1186 3592 memet
1219 3523 1363 3594 studium
1394 3547 1506 3595 meum
1532 3525 1706 3596 laudando

496 3647 666 3718 extollere,
716 3647 825 3740 Atque
852 3669 914 3738 ego
939 3645 1038 3716 eredo
1063 3647 1148 3728 tore,
1175 3647 1255 3744 qni,
1281 3647 1362 3740 quia
1386 3647 1519 3720 decrevi
1544 3651 1665 3742 procul
1684 3675 1708 3722 a

495 3795 532 3841 re
558 3771 690 3864 publica
709 3780 837 3840 aetatem
855 3792 974 3862 agere,
1001 3779 1090 3840 tanto
1116 3780 1250 3863 tamque
1263 3772 1336 3841 utili
1352 3772 1458 3843 labori
1475 3795 1550 3842 meo
1575 3797 1707 3844 nomen

496 3896 623 3965 inertiae
664 3894 850 3988 imponant,
889 3905 978 3964 certe
1023 3894 1143 3988 quibus
1176 3917 1332 3965 maxuma
1370 3895 1531 3968 industria
1568 3897 1711 3968 videtur

497 4020 639 4089 salutare
664 4019 796 4112 plebem
825 4028 857 4088 et
893 4017 1050 4088 conviviis
1074 4017 1214 4109 gretiam
1240 4041 1399 4112 quarere.
1451 4020 1518 4104 Qui
1543 4022 1571 4090 si
1596 4045 1711 4114 repu-

498 4143 649 4224 taverint,
685 4152 717 4211 et
746 4141 865 4234 quibus
890 4163 953 4233 ego
983 4141 1187 4233 temporibus
1211 4143 1436 4234 magistratum
1461 4145 1598 4238 adeptus
1624 4145 1710 4227 sim,

498 4278 532 4337 et
555 4268 670 4359 quales
688 4266 750 4336 viri
775 4265 862 4335 idem
877 4265 1013 4358 adsequi
1030 4264 1253 4356 nequiverint,
1279 4276 1314 4336 et
1337 4277 1449 4360 postea
1474 4291 1548 4362 quae
1574 4291 1713 4358 genera

498 4390 669 4460 hominum
694 4389 728 4458 in
754 4399 903 4458 senatum
928 4389 1154 4481 pervenerint,
1190 4391 1336 4483 protecto
1361 4392 1621 4476 existumabunt,
1651 4417 1714 4464 me

497 4514 604 4604 magis
643 4513 760 4582 merito
799 4533 898 4604 quam
932 4511 1064 4603 ignavia
1089 4513 1250 4584 iudicium
1282 4515 1384 4586 animi
1418 4518 1485 4586 mei
1510 4518 1713 4600 mutavisse,

499 4638 672 4730 maiusque
690 4635 896 4706 commodum
924 4657 967 4704 ex
982 4635 1048 4706 otio
1065 4661 1139 4708 meo
1157 4662 1256 4729 quam
1273 4663 1316 4709 ex
1333 4640 1474 4712 aliorum
1492 4643 1636 4734 negotiis
1657 4644 1714 4713 rei
