3582 5594
456 702 525 770 122

453 924 527 974 rum
553 903 698 974 avaritiae
716 904 843 985 salsam,
871 915 902 974 et
920 905 1045 976 Sullam
1069 906 1111 977 ob
1135 907 1397 979 munificentiam
1424 912 1456 983 in
1478 934 1551 982 sese
1568 913 1648 982 ami-

454 1050 529 1098 cum
555 1027 630 1098 rati.
680 1030 765 1100 Nam
792 1029 891 1099 etiam
915 1039 985 1100 tum
1010 1031 1142 1122 largitio
1175 1033 1286 1103 multis
1312 1033 1425 1126 ignota
1450 1047 1539 1118 erat;
1578 1059 1649 1108 mu-

454 1149 572 1222 nificus
604 1173 704 1222 nemo
734 1153 922 1245 putabatur,
956 1153 1021 1224 uisi
1046 1155 1171 1248 pariter
1203 1157 1335 1238 uolens3
1371 1156 1458 1228 dona
1482 1160 1595 1229 omnia
1619 1161 1649 1230 io

454 1279 657 1372 benignitate
682 1279 897 1352 habebantur.
948 1281 1053 1373 Igitur
1081 1284 1237 1377 quaestori
1267 1284 1422 1355 mandata
1448 1283 1570 1354 Bocchi
1594 1307 1654 1376 pa-

456 1403 625 1486 tefaciunt,
664 1405 764 1476 simul
798 1407 839 1477 ab
874 1429 914 1476 eo
945 1417 1071 1498 petunt,
1109 1407 1157 1478 uti
1191 1408 1299 1478 lautor
1330 1409 1562 1502 consultorque
1592 1409 1652 1480 sibi

457 1526 559 1608 adsit;
586 1530 710 1622 copias,
737 1529 850 1613 fidem,
875 1531 1138 1623 magnitudinem
1162 1533 1251 1625 regis
1274 1533 1324 1604 sui
1350 1545 1383 1603 et
1404 1534 1483 1616 alia,
1509 1556 1583 1626 qua
1600 1545 1655 1604 aut

458 1652 863 1725 utiliaautbenevolentiae
878 1677 948 1724 esse
962 1655 1153 1738 credebant,
1172 1656 1321 1726 oratioue
1339 1657 1520 1736 extollunt3
1538 1656 1657 1726 deinde

459 1775 553 1846 Sulla
578 1777 689 1846 omnia
714 1777 872 1870 pollicito,
912 1776 1010 1860 docti,
1049 1799 1116 1870 quo
1148 1779 1247 1848 modo
1272 1779 1360 1872 apud
1386 1780 1539 1862 Marium,
1577 1779 1656 1849 item

457 1899 546 1992 apud
563 1910 713 1970 senatum
730 1900 830 1971 verba
852 1902 1009 1982 lacerent,
1040 1901 1173 1972 circiter
1196 1902 1267 1973 dies
1292 1902 1512 1996 quadraginta
1535 1900 1657 1972 ibidem

459 2021 663 2116 operiuntur.

533 2170 599 2220 crv.
650 2150 774 2221 blasius
809 2161 981 2244 postquam
1022 2151 1142 2221 inlecto
1175 2152 1321 2242 negotio,
1360 2174 1428 2245 quo
1463 2149 1660 2231 intenderat,

461 2271 584 2344 Cirtam
610 2272 706 2356 redit,
737 2273 779 2343 de
805 2273 946 2345 adventu
972 2275 1157 2366 legatorum
1183 2275 1304 2346 certior
1332 2276 1437 2346 lactum
1462 2275 1603 2368 illosque
1628 2283 1663 2343 et

461 2398 587 2469 Sullam
616 2401 729 2471 venire
754 2400 855 2484 iubet,
883 2401 961 2471 item
982 2404 1021 2472 L.
1039 2401 1228 2473 Bellienum
1245 2410 1419 2495 praetorem
1436 2400 1541 2483 Utica.
1574 2423 1664 2493 pre·

461 2533 553 2594 terea
590 2545 705 2594 omnen
736 2524 885 2619 undique
917 2525 1073 2596 senatorii
1103 2525 1241 2608 ordinis,
1279 2525 1477 2618 quibuscum
1507 2524 1666 2595 mandata

461 2647 585 2718 Boccbi
611 2651 788 2740 cognoscit.
839 2651 971 2746 Legatis
996 2659 1138 2745 potestas
1163 2651 1263 2722 cundi
1289 2653 1428 2722 Romam
1454 2650 1490 2721 lit
1514 2651 1556 2720 ab
1580 2673 1668 2720 con-

463 2773 555 2843 sule:
594 2774 721 2846 interea
753 2775 887 2848 indutiae
922 2777 1184 2871 postulabantur.
1235 2777 1288 2848 Ea
1312 2777 1413 2848 Sulla
1439 2785 1472 2845 et
1494 2775 1671 2869 plerisque

463 2899 639 2991 placuere:
669 2901 766 2993 pauci
793 2901 937 2971 ferocius
962 2900 1154 2983 decernunt,
1181 2901 1308 2972 scilicet
1333 2899 1442 2993 ignari
1463 2921 1575 2970 rerum
1600 2899 1674 2970 bu-

463 3047 652 3106 manorum,
678 3048 753 3118 que
770 3027 868 3098 lluxae
887 3038 920 3097 et
935 3027 1075 3098 mobiles
1100 3051 1232 3122 semper
1257 3029 1290 3098 in
1318 3028 1459 3100 advorsa
1482 3033 1670 3096 mumutur.

465 3149 620 3220 Ceterum
645 3152 753 3222 blauri
778 3152 959 3244 impetratis
982 3151 1137 3223 omuibus
1162 3163 1229 3224 tres
1254 3153 1396 3222 Romam
1425 3149 1563 3243 proiecti
1589 3171 1673 3218 cum

466 3273 675 3345 Gn.0ctavio
684 3274 782 3355 Rufo,
796 3276 853 3367 qui
861 3275 1210 3369 quaestorstipeudium
1220 3275 1253 3344 iu
1266 3275 1414 3347 Africam
1425 3274 1674 3368 adportaverat,

466 3398 532 3469 duo
564 3398 606 3468 ad
638 3420 753 3490 regem
783 3398 933 3470 redeunt.
983 3400 1036 3470 Ex
1068 3398 1120 3469 bis
1146 3398 1296 3469 bocchus
1326 3419 1403 3468 cum
1437 3406 1561 3479 cetera,
1598 3407 1677 3466 tum

466 3543 623 3592 maxume
648 3522 888 3615 benignitatem
906 3532 940 3592 et
956 3521 1100 3592 studium
1118 3521 1218 3593 Sullas
1236 3521 1355 3592 lubens
1372 3519 1510 3614 accepit.
1552 3520 1679 3590 Romae

467 3645 593 3738 legatis,
622 3645 708 3728 eius,
751 3658 925 3740 postquam
958 3669 1087 3718 errasse
1118 3668 1233 3737 regem
1270 3654 1303 3715 et
1339 3643 1508 3737 lugurtbae
1541 3644 1680 3714 scelere

467 3771 597 3863 lapsum
631 3770 795 3864 deprecati
830 3782 922 3852 sunt,
961 3770 1140 3841 amicitiam
1178 3778 1211 3840 ct
1245 3768 1351 3840 lmdus
1384 3768 1572 3862 patentibus
1609 3767 1684 3838 boc

467 3893 567 3964 mmo
591 3895 824 3988 respondetur:

547 4021 709 4091 «Senatus
734 4030 766 4090 et
789 4021 932 4114 populus
956 4021 1126 4092 Romanus
1150 4019 1306 4090 beneficii
1330 4030 1363 4089 et
1387 4018 1517 4090 iniuriae
1542 4041 1688 4088 memor

470 4168 541 4215 csse
558 4146 651 4216 solet.
695 4143 849 4215 Ceterum
866 4143 1010 4228 llocclro,
1036 4143 1193 4238 quoniam
1215 4143 1362 4238 paenitet,
1391 4143 1503 4214 delicti
1528 4143 1687 4236 gratiam

470 4269 561 4348 lacit;
587 4267 693 4340 lodus
719 4279 751 4337 et
775 4268 921 4340 amicitia
947 4268 1124 4350 dabuntur,
1151 4289 1227 4338 cum
1252 4267 1446 4340 meruerit.»

543 4415 597 4466 cv.
649 4391 732 4476 Quis
761 4391 862 4462 rebus
895 4391 1048 4483 cognitis,
1086 4390 1238 4462 bocchus
1271 4414 1331 4485 per
1360 4389 1485 4461 litteras
1516 4413 1536 4458 a
1567 4392 1693 4464 biario

470 4516 595 4610 petivit,
620 4517 667 4587 uti
687 4517 814 4587 Sullam
839 4515 882 4586 ad
908 4539 944 4586 se
970 4515 1123 4598 mitteret,
1150 4516 1244 4588 cuius
1269 4514 1429 4585 arbitratu
1455 4514 1497 4585 de
1522 4537 1696 4586 eommu-

471 4641 568 4712 nibus
582 4641 720 4734 negotiis
731 4642 968 4712 consuleretur.
994 4642 1241 4712 lamissuscum
1253 4638 1696 4734 pracsidioequitumatque

472 4763 628 4857 peditum,
671 4763 748 4833 item
768 4764 969 4835 lrrnditorum
990 4764 1200 4842 Balearium;
1232 4774 1393 4855 praeterea
1418 4762 1486 4832 iere
1512 4761 1696 4853 sagittarii
