3610 5592
277 2359 379 2458 Tuo
399 2374 548 2457 honori
563 2373 725 2488 tuisque
743 2375 916 2481 meritis,
939 2374 1002 2458 vir
1019 2375 1263 2484 clarissime,
1286 2377 1390 2461 hanc

188 2551 336 2604 noram
352 2517 527 2604 Salustii
547 2517 771 2603 editionem
794 2517 996 2626 dedicavi,
1022 2532 1068 2603 ut
1085 2551 1258 2605 summae
1287 2552 1390 2604 mere

187 2667 386 2749 adversus
403 2663 471 2748 'l'c
490 2665 729 2749 reverentiae
754 2663 924 2778 aliquod
945 2677 1128 2749 exstaret
1151 2697 1390 2749 monumen-

186 2825 286 2894 tum.
344 2809 454 2895 Cum
483 2811 592 2894 enim
621 2809 763 2924 paucis
792 2809 941 2895 abhinc
979 2813 1096 2893 annis
1132 2842 1215 2894 non
1253 2813 1389 2894 minus

187 2955 298 3039 fama
333 2955 488 3068 ingenii
525 2956 659 3040 clarus
699 2986 821 3069 quam
861 2955 1104 3039 eruditionis
1141 2968 1263 3069 atque
1293 2958 1390 3040 doo-

186 3101 304 3184 triuoe
335 3099 455 3186 laude
492 3101 751 3208 nobilitatus,
782 3099 1009 3186 Germania
1045 3114 1263 3216 peragrata
1290 3100 1390 3184 llei-

186 3246 338 3328 retiam
365 3247 579 3360 ipsamque
609 3246 809 3329 Basiliam
849 3246 1049 3352 adiisses,
1088 3276 1229 3330 coram
1266 3247 1388 3329 nohis

185 3391 392 3504 prohasti,
422 3403 620 3503 quantum
642 3405 832 3475 ornatum
860 3393 1025 3506 ingenio
1047 3393 1309 3505 scientiaque
1332 3391 1389 3474 af·

186 3535 292 3619 ierat
317 3537 442 3619 animi
472 3537 629 3622 candor
656 3568 899 3651 morumque
930 3537 1144 3649 elegantia.
1202 3535 1272 3618 Tu
1303 3537 1390 3647 qui-

186 3681 280 3764 dem
309 3683 353 3763 in
391 3682 619 3767 clarissima
647 3681 864 3766 Musarum
902 3682 1001 3766 sede
1032 3681 1274 3785 collocatus,
1312 3681 1390 3764 toti

185 3825 273 3910 fere
301 3826 527 3910 Britanniae
568 3828 621 3910 ad
649 3826 902 3942 antiquitatis
938 3826 1072 3910 studia
1100 3856 1210 3910 noro
1239 3826 1388 3909 ardore

185 3972 447 4086 suscipienda
483 3951 737 4086 coleu'daque
771 3974 906 4058 facem
939 3970 1171 4086 praetulisti,
1209 3971 1277 4054 Te
1314 3969 1388 4056 otii

184 4117 357 4202 litterati
381 4130 592 4203 auctorem
613 4131 734 4230 atque
761 4149 975 4202 suasorem
998 4131 1206 4232 tamquam
1229 4129 1389 4231 patrem

184 4276 400 4347 veneratur
429 4264 615 4347 studiosa
650 4265 852 4370 iuventus,
889 4261 1029 4345 'l'uum
1058 4293 1209 4346 nomen
1239 4261 1389 4345 doctis·

184 4409 280 4491 simi
314 4407 480 4494 labores
518 4421 683 4494 aeternae
717 4409 862 4520 gloriae
896 4407 1245 4492 commendarunt
1299 4405 1388 4490 Sed

183 4565 339 4638 tantam
368 4553 482 4636 illam
522 4554 765 4667 dignitatem
800 4568 922 4666 atque
959 4551 1270 4665 amplitudinem
1304 4581 1388 4634 non

184 4701 375 4813 superbia
399 4712 441 4783 et
456 4701 708 4813 arrogantia,
732 4700 807 4784 sed
823 4700 947 4782 animi
965 4698 1248 4781 moderatione
1265 4708 1386 4808 atque
