3526 5604
1256 670 1328 740 309

123 869 209 954 304,
248 870 304 943 19.
370 872 497 942 Videtur
532 873 563 941 is
596 895 658 941 csso
700 871 738 956 Ο.
774 873 892 943 Fabius
927 873 1091 942 Maoimus
1129 872 1328 940 Seruilianus

123 995 177 1064 Cos.
200 994 335 1064 Seruilii
358 995 525 1087 Caepionis
544 994 632 1088 filius
650 1009 779 1075 natura,
807 995 847 1080 0.
872 996 966 1066 Fabii
986 995 1126 1064 Manimi
1149 994 1327 1086 adoptione,

122 1120 230 1188 consul
248 1142 280 1188 a.
301 1142 336 1186 u.
360 1115 443 1188 612.
485 1118 547 1186 Sed
568 1139 674 1187 auaro
696 1131 773 1209 puto
802 1119 958 1188 Valetium
981 1118 1159 1186 Maximum
1182 1114 1215 1197 6,
1242 1117 1273 1196 1,
1292 1115 1326 1188 5.

121 1244 178 1332 css.
205 1239 429 1324 Quintilianus
452 1239 593 1308 Daciam.
617 1236 651 1321 3,
682 1237 726 1309 17
762 1255 789 1310 st
815 1241 949 1310 Orosius
971 1238 1005 1321 5,
1035 1237 1090 1309 16.
1200 1242 1233 1310 9.
1260 1241 1327 1310 Fa-

121 1363 192 1434 bios
216 1363 385 1434 Maximus
410 1363 582 1433 annalium
608 1363 734 1456 primo:
761 1375 831 1433 tum
856 1365 987 1435 Aeneas
1014 1385 1114 1455 aegre
1140 1363 1327 1455 patiebatur

122 1489 153 1557 in
170 1512 249 1558 eum
268 1487 440 1558 devenisse
464 1509 584 1578 agrum
609 1488 844 1558 macerrimum
867 1486 1209 1579 litorosissimumque.
1251 1487 1327 1556 Sor·

121 1613 188 1682 nus
214 1613 259 1682 od
289 1612 377 1702 Vorp.
404 1612 482 1681 Aen.
511 1611 544 1694 1,
572 1611 605 1680 7.
707 1611 741 1681 3.
769 1665 777 1680 .
807 1665 815 1680 .
844 1663 851 1679 .
883 1611 1085 1682 Servilianos
1112 1610 1326 1681 historiarum

120 1735 257 1827 scriptor
289 1736 443 1829 Pelopem,
482 1737 567 1827 quod
595 1759 738 1805 annuum
763 1737 935 1807 candidum
962 1734 1126 1814 babuerit,
1162 1733 1325 1804 eburnam

120 1859 322 1951 appeliatum
348 1857 493 1928 tradidit.
535 1859 663 1929 Scholia
694 1861 880 1929 Veronensia
904 1860 948 1930 ad
979 1860 1067 1949 Vorp.
1094 1857 1261 1950 (lampii,
1289 1857 1323 1928 7.

120 1983 153 2052 l.
186 1983 312 2052 Fabius
337 1983 502 2054 Maximus
532 1983 734 2054 Servilianos
766 1982 913 2076 pontifex
943 1983 977 2051 iu
1010 1981 1096 2051 libro
1128 1981 1324 2052 duodecimo
1412 2045 1414 2050 .

119 2116 218 2199 negat
242 2117 395 2199 oportere
421 2117 492 2176 atro
517 2106 570 2176 die
596 2117 786 2200 parentare,
828 2107 905 2199 quia
941 2116 1020 2176 tunc
1049 2129 1181 2198 quoquc
1206 2107 1323 2175 ‘lanum

119 2233 298 2324 lovemque
324 2231 468 2323 praefari
500 2254 634 2302 necesse
667 2243 725 2312 est,
767 2253 850 2322 quos
881 2230 1047 2300 nominari
1080 2241 1152 2300 atro
1178 2229 1231 2299 die
1257 2253 1323 2299 uon

120 2365 255 2446 oportet
304 2355 485 2425 Macrobius
511 2357 641 2426 Saturn
672 2353 704 2436 1,
740 2353 797 2425 16.
848 2355 1057 2424 Praecesserat
1082 2356 1170 2446 apud
1196 2355 1324 2423 Macro-

119 2479 203 2548 bium
229 2479 315 2550 locus
340 2503 356 2549 c
381 2478 479 2548 Gellii
504 2493 531 2548 et
557 2480 661 2549 Cassii
685 2480 839 2548 Heminae
863 2479 1034 2548 annalibus
1063 2495 1234 2571 excerptus,
1262 2482 1321 2570 cf.

119 2626 214 2697 aspro
232 2628 269 2697 p.
296 2601 382 2685 292,
408 2602 472 2686 15;
506 2605 647 2695 sequitur
670 2603 789 2671 locuse
817 2602 856 2687 O.
876 2602 1005 2672 Claudii
1023 2604 1191 2673 annalium
1212 2606 1323 2694 quinto

118 2728 242 2798 admits.
292 2797 294 2804 ,
344 2729 380 2798 5.
405 2728 525 2798 Fabius
541 2727 723 2800 Maximus:
750 2727 856 2796 amitti
874 2750 975 2819 quam
992 2727 1107 2819 apisci.
1140 2728 1323 2798 Priscianus

118 2850 152 2934 8,
177 2849 213 2935 4,
243 2850 299 2923 16.

380 3397 435 3482 m
484 3396 517 3481 c.
541 3396 792 3482 3319995193
815 3397 1055 3486 ttulimus

193 3611 225 3678 1.
255 3610 356 3681 Caius
382 3609 564 3681 Tuditanus
594 3634 670 3680 cum
704 3613 795 3681 omni
829 3613 896 3683 vita
926 3626 1026 3707 atque
1059 3616 1145 3685 victu
1173 3617 1321 3686 excultos

117 3745 214 3825 atque
232 3733 409 3824 expolitus,
436 3745 505 3803 tum
531 3733 603 3803 eius
629 3734 766 3826 elegans
791 3745 839 3804 est
864 3737 1014 3808 habitum
1040 3739 1138 3808 etiam
1163 3738 1321 3808 orationis

121 3877 236 3947 genus.
273 3857 574 3940 auocamento,
600 3857 659 3930 95.
695 3860 753 3930 Est
768 3863 799 3930 is
823 3861 861 3932 G.
881 3863 1095 3954 Sempronius
1123 3864 1159 3934 C.
1185 3864 1208 3932 i.
1230 3863 1267 3933 C.
1285 3885 1319 3931 u.

117 3979 308 4062 Tuditanus,
341 3981 398 4072 qui
416 3965 534 4051 'consul
558 4006 590 4052 a.
618 3980 948 4077 monopodios
981 3986 1208 4078 triumphauit:
1232 3986 1323 4056 Fasti

117 4104 331 4197 triumphales,
362 4106 489 4176 Plinius
512 4121 580 4176 nat.
610 4107 684 4180 bist.
716 4105 750 4190 3,
780 4107 837 4187 19,
867 4106 948 4179 129.
1055 4109 1321 4202 ascriptarum

116 4225 342 4300 Romanorum
373 4229 555 4300 doctissimi
588 4243 620 4301 et
651 4233 685 4300 in
718 4230 768 4300 bis
795 4232 930 4302 Porcius
957 4233 1038 4304 Cato
1163 4243 1195 4302 et
1220 4232 1322 4302 Gaius

117 4349 330 4444 Sempronius
355 4365 418 4422 stc.
445 4331 544 4446 aspro
562 4380 598 4448 p.
627 4352 712 4436 269,
738 4355 798 4426 20.
900 4355 934 4425 3.
965 4360 1008 4427 As
1038 4377 1118 4427 vero
1143 4356 1264 4427 Caesar
1290 4366 1322 4426 et

117 4472 329 4569 Sempronius
351 4480 455 4560 aiunt,
482 4480 618 4551 Caietae
644 4505 830 4573 cognomen
856 4484 957 4553 iuissc
977 4507 1043 4555 non
1060 4505 1194 4566 nomen,
1221 4507 1263 4554 ex
1281 4506 1321 4553 co

116 4599 238 4671 scilieet
263 4602 406 4674 inditum
432 4607 521 4698 quod
546 4607 616 4676 eius
634 4607 774 4677 consilio
791 4608 1003 4700 impulsuque
1020 4621 1142 4678 matres
1158 4609 1321 4678 Troianae

117 4727 221 4798 taedio
248 4729 340 4822 longi
368 4733 491 4824 navigii
518 4734 658 4803 classem
682 4733 806 4803 ibidem
832 4735 1051 4817 incenderint,
1080 4736 1204 4805 Graeca
1230 4733 1321 4803 scili-
