<?xml version="1.0" encoding="UTF-8"?>
<!DOCTYPE html PUBLIC "-//W3C//DTD XHTML 1.0 Transitional//EN"
    "http://www.w3.org/TR/xhtml1/DTD/xhtml1-transitional.dtd">
<html xmlns="http://www.w3.org/1999/xhtml" xml:lang="en" lang="en">
 <head>
  <title>
</title>
<meta http-equiv="Content-Type" content="text/html;charset=utf-8" />
  <meta name='ocr-system' content='tesseract 3.04.00' />
  <meta name='ocr-capabilities' content='ocr_page ocr_carea ocr_par ocr_line ocrx_word'/>
</head>
<body>
  <div class='ocr_page' id='page_1' title='image "./gaisalustiicris00rothgoog_0500.png"; bbox 0 0 3576 5602; ppageno 0'>
   <div class='ocr_carea' id='block_1_1' title="bbox 1309 661 1380 756">
    <p class='ocr_par' dir='ltr' id='par_1_1' title="bbox 1309 661 1380 756">
     <span class='ocr_line' id='line_1_1' title="bbox 1309 661 1380 756; baseline 0.014 -28"><span class='ocrx_word' id='word_1_1' title='bbox 1309 661 1380 756; x_wconf 79' lang='lat' dir='ltr'><strong>uos</strong></span> 
     </span>
    </p>
   </div>
   <div class='ocr_carea' id='block_1_2' title="bbox 151 857 1384 4774">
    <p class='ocr_par' dir='ltr' id='par_1_2' title="bbox 151 857 1384 4774">
     <span class='ocr_line' id='line_1_2' title="bbox 173 857 1383 936; baseline -0.003 -14"><span class='ocrx_word' id='word_1_2' title='bbox 173 862 241 923; x_wconf 86' lang='lat' dir='ltr'><strong>Liv.</strong></span> <span class='ocrx_word' id='word_1_3' title='bbox 263 881 346 922; x_wconf 85' lang='lat' dir='ltr'><strong>xxvr.</strong></span> <span class='ocrx_word' id='word_1_4' title='bbox 364 864 410 922; x_wconf 79' lang='lat' dir='ltr'><strong>ro.</strong></span> <span class='ocrx_word' id='word_1_5' title='bbox 426 865 452 921; x_wconf 77' lang='lat' dir='ltr'><strong>t.</strong></span> <span class='ocrx_word' id='word_1_6' title='bbox 472 861 543 936; x_wconf 93' lang='lat' dir='ltr'><strong>quid</strong></span> <span class='ocrx_word' id='word_1_7' title='bbox 565 860 663 936; x_wconf 77' lang='lat' dir='ltr'><strong>magis</strong></span> <span class='ocrx_word' id='word_1_8' title='bbox 684 857 891 935; x_wconf 83' lang='lat' dir='ltr'><strong>erepublica</strong></span> <span class='ocrx_word' id='word_1_9' title='bbox 913 860 1048 934; x_wconf 65' lang='lat' dir='ltr'><strong>duceret,</strong></span> <span class='ocrx_word' id='word_1_10' title='bbox 1070 859 1301 918; x_wconf 77' lang='lat' dir='ltr'><strong>aestimationem</strong></span> <span class='ocrx_word' id='word_1_11' title='bbox 1322 859 1383 919; x_wconf 81' lang='lat' dir='ltr'><strong>sibi</strong></span> 
     </span>
     <span class='ocr_line' id='line_1_3' title="bbox 172 965 1381 1047; baseline -0.003 -18"><span class='ocrx_word' id='word_1_12' title='bbox 172 971 362 1047; x_wconf 79' lang='lat' dir='ltr'><strong>permissam.</strong></span> <span class='ocrx_word' id='word_1_13' title='bbox 399 968 480 1026; x_wconf 82' lang='lat' dir='ltr'><strong>Gurt.</strong></span> <span class='ocrx_word' id='word_1_14' title='bbox 502 985 542 1026; x_wconf 80' lang='grc' dir='ltr'><strong>ιν.</strong></span> <span class='ocrx_word' id='word_1_15' title='bbox 565 971 592 1026; x_wconf 87' lang='lat'><strong>5.</strong></span> <span class='ocrx_word' id='word_1_16' title='bbox 614 967 667 1024; x_wconf 75' lang='lat'><strong>28.</strong></span> <span class='ocrx_word' id='word_1_17' title='bbox 705 965 960 1042; x_wconf 77' lang='lat' dir='ltr'><strong>Aegyptiosque</strong></span> <span class='ocrx_word' id='word_1_18' title='bbox 989 967 1084 1024; x_wconf 80' lang='lat' dir='ltr'><strong>soniis</strong></span> <span class='ocrx_word' id='word_1_19' title='bbox 1112 966 1208 1042; x_wconf 86' lang='lat' dir='ltr'><strong>ipsos,</strong></span> <span class='ocrx_word' id='word_1_20' title='bbox 1240 981 1298 1024; x_wconf 89' lang='lat' dir='ltr'><strong>non</strong></span> <span class='ocrx_word' id='word_1_21' title='bbox 1324 983 1381 1042; x_wconf 85' lang='lat' dir='ltr'><strong>pro</strong></span> 
     </span>
     <span class='ocr_line' id='line_1_4' title="bbox 173 1071 1379 1147; baseline -0.002 -12"><span class='ocrx_word' id='word_1_22' title='bbox 173 1077 314 1135; x_wconf 84' lang='lat' dir='ltr'>hostibus</span> <span class='ocrx_word' id='word_1_23' title='bbox 328 1075 542 1134; x_wconf 66' lang='lat' dir='ltr'><strong>estimaturoe.</strong></span> <span class='ocrx_word' id='word_1_24' title='bbox 569 1071 684 1132; x_wconf 86' lang='lat' dir='ltr'><strong>Eadem</strong></span> <span class='ocrx_word' id='word_1_25' title='bbox 706 1073 794 1132; x_wconf 88' lang='lat' dir='ltr'><strong>huius</strong></span> <span class='ocrx_word' id='word_1_26' title='bbox 816 1073 878 1132; x_wconf 84' lang='lat' dir='ltr'><strong>ioci</strong></span> <span class='ocrx_word' id='word_1_27' title='bbox 899 1078 949 1132; x_wconf 89' lang='lat' dir='ltr'><strong>est</strong></span> <span class='ocrx_word' id='word_1_28' title='bbox 970 1073 1065 1147; x_wconf 86' lang='lat' dir='ltr'><strong>ratio;</strong></span> <span class='ocrx_word' id='word_1_29' title='bbox 1087 1085 1164 1131; x_wconf 90' lang='lat' dir='ltr'><strong>nam·</strong></span> <span class='ocrx_word' id='word_1_30' title='bbox 1178 1073 1229 1133; x_wconf 90' lang='lat' dir='ltr'><strong>ubi</strong></span> <span class='ocrx_word' id='word_1_31' title='bbox 1251 1073 1290 1130; x_wconf 92' lang='lat' dir='ltr'><strong>de</strong></span> <span class='ocrx_word' id='word_1_32' title='bbox 1311 1088 1379 1132; x_wconf 91' lang='lat' dir='ltr'><strong>mo·</strong></span> 
     </span>
     <span class='ocr_line' id='line_1_5' title="bbox 174 1178 1381 1258; baseline -0.002 -17"><span class='ocrx_word' id='word_1_33' title='bbox 174 1183 248 1241; x_wconf 91' lang='lat' dir='ltr'><strong>duio</strong></span> <span class='ocrx_word' id='word_1_34' title='bbox 269 1183 315 1241; x_wconf 87' lang='lat' dir='ltr'><strong>rei</strong></span> <span class='ocrx_word' id='word_1_35' title='bbox 337 1181 466 1242; x_wconf 80' lang='lat' dir='ltr'><strong>alieuius</strong></span> <span class='ocrx_word' id='word_1_36' title='bbox 487 1181 594 1258; x_wconf 82' lang='lat' dir='ltr'><strong>agitur,</strong></span> <span class='ocrx_word' id='word_1_37' title='bbox 624 1185 710 1239; x_wconf 87' lang='lat' dir='ltr'><strong>recte</strong></span> <span class='ocrx_word' id='word_1_38' title='bbox 736 1185 853 1238; x_wconf 77' lang='lat' dir='ltr'><strong>mammo</strong></span> <span class='ocrx_word' id='word_1_39' title='bbox 874 1179 1007 1255; x_wconf 85' lang='lat' dir='ltr'><strong>ponitur.</strong></span> <span class='ocrx_word' id='word_1_40' title='bbox 1047 1178 1154 1253; x_wconf 82' lang='lat' dir='ltr'>Neque</span> <span class='ocrx_word' id='word_1_41' title='bbox 1186 1179 1244 1238; x_wconf 87' lang='lat' dir='ltr'><strong>hoo</strong></span> <span class='ocrx_word' id='word_1_42' title='bbox 1266 1184 1381 1238; x_wconf 89' lang='lat' dir='ltr'><strong>tantum</strong></span> 
     </span>
     <span class='ocr_line' id='line_1_6' title="bbox 173 1283 1382 1368; baseline -0.003 -20"><span class='ocrx_word' id='word_1_43' title='bbox 173 1289 286 1348; x_wconf 87' lang='lat' dir='ltr'><strong>adres</strong></span> <span class='ocrx_word' id='word_1_44' title='bbox 308 1293 453 1368; x_wconf 82' lang='lat' dir='ltr'><strong>externas</strong></span> <span class='ocrx_word' id='word_1_45' title='bbox 474 1288 618 1362; x_wconf 82' lang='lat' dir='ltr'><strong>retertur,</strong></span> <span class='ocrx_word' id='word_1_46' title='bbox 650 1286 708 1346; x_wconf 89' lang='lat' dir='ltr'><strong>sed</strong></span> <span class='ocrx_word' id='word_1_47' title='bbox 734 1285 773 1344; x_wconf 93' lang='lat' dir='ltr'><strong>ad</strong></span> <span class='ocrx_word' id='word_1_48' title='bbox 795 1285 893 1362; x_wconf 85' lang='lat' dir='ltr'><strong>ipsum</strong></span> <span class='ocrx_word' id='word_1_49' title='bbox 914 1285 1066 1344; x_wconf 84' lang='lat' dir='ltr'><strong>iudioiuur.</strong></span> <span class='ocrx_word' id='word_1_50' title='bbox 1107 1283 1247 1344; x_wconf 83' lang='lat' dir='ltr'><strong>Ceterum</strong></span> <span class='ocrx_word' id='word_1_51' title='bbox 1269 1291 1382 1361; x_wconf 89' lang='lat' dir='ltr'><strong>quanta</strong></span> 
     </span>
     <span class='ocr_line' id='line_1_7' title="bbox 174 1392 1381 1468; baseline -0.003 -14"><span class='ocrx_word' id='word_1_52' title='bbox 174 1397 338 1454; x_wconf 88' lang='lat' dir='ltr'><strong>verborum</strong></span> <span class='ocrx_word' id='word_1_53' title='bbox 360 1397 503 1454; x_wconf 74' lang='lat' dir='ltr'><strong>estimare</strong></span> <span class='ocrx_word' id='word_1_54' title='bbox 525 1392 699 1460; x_wconf 67' lang='lat' dir='ltr'><strong>(estmorae)</strong></span> <span class='ocrx_word' id='word_1_55' title='bbox 723 1395 892 1452; x_wconf 69' lang='lat' dir='ltr'><strong>emistimore</strong></span> <span class='ocrx_word' id='word_1_56' title='bbox 913 1394 944 1452; x_wconf 90' lang='lat' dir='ltr'><strong>iu</strong></span> <span class='ocrx_word' id='word_1_57' title='bbox 966 1392 1053 1452; x_wconf 83' lang='lat' dir='ltr'>codd.</span> <span class='ocrx_word' id='word_1_58' title='bbox 1076 1409 1148 1452; x_wconf 87' lang='lat' dir='ltr'><strong>mss.</strong></span> <span class='ocrx_word' id='word_1_59' title='bbox 1170 1392 1310 1452; x_wconf 83' lang='lat' dir='ltr'><strong>eoniusio</strong></span> <span class='ocrx_word' id='word_1_60' title='bbox 1332 1393 1381 1468; x_wconf 67' lang='lat' dir='ltr'><strong>sit,</strong></span> 
     </span>
     <span class='ocr_line' id='line_1_8' title="bbox 175 1497 1382 1577; baseline -0.002 -17"><span class='ocrx_word' id='word_1_61' title='bbox 175 1502 278 1560; x_wconf 88' lang='lat' dir='ltr'><strong>multis</strong></span> <span class='ocrx_word' id='word_1_62' title='bbox 295 1501 443 1577; x_wconf 84' lang='lat' dir='ltr'><strong>exemplis</strong></span> <span class='ocrx_word' id='word_1_63' title='bbox 457 1500 603 1577; x_wconf 82' lang='lat' dir='ltr'><strong>probavit</strong></span> <span class='ocrx_word' id='word_1_64' title='bbox 617 1497 639 1557; x_wconf 87' lang='grc' dir='ltr'><strong>Ι.</strong></span> <span class='ocrx_word' id='word_1_65' title='bbox 653 1498 735 1558; x_wconf 81' lang='lat' dir='ltr'><strong>Frid.</strong></span> <span class='ocrx_word' id='word_1_66' title='bbox 751 1497 886 1558; x_wconf 86' lang='lat' dir='ltr'><strong>Gronov.</strong></span> <span class='ocrx_word' id='word_1_67' title='bbox 902 1497 942 1557; x_wconf 89' lang='lat' dir='ltr'><strong>ad</strong></span> <span class='ocrx_word' id='word_1_68' title='bbox 951 1497 1016 1556; x_wconf 88' lang='lat' dir='ltr'><strong>Liv.</strong></span> <span class='ocrx_word' id='word_1_69' title='bbox 1029 1517 1133 1558; x_wconf 85' lang='lat' dir='ltr'><strong>xxxrv.</strong></span> <span class='ocrx_word' id='word_1_70' title='bbox 1151 1501 1179 1558; x_wconf 80' lang='grc'><strong>2.</strong></span> <span class='ocrx_word' id='word_1_71' title='bbox 1195 1502 1223 1558; x_wconf 86' lang='grc'><strong>8.</strong></span> <span class='ocrx_word' id='word_1_72' title='bbox 1255 1498 1317 1558; x_wconf 91' lang='lat' dir='ltr'><strong>Sed</strong></span> <span class='ocrx_word' id='word_1_73' title='bbox 1331 1505 1382 1559; x_wconf 90' lang='lat' dir='ltr'><strong>ta·</strong></span> 
     </span>
     <span class='ocr_line' id='line_1_9' title="bbox 174 1605 1383 1682; baseline -0.002 -15"><span class='ocrx_word' id='word_1_74' title='bbox 174 1609 263 1667; x_wconf 81' lang='lat' dir='ltr'><strong>motai</strong></span> <span class='ocrx_word' id='word_1_75' title='bbox 285 1609 517 1682; x_wconf 77' lang='lat' dir='ltr'><strong>haudquaquam</strong></span> <span class='ocrx_word' id='word_1_76' title='bbox 540 1607 640 1665; x_wconf 88' lang='lat' dir='ltr'><strong>omnia</strong></span> <span class='ocrx_word' id='word_1_77' title='bbox 664 1605 742 1680; x_wconf 85' lang='lat' dir='ltr'><strong>loca,</strong></span> <span class='ocrx_word' id='word_1_78' title='bbox 764 1605 815 1664; x_wconf 89' lang='lat' dir='ltr'><strong>ubi</strong></span> <span class='ocrx_word' id='word_1_79' title='bbox 840 1605 922 1664; x_wconf 86' lang='lat' dir='ltr'>MSS.</span> <span class='ocrx_word' id='word_1_80' title='bbox 943 1605 1096 1679; x_wconf 89' lang='lat' dir='ltr'><strong>tiuotuant,</strong></span> <span class='ocrx_word' id='word_1_81' title='bbox 1118 1607 1196 1665; x_wconf 86' lang='lat' dir='ltr'><strong>satis</strong></span> <span class='ocrx_word' id='word_1_82' title='bbox 1211 1605 1383 1666; x_wconf 87' lang='lat' dir='ltr'><strong>examinata</strong></span> 
     </span>
     <span class='ocr_line' id='line_1_10' title="bbox 175 1712 1380 1789; baseline -0.002 -15"><span class='ocrx_word' id='word_1_83' title='bbox 175 1721 253 1789; x_wconf 84' lang='lat' dir='ltr'><strong>sunt,</strong></span> <span class='ocrx_word' id='word_1_84' title='bbox 275 1715 335 1774; x_wconf 84' lang='lat' dir='ltr'><strong>hoo</strong></span> <span class='ocrx_word' id='word_1_85' title='bbox 348 1719 448 1773; x_wconf 88' lang='lat' dir='ltr'><strong>tamen</strong></span> <span class='ocrx_word' id='word_1_86' title='bbox 468 1729 525 1789; x_wconf 86' lang='lat' dir='ltr'><strong>pro</strong></span> <span class='ocrx_word' id='word_1_87' title='bbox 547 1717 633 1772; x_wconf 87' lang='lat' dir='ltr'><strong>eorto</strong></span> <span class='ocrx_word' id='word_1_88' title='bbox 656 1713 728 1788; x_wconf 84' lang='lat' dir='ltr'><strong>poni</strong></span> <span class='ocrx_word' id='word_1_89' title='bbox 750 1728 844 1788; x_wconf 83' lang='lat' dir='ltr'><strong>posse</strong></span> <span class='ocrx_word' id='word_1_90' title='bbox 866 1712 997 1786; x_wconf 88' lang='lat' dir='ltr'><strong>videtur,</strong></span> <span class='ocrx_word' id='word_1_91' title='bbox 1018 1713 1145 1770; x_wconf 85' lang='lat' dir='ltr'><strong>verbum</strong></span> <span class='ocrx_word' id='word_1_92' title='bbox 1168 1713 1298 1789; x_wconf 79' lang='lat' dir='ltr'><strong>simplex</strong></span> <span class='ocrx_word' id='word_1_93' title='bbox 1321 1731 1380 1772; x_wconf 89' lang='lat' dir='ltr'><strong>uon</strong></span> 
     </span>
     <span class='ocr_line' id='line_1_11' title="bbox 174 1819 1381 1895; baseline -0.002 -15"><span class='ocrx_word' id='word_1_94' title='bbox 174 1823 217 1880; x_wconf 89' lang='lat' dir='ltr'><strong>ita</strong></span> <span class='ocrx_word' id='word_1_95' title='bbox 246 1822 401 1880; x_wconf 86' lang='lat' dir='ltr'><strong>diversum</strong></span> <span class='ocrx_word' id='word_1_96' title='bbox 429 1836 500 1879; x_wconf 84' lang='lat' dir='ltr'><strong>essa</strong></span> <span class='ocrx_word' id='word_1_97' title='bbox 534 1837 552 1878; x_wconf 90' lang='lat' dir='ltr'><strong>a</strong></span> <span class='ocrx_word' id='word_1_98' title='bbox 583 1819 680 1878; x_wconf 88' lang='lat' dir='ltr'><strong>verbo</strong></span> <span class='ocrx_word' id='word_1_99' title='bbox 707 1819 886 1895; x_wconf 77' lang='lat' dir='ltr'><strong>composito,</strong></span> <span class='ocrx_word' id='word_1_100' title='bbox 929 1819 985 1877; x_wconf 88' lang='lat' dir='ltr'><strong>sed</strong></span> <span class='ocrx_word' id='word_1_101' title='bbox 1017 1820 1279 1894; x_wconf 80' lang='lat' dir='ltr'><strong>significationem,</strong></span> <span class='ocrx_word' id='word_1_102' title='bbox 1314 1837 1381 1894; x_wconf 82' lang='lat' dir='ltr'><strong>quae</strong></span> 
     </span>
     <span class='ocr_line' id='line_1_12' title="bbox 174 1925 1382 2006; baseline -0.002 -19"><span class='ocrx_word' id='word_1_103' title='bbox 174 1928 302 2006; x_wconf 80' lang='lat' dir='ltr'><strong>proprie</strong></span> <span class='ocrx_word' id='word_1_104' title='bbox 317 1929 424 1986; x_wconf 82' lang='lat' dir='ltr'><strong>eadem</strong></span> <span class='ocrx_word' id='word_1_105' title='bbox 442 1925 512 2001; x_wconf 83' lang='lat' dir='ltr'><strong>t&#39;uit,</strong></span> <span class='ocrx_word' id='word_1_106' title='bbox 530 1925 628 1985; x_wconf 82' lang='lat' dir='ltr'><strong>verbo</strong></span> <span class='ocrx_word' id='word_1_107' title='bbox 645 1927 816 2001; x_wconf 75' lang='lat' dir='ltr'><strong>composito</strong></span> <span class='ocrx_word' id='word_1_108' title='bbox 832 1926 900 1984; x_wconf 90' lang='lat' dir='ltr'><strong>aoui</strong></span> <span class='ocrx_word' id='word_1_109' title='bbox 914 1927 1006 1999; x_wconf 89' lang='lat' dir='ltr'><strong>atqua</strong></span> <span class='ocrx_word' id='word_1_110' title='bbox 1024 1926 1140 2002; x_wconf 83' lang='lat' dir='ltr'><strong>augeri.</strong></span> <span class='ocrx_word' id='word_1_111' title='bbox 1177 1925 1295 1986; x_wconf 86' lang='lat' dir='ltr'><strong>Similia</strong></span> <span class='ocrx_word' id='word_1_112' title='bbox 1311 1930 1382 1986; x_wconf 90' lang='lat' dir='ltr'><strong>sunt</strong></span> 
     </span>
     <span class='ocr_line' id='line_1_13' title="bbox 170 2033 1382 2110; baseline -0.001 -17"><span class='ocrx_word' id='word_1_113' title='bbox 170 2051 275 2110; x_wconf 81' lang='lat' dir='ltr'><strong>pronm</strong></span> <span class='ocrx_word' id='word_1_114' title='bbox 300 2049 448 2108; x_wconf 69' lang='lat' dir='ltr'><strong>expromo,</strong></span> <span class='ocrx_word' id='word_1_115' title='bbox 476 2049 573 2108; x_wconf 77' lang='lat' dir='ltr'><strong>pnrqo</strong></span> <span class='ocrx_word' id='word_1_116' title='bbox 601 2049 743 2107; x_wconf 70' lang='lat' dir='ltr'><strong>enprorqo,</strong></span> <span class='ocrx_word' id='word_1_117' title='bbox 768 2037 837 2106; x_wconf 81' lang='lat' dir='ltr'><strong>puto</strong></span> <span class='ocrx_word' id='word_1_118' title='bbox 859 2039 973 2107; x_wconf 76' lang='lat' dir='ltr'><strong>expuo,</strong></span> <span class='ocrx_word' id='word_1_119' title='bbox 1007 2033 1088 2092; x_wconf 80' lang='lat' dir='ltr'><strong>solvo</strong></span> <span class='ocrx_word' id='word_1_120' title='bbox 1109 2033 1238 2106; x_wconf 77' lang='lat' dir='ltr'><strong>eaooioo,</strong></span> <span class='ocrx_word' id='word_1_121' title='bbox 1268 2033 1382 2092; x_wconf 80' lang='lat' dir='ltr'><strong>stirnuio</strong></span> 
     </span>
     <span class='ocr_line' id='line_1_14' title="bbox 174 2139 1382 2216; baseline -0.002 -16"><span class='ocrx_word' id='word_1_122' title='bbox 174 2140 336 2213; x_wconf 67' lang='lat' dir='ltr'><strong>matinata,</strong></span> <span class='ocrx_word' id='word_1_123' title='bbox 358 2143 435 2216; x_wconf 80' lang='lat' dir='ltr'><strong>oqito</strong></span> <span class='ocrx_word' id='word_1_124' title='bbox 454 2143 579 2215; x_wconf 59' lang='grc' dir='ltr'><strong>παρίω,</strong></span> <span class='ocrx_word' id='word_1_125' title='bbox 600 2144 632 2198; x_wconf 91' lang='lat' dir='ltr'><strong>et</strong></span> <span class='ocrx_word' id='word_1_126' title='bbox 650 2139 679 2197; x_wconf 90' lang='lat' dir='ltr'><strong>in</strong></span> <span class='ocrx_word' id='word_1_127' title='bbox 698 2139 847 2212; x_wconf 57' lang='lat' dir='ltr'><strong>omnibus</strong></span> <span class='ocrx_word' id='word_1_128' title='bbox 875 2139 927 2199; x_wconf 84' lang='lat' dir='ltr'><strong>ubi</strong></span> <span class='ocrx_word' id='word_1_129' title='bbox 949 2139 1073 2216; x_wconf 84' lang='lat' dir='ltr'><strong>propria</strong></span> <span class='ocrx_word' id='word_1_130' title='bbox 1095 2139 1277 2215; x_wconf 80' lang='lat' dir='ltr'><strong>significatio</strong></span> <span class='ocrx_word' id='word_1_131' title='bbox 1300 2156 1382 2216; x_wconf 81' lang='lat' dir='ltr'><strong>prm-</strong></span> 
     </span>
     <span class='ocr_line' id='line_1_15' title="bbox 176 2244 1381 2324; baseline -0.002 -18"><span class='ocrx_word' id='word_1_132' title='bbox 176 2247 343 2324; x_wconf 87' lang='lat' dir='ltr'><strong>positionis</strong></span> <span class='ocrx_word' id='word_1_133' title='bbox 366 2263 406 2304; x_wconf 76' lang='lat' dir='ltr'><strong>ea</strong></span> <span class='ocrx_word' id='word_1_134' title='bbox 427 2247 488 2304; x_wconf 89' lang='lat' dir='ltr'><strong>virn</strong></span> <span class='ocrx_word' id='word_1_135' title='bbox 510 2263 594 2305; x_wconf 89' lang='lat' dir='ltr'><strong>suam</strong></span> <span class='ocrx_word' id='word_1_136' title='bbox 621 2262 680 2304; x_wconf 92' lang='lat' dir='ltr'><strong>nun</strong></span> <span class='ocrx_word' id='word_1_137' title='bbox 713 2249 826 2304; x_wconf 87' lang='lat' dir='ltr'><strong>servat.</strong></span> <span class='ocrx_word' id='word_1_138' title='bbox 856 2248 961 2303; x_wconf 83' lang='lat' dir='ltr'><strong>aoeaior</strong></span> <span class='ocrx_word' id='word_1_139' title='bbox 981 2244 1048 2303; x_wconf 87' lang='lat' dir='ltr'><strong>Bas</strong></span> <span class='ocrx_word' id='word_1_140' title='bbox 1072 2249 1202 2304; x_wconf 81' lang='lat' dir='ltr'><strong>seuerior</strong></span> <span class='ocrx_word' id='word_1_141' title='bbox 1223 2245 1291 2304; x_wconf 92' lang='lat' dir='ltr'><strong>Vat.</strong></span> <span class='ocrx_word' id='word_1_142' title='bbox 1314 2245 1381 2304; x_wconf 89' lang='lat' dir='ltr'><strong>Par.</strong></span> 
     </span>
     <span class='ocr_line' id='line_1_16' title="bbox 175 2351 1383 2430; baseline -0.002 -18"><span class='ocrx_word' id='word_1_143' title='bbox 175 2354 243 2413; x_wconf 84' lang='lat' dir='ltr'><strong>Tur.</strong></span> <span class='ocrx_word' id='word_1_144' title='bbox 278 2353 367 2430; x_wconf 88' lang='lat' dir='ltr'><strong>prior</strong></span> <span class='ocrx_word' id='word_1_145' title='bbox 393 2353 487 2412; x_wconf 81' lang='lat' dir='ltr'><strong>lectio</strong></span> <span class='ocrx_word' id='word_1_146' title='bbox 516 2351 610 2411; x_wconf 86' lang='lat' dir='ltr'><strong>mutto</strong></span> <span class='ocrx_word' id='word_1_147' title='bbox 641 2353 846 2427; x_wconf 72' lang='lat' dir='ltr'><strong>praestantior,</strong></span> <span class='ocrx_word' id='word_1_148' title='bbox 877 2353 915 2410; x_wconf 87' lang='lat' dir='ltr'><strong>ad</strong></span> <span class='ocrx_word' id='word_1_149' title='bbox 942 2355 1074 2412; x_wconf 67' lang='lat' dir='ltr'><strong>sesamon</strong></span> <span class='ocrx_word' id='word_1_150' title='bbox 1094 2357 1202 2413; x_wconf 78' lang='lat' dir='ltr'><strong>auctor</strong></span> <span class='ocrx_word' id='word_1_151' title='bbox 1222 2353 1274 2412; x_wconf 87' lang='lat' dir='ltr'><strong>vix</strong></span> <span class='ocrx_word' id='word_1_152' title='bbox 1291 2353 1383 2429; x_wconf 78' lang='lat' dir='ltr'><strong>poulo</strong></span> 
     </span>
     <span class='ocr_line' id='line_1_17' title="bbox 175 2458 1382 2534; baseline 0 -15"><span class='ocrx_word' id='word_1_153' title='bbox 175 2459 357 2519; x_wconf 80' lang='lat' dir='ltr'><strong>addidisset.</strong></span> <span class='ocrx_word' id='word_1_154' title='bbox 395 2458 501 2534; x_wconf 88' lang='lat' dir='ltr'><strong>Neque</strong></span> <span class='ocrx_word' id='word_1_155' title='bbox 529 2459 605 2518; x_wconf 87' lang='lat' dir='ltr'><strong>satis</strong></span> <span class='ocrx_word' id='word_1_156' title='bbox 627 2459 706 2518; x_wconf 90' lang='lat' dir='ltr'><strong>iusta</strong></span> <span class='ocrx_word' id='word_1_157' title='bbox 733 2458 984 2534; x_wconf 78' lang='lat' dir='ltr'><strong>reprehensionis</strong></span> <span class='ocrx_word' id='word_1_158' title='bbox 1013 2476 1113 2533; x_wconf 87' lang='lat' dir='ltr'><strong>eausa,</strong></span> <span class='ocrx_word' id='word_1_159' title='bbox 1152 2459 1179 2517; x_wconf 90' lang='lat' dir='ltr'><strong>si</strong></span> <span class='ocrx_word' id='word_1_160' title='bbox 1206 2477 1241 2518; x_wconf 89' lang='lat' dir='ltr'><strong>ea</strong></span> <span class='ocrx_word' id='word_1_161' title='bbox 1268 2462 1382 2519; x_wconf 89' lang='lat' dir='ltr'><strong>tanturn</strong></span> 
     </span>
     <span class='ocr_line' id='line_1_18' title="bbox 175 2563 1383 2644; baseline 0.001 -19"><span class='ocrx_word' id='word_1_162' title='bbox 175 2567 267 2644; x_wconf 88' lang='lat' dir='ltr'><strong>paulu</strong></span> <span class='ocrx_word' id='word_1_163' title='bbox 301 2567 443 2625; x_wconf 88' lang='lat' dir='ltr'><strong>severior</strong></span> <span class='ocrx_word' id='word_1_164' title='bbox 474 2565 545 2639; x_wconf 83' lang='lat' dir='ltr'><strong>t&#39;uit;</strong></span> <span class='ocrx_word' id='word_1_165' title='bbox 579 2583 678 2640; x_wconf 91' lang='lat' dir='ltr'><strong>nequo</strong></span> <span class='ocrx_word' id='word_1_166' title='bbox 706 2563 809 2624; x_wconf 79' lang='lat' dir='ltr'><strong>Caesar</strong></span> <span class='ocrx_word' id='word_1_167' title='bbox 840 2565 922 2623; x_wconf 89' lang='lat' dir='ltr'><strong>iliam</strong></span> <span class='ocrx_word' id='word_1_168' title='bbox 951 2583 1069 2643; x_wconf 80' lang='lat' dir='ltr'><strong>poenanr</strong></span> <span class='ocrx_word' id='word_1_169' title='bbox 1097 2573 1210 2626; x_wconf 85' lang='lat' dir='ltr'><strong>tanturn</strong></span> <span class='ocrx_word' id='word_1_170' title='bbox 1239 2569 1383 2626; x_wconf 86' lang='lat' dir='ltr'><strong>severio-</strong></span> 
     </span>
     <span class='ocr_line' id='line_1_19' title="bbox 180 2671 1382 2748; baseline 0.001 -16"><span class='ocrx_word' id='word_1_171' title='bbox 180 2690 253 2748; x_wconf 87' lang='lat' dir='ltr'><strong>rem,</strong></span> <span class='ocrx_word' id='word_1_172' title='bbox 289 2672 346 2732; x_wconf 86' lang='lat' dir='ltr'><strong>sed</strong></span> <span class='ocrx_word' id='word_1_173' title='bbox 375 2675 523 2732; x_wconf 78' lang='lat' dir='ltr'><strong>noviorem</strong></span> <span class='ocrx_word' id='word_1_174' title='bbox 554 2671 654 2729; x_wconf 88' lang='lat' dir='ltr'><strong>videri</strong></span> <span class='ocrx_word' id='word_1_175' title='bbox 686 2671 797 2744; x_wconf 90' lang='lat' dir='ltr'><strong>voluit,</strong></span> <span class='ocrx_word' id='word_1_176' title='bbox 832 2673 891 2729; x_wconf 88' lang='lat' dir='ltr'><strong>atsi</strong></span> <span class='ocrx_word' id='word_1_177' title='bbox 925 2673 993 2748; x_wconf 88' lang='lat' dir='ltr'><strong>ipse</strong></span> <span class='ocrx_word' id='word_1_178' title='bbox 1024 2672 1116 2730; x_wconf 86' lang='lat' dir='ltr'><strong>aliter</strong></span> <span class='ocrx_word' id='word_1_179' title='bbox 1153 2673 1274 2732; x_wconf 85' lang='lat' dir='ltr'><strong>loeutus</strong></span> <span class='ocrx_word' id='word_1_180' title='bbox 1306 2681 1382 2733; x_wconf 85' lang='lat' dir='ltr'><strong>erat.</strong></span> 
     </span>
     <span class='ocr_line' id='line_1_20' title="bbox 178 2777 1382 2855; baseline 0.002 -17"><span class='ocrx_word' id='word_1_181' title='bbox 178 2778 274 2839; x_wconf 77' lang='lat' dir='ltr'><strong>Erunt</strong></span> <span class='ocrx_word' id='word_1_182' title='bbox 294 2777 438 2854; x_wconf 82' lang='lat' dir='ltr'><strong>fortasse,</strong></span> <span class='ocrx_word' id='word_1_183' title='bbox 462 2779 513 2853; x_wconf 96' lang='lat' dir='ltr'><strong>qui</strong></span> <span class='ocrx_word' id='word_1_184' title='bbox 534 2778 625 2855; x_wconf 85' lang='lat' dir='ltr'><strong>plana</strong></span> <span class='ocrx_word' id='word_1_185' title='bbox 647 2779 752 2836; x_wconf 85' lang='lat' dir='ltr'><strong>contra</strong></span> <span class='ocrx_word' id='word_1_186' title='bbox 775 2781 917 2838; x_wconf 83' lang='lat' dir='ltr'><strong>statuant.</strong></span> <span class='ocrx_word' id='word_1_187' title='bbox 955 2777 1105 2838; x_wconf 79' lang='lat' dir='ltr'><strong>Caesarem</strong></span> <span class='ocrx_word' id='word_1_188' title='bbox 1131 2781 1209 2838; x_wconf 89' lang='lat' dir='ltr'><strong>onim</strong></span> <span class='ocrx_word' id='word_1_189' title='bbox 1231 2783 1263 2840; x_wconf 90' lang='lat' dir='ltr'><strong>ut</strong></span> <span class='ocrx_word' id='word_1_190' title='bbox 1284 2781 1382 2840; x_wconf 89' lang='lat' dir='ltr'><strong>maio·</strong></span> 
     </span>
     <span class='ocr_line' id='line_1_21' title="bbox 151 2884 1383 2963; baseline -0.001 -17"><span class='ocrx_word' id='word_1_191' title='bbox 151 2904 241 2946; x_wconf 77' lang='lat' dir='ltr'><strong>¹rem</strong></span> <span class='ocrx_word' id='word_1_192' title='bbox 262 2891 414 2945; x_wconf 87' lang='lat' dir='ltr'><strong>terrorem</strong></span> <span class='ocrx_word' id='word_1_193' title='bbox 446 2885 555 2945; x_wconf 88' lang='lat' dir='ltr'><strong>animis</strong></span> <span class='ocrx_word' id='word_1_194' title='bbox 578 2885 726 2958; x_wconf 74' lang='lat' dir='ltr'><strong>induerat,</strong></span> <span class='ocrx_word' id='word_1_195' title='bbox 757 2885 794 2942; x_wconf 86' lang='lat' dir='ltr'><strong>iis</strong></span> <span class='ocrx_word' id='word_1_196' title='bbox 822 2884 1011 2961; x_wconf 85' lang='lat' dir='ltr'><strong>persuadere</strong></span> <span class='ocrx_word' id='word_1_197' title='bbox 1033 2886 1178 2961; x_wconf 79' lang='lat' dir='ltr'><strong>voluisse,</strong></span> <span class='ocrx_word' id='word_1_198' title='bbox 1213 2887 1260 2945; x_wconf 87' lang='lat' dir='ltr'><strong>vei</strong></span> <span class='ocrx_word' id='word_1_199' title='bbox 1291 2887 1383 2963; x_wconf 81' lang='lat' dir='ltr'><strong>paulo</strong></span> 
     </span>
     <span class='ocr_line' id='line_1_22' title="bbox 178 2989 1384 3070; baseline 0 -18"><span class='ocrx_word' id='word_1_200' title='bbox 178 2994 367 3054; x_wconf 87' lang='lat' dir='ltr'><strong>severiorem</strong></span> <span class='ocrx_word' id='word_1_201' title='bbox 403 3011 519 3070; x_wconf 80' lang='lat' dir='ltr'><strong>poeuam</strong></span> <span class='ocrx_word' id='word_1_202' title='bbox 549 2991 655 3069; x_wconf 82' lang='lat' dir='ltr'><strong>populi</strong></span> <span class='ocrx_word' id='word_1_203' title='bbox 690 2991 808 3050; x_wconf 91' lang='lat' dir='ltr'><strong>animos</strong></span> <span class='ocrx_word' id='word_1_204' title='bbox 837 2989 1006 3062; x_wconf 55' lang='lat' dir='ltr'><strong>offendero</strong></span> <span class='ocrx_word' id='word_1_205' title='bbox 1042 2991 1098 3050; x_wconf 86' lang='lat' dir='ltr'><strong>sed</strong></span> <span class='ocrx_word' id='word_1_206' title='bbox 1129 2992 1176 3051; x_wconf 92' lang='lat' dir='ltr'><strong>ilii</strong></span> <span class='ocrx_word' id='word_1_207' title='bbox 1208 3010 1267 3052; x_wconf 90' lang='lat' dir='ltr'><strong>non</strong></span> <span class='ocrx_word' id='word_1_208' title='bbox 1294 2995 1384 3068; x_wconf 77' lang='lat' dir='ltr'><strong>eogi-</strong></span> 
     </span>
     <span class='ocr_line' id='line_1_23' title="bbox 178 3096 1382 3176; baseline -0.002 -15"><span class='ocrx_word' id='word_1_209' title='bbox 178 3107 262 3162; x_wconf 85' lang='lat' dir='ltr'><strong>tasse</strong></span> <span class='ocrx_word' id='word_1_210' title='bbox 287 3100 444 3174; x_wconf 88' lang='lat' dir='ltr'><strong>videntur,</strong></span> <span class='ocrx_word' id='word_1_211' title='bbox 481 3115 548 3158; x_wconf 88' lang='lat' dir='ltr'><strong>oum</strong></span> <span class='ocrx_word' id='word_1_212' title='bbox 575 3098 667 3174; x_wconf 85' lang='lat' dir='ltr'><strong>paulo</strong></span> <span class='ocrx_word' id='word_1_213' title='bbox 694 3097 786 3168; x_wconf 86' lang='lat' dir='ltr'><strong>inira,</strong></span> <span class='ocrx_word' id='word_1_214' title='bbox 817 3101 849 3156; x_wconf 91' lang='lat' dir='ltr'><strong>ut</strong></span> <span class='ocrx_word' id='word_1_215' title='bbox 871 3115 955 3156; x_wconf 91' lang='lat' dir='ltr'><strong>suum</strong></span> <span class='ocrx_word' id='word_1_216' title='bbox 984 3096 1165 3157; x_wconf 83' lang='lat' dir='ltr'><strong>iudioiunna</strong></span> <span class='ocrx_word' id='word_1_217' title='bbox 1197 3100 1282 3176; x_wconf 82' lang='lat' dir='ltr'><strong>vulgi</strong></span> <span class='ocrx_word' id='word_1_218' title='bbox 1316 3099 1382 3159; x_wconf 91' lang='lat' dir='ltr'><strong>dis·</strong></span> 
     </span>
     <span class='ocr_line' id='line_1_24' title="bbox 178 3204 1383 3281; baseline 0 -15"><span class='ocrx_word' id='word_1_219' title='bbox 178 3207 294 3267; x_wconf 83' lang='lat' dir='ltr'><strong>sentire</strong></span> <span class='ocrx_word' id='word_1_220' title='bbox 313 3205 450 3280; x_wconf 83' lang='lat' dir='ltr'><strong>doceret,</strong></span> <span class='ocrx_word' id='word_1_221' title='bbox 476 3204 571 3264; x_wconf 88' lang='lat' dir='ltr'><strong>Silani</strong></span> <span class='ocrx_word' id='word_1_222' title='bbox 592 3205 771 3264; x_wconf 73' lang='lat' dir='ltr'><strong>mutantium</strong></span> <span class='ocrx_word' id='word_1_223' title='bbox 795 3204 855 3262; x_wconf 89' lang='lat' dir='ltr'><strong>sibi</strong></span> <span class='ocrx_word' id='word_1_224' title='bbox 877 3221 936 3262; x_wconf 92' lang='lat' dir='ltr'><strong>nou</strong></span> <span class='ocrx_word' id='word_1_225' title='bbox 958 3204 1100 3264; x_wconf 71' lang='lat' dir='ltr'><strong>modelam</strong></span> <span class='ocrx_word' id='word_1_226' title='bbox 1120 3206 1231 3280; x_wconf 82' lang='lat' dir='ltr'><strong>videri,</strong></span> <span class='ocrx_word' id='word_1_227' title='bbox 1256 3207 1383 3281; x_wconf 85' lang='lat' dir='ltr'><strong>dixisse,</strong></span> 
     </span>
     <span class='ocr_line' id='line_1_25' title="bbox 179 3310 1381 3390; baseline -0.002 -16"><span class='ocrx_word' id='word_1_228' title='bbox 179 3331 238 3389; x_wconf 93' lang='lat' dir='ltr'><strong>quo</strong></span> <span class='ocrx_word' id='word_1_229' title='bbox 264 3314 416 3373; x_wconf 81' lang='lat' dir='ltr'><strong>vocabulo</strong></span> <span class='ocrx_word' id='word_1_230' title='bbox 439 3312 603 3390; x_wconf 78' lang='lat' dir='ltr'><strong>significat,</strong></span> <span class='ocrx_word' id='word_1_231' title='bbox 637 3311 697 3371; x_wconf 85' lang='lat' dir='ltr'><strong>hoo</strong></span> <span class='ocrx_word' id='word_1_232' title='bbox 722 3313 821 3388; x_wconf 87' lang='lat' dir='ltr'><strong>ipsum</strong></span> <span class='ocrx_word' id='word_1_233' title='bbox 846 3327 918 3370; x_wconf 86' lang='lat' dir='ltr'><strong>esse</strong></span> <span class='ocrx_word' id='word_1_234' title='bbox 944 3312 1049 3387; x_wconf 81' lang='lat' dir='ltr'><strong>popuii</strong></span> <span class='ocrx_word' id='word_1_235' title='bbox 1076 3310 1236 3386; x_wconf 86' lang='lat' dir='ltr'><strong>iudioium,</strong></span> <span class='ocrx_word' id='word_1_236' title='bbox 1267 3313 1381 3389; x_wconf 84' lang='lat' dir='ltr'><strong>quippe</strong></span> 
     </span>
     <span class='ocr_line' id='line_1_26' title="bbox 179 3417 1383 3495; baseline -0.002 -16"><span class='ocrx_word' id='word_1_237' title='bbox 179 3421 258 3495; x_wconf 93' lang='lat' dir='ltr'><strong>quod</strong></span> <span class='ocrx_word' id='word_1_238' title='bbox 281 3418 398 3479; x_wconf 79' lang='lat' dir='ltr'><strong>iudices</strong></span> <span class='ocrx_word' id='word_1_239' title='bbox 421 3436 478 3478; x_wconf 87' lang='lat' dir='ltr'><strong>nou</strong></span> <span class='ocrx_word' id='word_1_240' title='bbox 499 3434 625 3492; x_wconf 78' lang='lat' dir='ltr'><strong>seueros,</strong></span> <span class='ocrx_word' id='word_1_241' title='bbox 658 3418 742 3492; x_wconf 93' lang='lat' dir='ltr'><strong>quod</strong></span> <span class='ocrx_word' id='word_1_242' title='bbox 761 3417 862 3476; x_wconf 90' lang='lat' dir='ltr'><strong>laudis</strong></span> <span class='ocrx_word' id='word_1_243' title='bbox 885 3421 941 3488; x_wconf 77' lang='lat' dir='ltr'><strong>est,</strong></span> <span class='ocrx_word' id='word_1_244' title='bbox 974 3417 1030 3478; x_wconf 87' lang='lat' dir='ltr'><strong>sad</strong></span> <span class='ocrx_word' id='word_1_245' title='bbox 1052 3435 1144 3479; x_wconf 76' lang='lat' dir='ltr'><strong>anuos</strong></span> <span class='ocrx_word' id='word_1_246' title='bbox 1168 3435 1239 3478; x_wconf 87' lang='lat' dir='ltr'><strong>osse</strong></span> <span class='ocrx_word' id='word_1_247' title='bbox 1271 3419 1383 3478; x_wconf 82' lang='lat' dir='ltr'><strong>existi-</strong></span> 
     </span>
     <span class='ocr_line' id='line_1_27' title="bbox 178 3524 1382 3602; baseline 0 -18"><span class='ocrx_word' id='word_1_248' title='bbox 178 3533 248 3599; x_wconf 71' lang='lat' dir='ltr'><strong>met</strong></span> <span class='ocrx_word' id='word_1_249' title='bbox 270 3527 299 3586; x_wconf 88' lang='lat' dir='ltr'><strong>si</strong></span> <span class='ocrx_word' id='word_1_250' title='bbox 314 3526 446 3586; x_wconf 88' lang='lat' dir='ltr'><strong>debitam</strong></span> <span class='ocrx_word' id='word_1_251' title='bbox 461 3541 612 3602; x_wconf 84' lang='lat' dir='ltr'><strong>poenama</strong></span> <span class='ocrx_word' id='word_1_252' title='bbox 631 3524 775 3584; x_wconf 83' lang='lat' dir='ltr'><strong>eoelestis</strong></span> <span class='ocrx_word' id='word_1_253' title='bbox 793 3524 965 3584; x_wconf 84' lang='lat' dir='ltr'><strong>hominibus</strong></span> <span class='ocrx_word' id='word_1_254' title='bbox 987 3526 1120 3601; x_wconf 84' lang='lat' dir='ltr'><strong>exigant.</strong></span> <span class='ocrx_word' id='word_1_255' title='bbox 1142 3532 1220 3584; x_wconf 82' lang='lat' dir='ltr'><strong>certe</strong></span> <span class='ocrx_word' id='word_1_256' title='bbox 1236 3529 1298 3584; x_wconf 79' lang='lat' dir='ltr'><strong>seio</strong></span> <span class='ocrx_word' id='word_1_257' title='bbox 1312 3526 1382 3585; x_wconf 87' lang='lat' dir='ltr'><strong>Bas.</strong></span> 
     </span>
     <span class='ocr_line' id='line_1_28' title="bbox 178 3629 1384 3705; baseline 0 -14"><span class='ocrx_word' id='word_1_258' title='bbox 178 3633 275 3692; x_wconf 91' lang='lat' dir='ltr'><strong>Paris.</strong></span> <span class='ocrx_word' id='word_1_259' title='bbox 301 3633 370 3690; x_wconf 82' lang='lat' dir='ltr'><strong>Tur.</strong></span> <span class='ocrx_word' id='word_1_260' title='bbox 397 3638 476 3691; x_wconf 82' lang='lat' dir='ltr'><strong>certo</strong></span> <span class='ocrx_word' id='word_1_261' title='bbox 506 3630 589 3690; x_wconf 83' lang='lat' dir='ltr'><strong>iiius.</strong></span> <span class='ocrx_word' id='word_1_262' title='bbox 616 3629 717 3690; x_wconf 90' lang='lat' dir='ltr'><strong>Struv.</strong></span> <span class='ocrx_word' id='word_1_263' title='bbox 741 3629 817 3689; x_wconf 92' lang='lat' dir='ltr'><strong>iliud</strong></span> <span class='ocrx_word' id='word_1_264' title='bbox 847 3630 945 3690; x_wconf 84' lang='lat' dir='ltr'><strong>solum</strong></span> <span class='ocrx_word' id='word_1_265' title='bbox 980 3634 1108 3705; x_wconf 80' lang='lat' dir='ltr'><strong>reetum3</strong></span> <span class='ocrx_word' id='word_1_266' title='bbox 1143 3632 1302 3690; x_wconf 86' lang='lat' dir='ltr'><strong>nonenim</strong></span> <span class='ocrx_word' id='word_1_267' title='bbox 1324 3632 1384 3691; x_wconf 85' lang='lat' dir='ltr'><strong>hoo</strong></span> 
     </span>
     <span class='ocr_line' id='line_1_29' title="bbox 178 3737 1382 3813; baseline -0.001 -15"><span class='ocrx_word' id='word_1_268' title='bbox 178 3743 284 3799; x_wconf 82' lang='lat' dir='ltr'><strong>auctor</strong></span> <span class='ocrx_word' id='word_1_269' title='bbox 315 3739 421 3798; x_wconf 79' lang='lat' dir='ltr'><strong>dicere</strong></span> <span class='ocrx_word' id='word_1_270' title='bbox 448 3738 560 3798; x_wconf 89' lang='lat' dir='ltr'><strong>voluit:</strong></span> <span class='ocrx_word' id='word_1_271' title='bbox 600 3737 660 3796; x_wconf 85' lang='lat' dir='ltr'><strong>hoo</strong></span> <span class='ocrx_word' id='word_1_272' title='bbox 680 3754 737 3813; x_wconf 85' lang='lat' dir='ltr'><strong>pro</strong></span> <span class='ocrx_word' id='word_1_273' title='bbox 766 3741 851 3796; x_wconf 82' lang='lat' dir='ltr'><strong>nerto</strong></span> <span class='ocrx_word' id='word_1_274' title='bbox 874 3743 1061 3813; x_wconf 82' lang='lat' dir='ltr'><strong>compertum</strong></span> <span class='ocrx_word' id='word_1_275' title='bbox 1088 3737 1197 3811; x_wconf 83' lang='lat' dir='ltr'><strong>nabeo,</strong></span> <span class='ocrx_word' id='word_1_276' title='bbox 1231 3739 1287 3797; x_wconf 90' lang='lat' dir='ltr'><strong>sod</strong></span> <span class='ocrx_word' id='word_1_277' title='bbox 1317 3755 1382 3798; x_wconf 87' lang='lat' dir='ltr'><strong>oum</strong></span> 
     </span>
     <span class='ocr_line' id='line_1_30' title="bbox 179 3842 1383 3922; baseline 0 -18"><span class='ocrx_word' id='word_1_278' title='bbox 179 3846 307 3921; x_wconf 86' lang='lat' dir='ltr'><strong>quadarn</strong></span> <span class='ocrx_word' id='word_1_279' title='bbox 329 3847 563 3905; x_wconf 82' lang='lat' dir='ltr'><strong>asseveratione</strong></span> <span class='ocrx_word' id='word_1_280' title='bbox 584 3861 671 3904; x_wconf 84' lang='lat' dir='ltr'><strong>suom</strong></span> <span class='ocrx_word' id='word_1_281' title='bbox 693 3842 834 3903; x_wconf 83' lang='lat' dir='ltr'><strong>iudioiunn</strong></span> <span class='ocrx_word' id='word_1_282' title='bbox 859 3843 1024 3903; x_wconf 88' lang='lat' dir='ltr'><strong>oontirmat.</strong></span> <span class='ocrx_word' id='word_1_283' title='bbox 1063 3843 1116 3902; x_wconf 91' lang='lat' dir='ltr'><strong>aiii</strong></span> <span class='ocrx_word' id='word_1_284' title='bbox 1147 3845 1331 3922; x_wconf 88' lang='lat' dir='ltr'><strong>interpretes</strong></span> <span class='ocrx_word' id='word_1_285' title='bbox 1353 3845 1383 3904; x_wconf 94' lang='lat' dir='ltr'><strong>in</strong></span> 
     </span>
     <span class='ocr_line' id='line_1_31' title="bbox 179 3949 1381 4028; baseline 0.001 -18"><span class='ocrx_word' id='word_1_286' title='bbox 179 3953 278 4010; x_wconf 90' lang='lat' dir='ltr'><strong>omnia</strong></span> <span class='ocrx_word' id='word_1_287' title='bbox 305 3951 365 4010; x_wconf 86' lang='lat' dir='ltr'><strong>alia</strong></span> <span class='ocrx_word' id='word_1_288' title='bbox 392 3953 541 4011; x_wconf 86' lang='lat' dir='ltr'><strong>abierunt.</strong></span> <span class='ocrx_word' id='word_1_289' title='bbox 573 3967 692 4028; x_wconf 82' lang='lat' dir='ltr'><strong>eumque</strong></span> <span class='ocrx_word' id='word_1_290' title='bbox 717 3951 890 4009; x_wconf 84' lang='lat' dir='ltr'><strong>modestiam.</strong></span> <span class='ocrx_word' id='word_1_291' title='bbox 924 3949 1063 4027; x_wconf 79' lang='lat' dir='ltr'><strong>copulam</strong></span> <span class='ocrx_word' id='word_1_292' title='bbox 1090 3968 1145 4027; x_wconf 80' lang='lat' dir='ltr'><strong>qno</strong></span> <span class='ocrx_word' id='word_1_293' title='bbox 1173 3954 1287 4011; x_wconf 88' lang='lat' dir='ltr'><strong>tanturn</strong></span> <span class='ocrx_word' id='word_1_294' title='bbox 1308 3952 1381 4012; x_wconf 85' lang='lat' dir='ltr'><strong>libri</strong></span> 
     </span>
     <span class='ocr_line' id='line_1_32' title="bbox 179 4051 1383 4132; baseline 0.002 -16"><span class='ocrx_word' id='word_1_295' title='bbox 179 4057 336 4118; x_wconf 80' lang='lat' dir='ltr'><strong>interioris</strong></span> <span class='ocrx_word' id='word_1_296' title='bbox 358 4057 476 4116; x_wconf 84' lang='lat' dir='ltr'><strong>ordinis</strong></span> <span class='ocrx_word' id='word_1_297' title='bbox 498 4051 646 4116; x_wconf 89' lang='lat' dir='ltr'><strong>omittunt.</strong></span> <span class='ocrx_word' id='word_1_298' title='bbox 684 4057 747 4124; x_wconf 82' lang='lat' dir='ltr'><strong>Qua</strong></span> <span class='ocrx_word' id='word_1_299' title='bbox 769 4057 890 4132; x_wconf 87' lang='lat' dir='ltr'><strong>quidem</strong></span> <span class='ocrx_word' id='word_1_300' title='bbox 909 4057 1014 4116; x_wconf 88' lang='lat' dir='ltr'><strong>addita</strong></span> <span class='ocrx_word' id='word_1_301' title='bbox 1034 4075 1103 4116; x_wconf 90' lang='lat' dir='ltr'><strong>uum</strong></span> <span class='ocrx_word' id='word_1_302' title='bbox 1125 4057 1223 4116; x_wconf 89' lang='lat' dir='ltr'><strong>omnis</strong></span> <span class='ocrx_word' id='word_1_303' title='bbox 1246 4059 1293 4117; x_wconf 90' lang='lat' dir='ltr'><strong>vis</strong></span> <span class='ocrx_word' id='word_1_304' title='bbox 1309 4075 1383 4118; x_wconf 90' lang='lat' dir='ltr'><strong>ora-</strong></span> 
     </span>
     <span class='ocr_line' id='line_1_33' title="bbox 177 4163 1382 4241; baseline 0 -17"><span class='ocrx_word' id='word_1_305' title='bbox 177 4165 271 4224; x_wconf 89' lang='lat' dir='ltr'><strong>tionis</strong></span> <span class='ocrx_word' id='word_1_306' title='bbox 293 4172 410 4241; x_wconf 84' lang='lat' dir='ltr'><strong>poreat,</strong></span> <span class='ocrx_word' id='word_1_307' title='bbox 433 4167 464 4225; x_wconf 92' lang='lat' dir='ltr'><strong>ut</strong></span> <span class='ocrx_word' id='word_1_308' title='bbox 484 4163 639 4224; x_wconf 90' lang='lat' dir='ltr'><strong>nonnullis</strong></span> <span class='ocrx_word' id='word_1_309' title='bbox 661 4163 792 4238; x_wconf 87' lang='lat' dir='ltr'><strong>videtur,</strong></span> <span class='ocrx_word' id='word_1_310' title='bbox 813 4163 885 4222; x_wconf 87' lang='lat' dir='ltr'><strong>aliis</strong></span> <span class='ocrx_word' id='word_1_311' title='bbox 911 4163 1103 4223; x_wconf 79' lang='lat' dir='ltr'><strong>iudicandum</strong></span> <span class='ocrx_word' id='word_1_312' title='bbox 1125 4163 1273 4239; x_wconf 88' lang='lat' dir='ltr'><strong>relinquo.</strong></span> <span class='ocrx_word' id='word_1_313' title='bbox 1304 4166 1382 4224; x_wconf 89' lang='lat' dir='ltr'><strong>satis</strong></span> 
     </span>
     <span class='ocr_line' id='line_1_34' title="bbox 178 4270 1383 4349; baseline 0.001 -19"><span class='ocrx_word' id='word_1_314' title='bbox 178 4272 336 4330; x_wconf 79' lang='lat' dir='ltr'><strong>commodo</strong></span> <span class='ocrx_word' id='word_1_315' title='bbox 358 4288 413 4349; x_wconf 80' lang='lat' dir='ltr'><strong>qne</strong></span> <span class='ocrx_word' id='word_1_316' title='bbox 434 4271 532 4330; x_wconf 91' lang='lat' dir='ltr'><strong>omitti</strong></span> <span class='ocrx_word' id='word_1_317' title='bbox 555 4270 662 4347; x_wconf 83' lang='lat' dir='ltr'><strong>potuit,</strong></span> <span class='ocrx_word' id='word_1_318' title='bbox 691 4271 717 4328; x_wconf 91' lang='lat' dir='ltr'><strong>si</strong></span> <span class='ocrx_word' id='word_1_319' title='bbox 745 4271 830 4329; x_wconf 89' lang='lat' dir='ltr'><strong>notio</strong></span> <span class='ocrx_word' id='word_1_320' title='bbox 852 4287 931 4330; x_wconf 89' lang='lat' dir='ltr'><strong>nova</strong></span> <span class='ocrx_word' id='word_1_321' title='bbox 955 4271 1075 4330; x_wconf 84' lang='lat' dir='ltr'><strong>adiecta</strong></span> <span class='ocrx_word' id='word_1_322' title='bbox 1104 4275 1197 4344; x_wconf 85' lang='lat' dir='ltr'><strong>esset,</strong></span> <span class='ocrx_word' id='word_1_323' title='bbox 1232 4270 1288 4330; x_wconf 88' lang='lat' dir='ltr'><strong>sod</strong></span> <span class='ocrx_word' id='word_1_324' title='bbox 1317 4287 1383 4331; x_wconf 86' lang='lat' dir='ltr'><strong>oum</strong></span> 
     </span>
     <span class='ocr_line' id='line_1_35' title="bbox 177 4377 1382 4454; baseline -0.002 -16"><span class='ocrx_word' id='word_1_325' title='bbox 177 4379 316 4438; x_wconf 80' lang='lat' dir='ltr'><strong>modestia</strong></span> <span class='ocrx_word' id='word_1_326' title='bbox 336 4381 450 4437; x_wconf 87' lang='lat' dir='ltr'><strong>tantum</strong></span> <span class='ocrx_word' id='word_1_327' title='bbox 473 4377 608 4436; x_wconf 88' lang='lat' dir='ltr'><strong>additum</strong></span> <span class='ocrx_word' id='word_1_328' title='bbox 630 4377 672 4436; x_wconf 89' lang='lat' dir='ltr'><strong>sit</strong></span> <span class='ocrx_word' id='word_1_329' title='bbox 691 4378 730 4435; x_wconf 91' lang='lat' dir='ltr'><strong>ad</strong></span> <span class='ocrx_word' id='word_1_330' title='bbox 752 4377 857 4452; x_wconf 84' lang='lat' dir='ltr'><strong>priora</strong></span> <span class='ocrx_word' id='word_1_331' title='bbox 879 4377 1070 4454; x_wconf 79' lang='lat' dir='ltr'><strong>explicanda,</strong></span> <span class='ocrx_word' id='word_1_332' title='bbox 1093 4379 1192 4436; x_wconf 88' lang='lat' dir='ltr'><strong>iocum</strong></span> <span class='ocrx_word' id='word_1_333' title='bbox 1211 4395 1297 4437; x_wconf 91' lang='lat' dir='ltr'><strong>suom</strong></span> <span class='ocrx_word' id='word_1_334' title='bbox 1312 4383 1382 4437; x_wconf 84' lang='lat' dir='ltr'><strong>tue·</strong></span> 
     </span>
     <span class='ocr_line' id='line_1_36' title="bbox 178 4481 1383 4562; baseline -0.002 -18"><span class='ocrx_word' id='word_1_335' title='bbox 178 4491 227 4544; x_wconf 89' lang='lat' dir='ltr'><strong>tur</strong></span> <span class='ocrx_word' id='word_1_336' title='bbox 239 4485 397 4562; x_wconf 76' lang='lat' dir='ltr'><strong>particula.</strong></span> <span class='ocrx_word' id='word_1_337' title='bbox 422 4487 481 4544; x_wconf 74' lang='lat' dir='ltr'><strong>sim</strong></span> <span class='ocrx_word' id='word_1_338' title='bbox 498 4487 528 4541; x_wconf 85' lang='lat' dir='ltr'><strong>in</strong></span> <span class='ocrx_word' id='word_1_339' title='bbox 550 4486 639 4542; x_wconf 82' lang='lat' dir='ltr'><strong>armis</strong></span> <span class='ocrx_word' id='word_1_340' title='bbox 660 4481 730 4541; x_wconf 86' lang='lat' dir='ltr'><strong>Bas.</strong></span> <span class='ocrx_word' id='word_1_341' title='bbox 751 4485 782 4540; x_wconf 86' lang='lat' dir='ltr'><strong>in</strong></span> <span class='ocrx_word' id='word_1_342' title='bbox 803 4488 893 4542; x_wconf 83' lang='lat' dir='ltr'><strong>armis</strong></span> <span class='ocrx_word' id='word_1_343' title='bbox 917 4487 976 4542; x_wconf 79' lang='lat' dir='ltr'><strong>sint</strong></span> <span class='ocrx_word' id='word_1_344' title='bbox 996 4484 1063 4543; x_wconf 92' lang='lat' dir='ltr'><strong>Vat.</strong></span> <span class='ocrx_word' id='word_1_345' title='bbox 1085 4484 1161 4544; x_wconf 91' lang='lat' dir='ltr'><strong>iliud</strong></span> <span class='ocrx_word' id='word_1_346' title='bbox 1187 4485 1383 4560; x_wconf 87' lang='lat' dir='ltr'><strong>adverbum,</strong></span> 
     </span>
     <span class='ocr_line' id='line_1_37' title="bbox 179 4589 1383 4678; baseline -0.002 -28"><span class='ocrx_word' id='word_1_347' title='bbox 179 4594 209 4652; x_wconf 92' lang='lat' dir='ltr'><strong>iu</strong></span> <span class='ocrx_word' id='word_1_348' title='bbox 232 4609 293 4667; x_wconf 92' lang='lat' dir='ltr'><strong>quo</strong></span> <span class='ocrx_word' id='word_1_349' title='bbox 314 4592 363 4650; x_wconf 89' lang='lat' dir='ltr'><strong>vis</strong></span> <span class='ocrx_word' id='word_1_350' title='bbox 384 4591 545 4650; x_wconf 75' lang='lat' dir='ltr'><strong>sententiaa</strong></span> <span class='ocrx_word' id='word_1_351' title='bbox 567 4589 669 4678; x_wconf 76' lang='lat' dir='ltr'><strong>posita</strong></span> <span class='ocrx_word' id='word_1_352' title='bbox 691 4598 747 4651; x_wconf 86' lang='lat' dir='ltr'><strong>ost.</strong></span> <span class='ocrx_word' id='word_1_353' title='bbox 778 4590 945 4650; x_wconf 78' lang='lat' dir='ltr'><strong>acuendum</strong></span> <span class='ocrx_word' id='word_1_354' title='bbox 974 4591 1067 4650; x_wconf 88' lang='lat' dir='ltr'><strong>multo</strong></span> <span class='ocrx_word' id='word_1_355' title='bbox 1092 4590 1162 4667; x_wconf 86' lang='lat' dir='ltr'><strong>plus</strong></span> <span class='ocrx_word' id='word_1_356' title='bbox 1184 4589 1267 4650; x_wconf 83' lang='lat' dir='ltr'><strong>iacit.</strong></span> <span class='ocrx_word' id='word_1_357' title='bbox 1306 4590 1383 4649; x_wconf 86' lang='lat' dir='ltr'><strong>Pos-</strong></span> 
     </span>
     <span class='ocr_line' id='line_1_38' title="bbox 178 4696 1383 4774; baseline -0.003 -16"><span class='ocrx_word' id='word_1_358' title='bbox 178 4715 497 4774; x_wconf 69' lang='lat' dir='ltr'><strong>moronensem</strong></span> <span class='ocrx_word' id='word_1_359' title='bbox 524 4697 659 4757; x_wconf 82' lang='lat' dir='ltr'><strong>nonnulii</strong></span> <span class='ocrx_word' id='word_1_360' title='bbox 682 4696 795 4770; x_wconf 82' lang='lat' dir='ltr'><strong>tegunt,</strong></span> <span class='ocrx_word' id='word_1_361' title='bbox 830 4696 1016 4755; x_wconf 84' lang='lat' dir='ltr'><strong>auctoritate</strong></span> <span class='ocrx_word' id='word_1_362' title='bbox 1047 4697 1115 4755; x_wconf 85' lang='lat' dir='ltr'><strong>uod.</strong></span> <span class='ocrx_word' id='word_1_363' title='bbox 1154 4697 1328 4756; x_wconf 80' lang='lat' dir='ltr'><strong>Turioensis</strong></span> <span class='ocrx_word' id='word_1_364' title='bbox 1353 4696 1383 4754; x_wconf 92' lang='lat' dir='ltr'><strong>in</strong></span> 
     </span>
    </p>
   </div>
   <div class='ocr_carea' id='block_1_3' title="bbox 0 0 1798 5602">
    <p class='ocr_par' dir='ltr' id='par_1_3' title="bbox 0 0 1798 5602">
     <span class='ocr_line' id='line_1_39' title="bbox 0 0 1798 5602; baseline 0 0"><span class='ocrx_word' id='word_1_365' title='bbox 0 0 1798 5602; x_wconf 95' lang='lat' dir='ltr'><strong> </strong></span> 
     </span>
    </p>
   </div>
  </div>
 </body>
</html>
