3610 5592
473 687 519 758 38

472 888 603 972 fnisset,
635 911 701 959 non
728 910 769 959 ea
793 887 931 959 consilia
956 887 997 958 de
1021 910 1059 958 re
1085 887 1217 982 publica
1242 887 1445 960 habuissent.
1495 891 1671 972 Postremo,

471 1023 580 1107 patres
605 1010 795 1105 conscripti,
821 1011 849 1081 si
875 1011 1043 1081 mehercle
1073 1022 1208 1103 peccato
1233 1013 1326 1083 locus
1351 1023 1453 1095 esset,
1492 1013 1589 1083 facilc
1613 1035 1673 1106 pa-

471 1149 577 1220 terer,
611 1117 679 1209 vos'
702 1139 775 1232 ipsa
799 1161 836 1208 rc
861 1139 1003 1230 corrigi,
1043 1139 1200 1232 quomam
1225 1138 1326 1209 verba
1351 1137 1578 1218 contemnitis;
1616 1139 1672 1207 scd

471 1261 619 1356 undique
652 1261 866 1333 circumventi
901 1283 1025 1333 sumus.
1076 1261 1218 1332 Catilina
1251 1285 1328 1333 cnm
1354 1261 1500 1332 exerdtu
1525 1261 1673 1333 faucibus

472 1397 586 1478 urget:
612 1386 670 1456 alii
687 1385 772 1456 intra
788 1385 911 1457 moenia
938 1396 1036 1480 atque
1063 1385 1097 1454 in
1114 1386 1189 1456 sinn
1207 1386 1297 1456 urbis
1323 1396 1398 1457 sunt
1414 1385 1537 1456 hostes:
1563 1408 1672 1481 neque

470 1509 581 1605 parari
605 1533 716 1604 neque
741 1509 869 1580 consuli
892 1509 1072 1603 quicquam
1088 1518 1194 1602 potest
1209 1509 1357 1589 occulto;
1382 1531 1449 1603 quo
1465 1509 1571 1601 magis
1595 1533 1673 1602 pro-

470 1635 655 1728 perandum
680 1644 738 1705 est.
790 1634 903 1718 Quare
938 1634 982 1703 ita
1008 1654 1071 1726 ego
1100 1655 1235 1703 censeo:
1274 1655 1350 1703 eum
1383 1633 1510 1704 nefario
1535 1633 1673 1704 consilio

471 1759 707 1829 sceleratorum
733 1758 855 1829 civium
880 1781 934 1829 res
958 1759 1092 1852 publica
1116 1757 1150 1826 in
1177 1781 1334 1829 maxuma
1356 1759 1506 1851 pericula
1527 1757 1671 1839 venerit,

471 1880 573 1974 hique
599 1880 720 1951 indicio
750 1881 814 1953 Titi
839 1881 1000 1952 Volturcii
1024 1891 1055 1951 et
1079 1881 1264 1973 legatorum
1288 1880 1507 1972 Allobrogum
1534 1879 1673 1950 convicti

471 2003 678 2098 confessique
712 2004 793 2086 sint,
834 2005 975 2088 caedem,
1011 2003 1178 2084 incendia,
1209 2004 1341 2097 aliaque
1373 2025 1408 2074 se
1444 2003 1532 2075 toda
1574 2013 1673 2096 atquc

470 2126 618 2198 crudelia
642 2129 790 2199 facinora
815 2127 848 2199 in
883 2130 969 2199 cives
993 2129 1201 2223 patriamqne
1226 2127 1407 2221 paravisse,
1440 2128 1480 2199 dc
1506 2128 1673 2210 confessis,

470 2250 566 2322 sicuti
600 2251 641 2323 dc
666 2253 849 2324 manifestis
873 2277 986 2323 rerum
1018 2253 1209 2347 capitalium
1239 2275 1332 2324 more
1358 2252 1521 2323 maiorum
1546 2252 1675 2345 snppli-

470 2375 560 2446 cium
584 2378 816 2449 sumendum.»

543 2523 613 2572 arn.
664 2503 840 2597 Postquam
866 2502 948 2573 Cato
979 2502 1123 2584 adsedit,
1158 2503 1346 2572 consulares
1379 2523 1494 2572 omnes
1528 2500 1675 2594 itemque

470 2635 602 2695 senatus
636 2646 757 2716 magna
785 2647 861 2716 pars
887 2627 1082 2697 sententiam
1109 2626 1180 2696 eius
1205 2625 1357 2708 laudant,
1392 2625 1545 2696 vinalem
1571 2625 1674 2695 animi

470 2747 512 2818 ad
538 2749 656 2819 calum
682 2750 809 2832 ferunt,
844 2750 901 2820 alii
927 2751 1009 2822 alios
1035 2751 1242 2843 increpantes
1266 2749 1399 2820 timidos
1427 2758 1559 2829 vocant;
1594 2749 1675 2820 Cato

470 2873 578 2943 clarus
604 2883 702 2967 atquc
726 2895 867 2965 magnus
892 2874 1048 2955 babctnr;
1074 2885 1204 2946 senatus
1230 2874 1399 2945 decretum
1424 2872 1478 2956 lit,
1506 2873 1591 2942 sicut
1617 2873 1674 2942 illc

470 3007 654 3066 censuerat.
693 2997 758 3068 Sed
775 2997 878 3068 multa
894 2997 979 3068 mibi
995 2998 1134 3090 legenti,
1161 2999 1264 3068 multa
1277 2997 1439 3081 audienti,
1466 3017 1541 3089 qnae
1566 3019 1676 3090 popu-

469 3120 522 3190 lns
539 3120 707 3191 Romanus
732 3121 822 3191 domi
838 3123 1051 3215 militiaque,
1075 3123 1161 3192 mari
1186 3133 1284 3214 atqua
1300 3133 1387 3192 terra
1404 3121 1564 3215 praeclara
1590 3121 1676 3190 faci-

469 3265 551 3314 nora
585 3244 681 3328 fecit,
719 3245 802 3315 forte
827 3245 934 3315 lubuit
970 3246 1166 3328 adtendere,
1200 3267 1275 3340 quae
1308 3267 1362 3314 rcs
1392 3265 1549 3315 maxume
1583 3255 1676 3314 tanta

470 3371 605 3462 negotia
630 3369 846 3440 sustinuisset.
885 3369 1036 3440 Sciebam
1067 3393 1316 3464 saepenumero
1343 3391 1445 3463 parva
1469 3391 1571 3440 manu
1597 3391 1675 3438 cnm

469 3495 601 3588 magnis
634 3493 820 3585 legionibus
854 3493 998 3565 bostium
1037 3493 1279 3576 contendisse;·
1305 3515 1524 3586 cognoveram
1563 3493 1676 3586 parvis

469 3617 573 3712 copiis
597 3618 789 3710 bellagesta
807 3639 882 3688 cum
897 3617 1061 3711 opulentis
1087 3618 1240 3710 regibus;
1266 3618 1308 3689 ad
1334 3618 1396 3688 boc
1421 3639 1508 3710 saepe
1534 3618 1675 3686 torinna

469 3741 660 3814 violentiam
693 3741 902 3812 toleravisse:
937 3742 1091 3813 facundia
1126 3743 1276 3822 Graecos,
1311 3739 1418 3834 gloria
1449 3740 1529 3810 balli
1561 3740 1677 3812 Gallos

470 3876 544 3936 ante
569 3870 736 3937 Romanos
763 3866 873 3936 fnisse.
910 3868 960 3937 Ac
985 3865 1068 3936 mibi
1086 3867 1190 3936 multa
1215 3865 1351 3957 agitanti
1378 3865 1562 3944 constabat,
1589 3887 1677 3958 pan-

469 4013 584 4060 corum
611 3988 733 4061 civium
759 3989 929 4081 egregiam
948 3989 1102 4060 virtutem
1127 3999 1244 4060 cuneta
1268 3989 1446 4083 punivisse
1471 4010 1579 4080 eoque
1603 3989 1677 4059 fac·

468 4123 556 4195 mm,
586 4113 635 4184 uti
669 4109 797 4184 divitias
821 4123 1011 4205 paupertas,
1049 4111 1292 4183 multitudinem
1317 4112 1464 4205 pancitas
1489 4123 1674 4204 superaret.

470 4237 534 4307 Sed
558 4247 732 4330 postquam
757 4236 840 4306 luxu
865 4247 963 4328 atque
988 4235 1113 4306 desidia
1138 4235 1252 4305 civitas
1277 4244 1430 4328 corrupta
1456 4243 1522 4317 est,
1557 4255 1676 4306 rursus

467 4361 679 4454 respublica
703 4359 930 4451 magnitudine
954 4379 1012 4429 sua
1038 4357 1272 4452 imperatorum
1297 4368 1396 4451 atque
1419 4358 1675 4450 magistratuum

467 4481 546 4556 vitia
571 4483 788 4564 sustentabat;
814 4505 868 4563 ac,
895 4481 991 4551 sicuti
1017 4475 1112 4552 clieta
1136 4493 1331 4574 parentum,
1356 4481 1468 4552 multis
1493 4491 1676 4575 tempesta-

467 4607 554 4680 tibus
578 4607 668 4678 baud
701 4627 780 4677 sane
812 4605 986 4700 quisquam
1012 4608 1126 4676 Romae
1157 4607 1275 4676 virtute
1308 4627 1449 4699 magnus
1484 4607 1555 4676 fnit.
1608 4605 1674 4676 Sed

468 4731 628 4802 memoria
654 4753 727 4802 mea
753 4731 877 4823 ingenti
903 4730 1037 4810 virtute,
1064 4729 1202 4801 divorsis
1219 4730 1366 4802 moribus
1392 4732 1485 4801 fiere
1502 4731 1565 4801 viri
1592 4731 1673 4811 dno,
