3610 5592
1313 677 1359 747 53

153 871 181 940 si
218 870 301 941 boni
326 871 434 952 eritis;
466 871 518 940 sin
545 869 640 955 mali,
676 871 880 942 inbecillum.
932 875 1015 943 Nam
1050 875 1225 945 concordia
1250 898 1360 967 parvae

152 1016 205 1063 res
239 1005 409 1075 crescunt,
444 993 609 1064 discordia
642 1017 808 1065 manuum
843 995 1044 1067 dilabuntur.
1096 998 1249 1069 Ceterum
1285 1010 1360 1070 ante

152 1117 213 1187 bos
240 1129 293 1199 te,
325 1117 503 1209 Iugurtha,
538 1118 596 1207 qni
621 1128 716 1187 aetate
742 1129 774 1187 et
803 1118 965 1211 sapientia
989 1119 1081 1212 prior
1106 1143 1161 1203 es,
1195 1145 1237 1191 ne
1263 1123 1361 1193 aliter

150 1243 232 1336 quid
257 1244 406 1324 eveniat,
432 1242 606 1336 providere
632 1242 735 1313 decet.
786 1247 871 1315 Nam
898 1245 931 1313 in
959 1245 1049 1316 omni
1075 1247 1274 1329 certamine,
1301 1249 1358 1339 qui

150 1368 341 1460 opulentior
375 1379 441 1449 est,
476 1367 575 1438 etiam
604 1368 631 1437 si
666 1368 785 1461 accipit
818 1369 992 1451 iniuriam,
1029 1381 1137 1441 tamen
1172 1372 1251 1465 quia
1284 1374 1358 1466 plus

151 1503 277 1584 potest,
315 1495 426 1563 lacere
460 1493 597 1565 videtur.
647 1496 714 1564 Vos
746 1505 873 1578 autem,
911 1495 1080 1567 Adherbal
1110 1507 1141 1566 et
1172 1497 1357 1592 Hiempsal,

150 1621 267 1702 colite,
302 1621 472 1690 observate
506 1622 604 1691 talem
630 1621 719 1692 bunc
745 1623 868 1706 virum,
908 1623 1084 1693 imitamini
1115 1625 1286 1703 virtutem,
1326 1635 1358 1693 et

150 1743 336 1826 enitimini,
375 1766 417 1812 ne
455 1766 518 1836 ego
552 1745 706 1816 meliores
742 1746 865 1816 liberos
899 1747 1075 1840 sumpsisse
1109 1746 1223 1818 videar
1257 1771 1356 1840 quam

149 1871 338 1960 genuisse.»

222 2016 273 2064 xl.
323 1994 376 2065 Ad
401 2016 441 2064 ea
473 1995 653 2086 lugurtba,
692 1997 820 2065 tametsi
845 2019 958 2088 regern
985 1998 1058 2067 licta
1085 1999 1230 2069 locutum
1256 1999 1356 2069 intel-

149 2117 284 2207 legebat
311 2128 345 2187 et
369 2119 439 2210 ipse
476 2119 573 2209 longe
599 2119 695 2189 aliter
720 2118 831 2188 animo
856 2119 1020 2210 agitabat,
1047 2130 1157 2189 tanmn
1183 2145 1244 2214 pro
1269 2133 1355 2192 tem-

148 2264 229 2333 pore
254 2241 401 2333 benigne
426 2240 604 2335 respondit.
653 2242 792 2334 Micipsa
824 2243 937 2334 paucis
970 2254 1041 2335 post
1065 2244 1180 2315 diebus
1205 2247 1353 2316 moritur.

149 2365 327 2455 Postquam
352 2364 401 2434 illi
426 2387 518 2435 more
544 2364 637 2456 regio
663 2363 747 2435 iusta
781 2365 957 2457 magnifice
989 2367 1151 2450 fecerant,
1186 2371 1293 2462 reguli
1319 2371 1354 2440 in

148 2511 252 2556 unum
279 2497 520 2569 convenerunt,
546 2497 582 2556 ut
606 2487 692 2558 inter
716 2511 753 2557 se
770 2489 810 2558 de
823 2490 948 2559 cunctis
965 2490 1106 2580 negotiis
1123 2490 1352 2585 disceptarent.

148 2613 213 2684 Sed
230 2613 419 2706 Hiempsal,
445 2613 503 2706 qni
529 2613 694 2684 minumus
719 2637 761 2684 ex
786 2615 953 2699 illiserat,
982 2625 1100 2686 natura
1119 2617 1213 2687 ferox
1238 2628 1270 2688 et
1288 2617 1353 2687 iarn

148 2747 222 2806 ante
249 2737 489 2830 ignobilitatem
514 2739 681 2830 lugurtbae
707 2732 799 2832 (quia
824 2751 973 2810 materno
992 2763 1114 2832 genere
1140 2743 1247 2835 impar
1272 2737 1353 2833 erat)

148 2859 333 2954 despiciens
366 2913 376 2944 ,
401 2861 517 2932 dextra
541 2861 767 2934 Adherbalem
786 2864 921 2947 assedit,
955 2887 998 2933 ne
1024 2864 1153 2934 medius
1177 2866 1351 2948 extribus,

148 2985 235 3076 quod
269 2984 358 3078 apud
388 2986 547 3057 Numidas
579 2986 697 3057 honori
732 2987 881 3070 ducitur,
921 2989 1082 3080 lugurtba
1116 2990 1212 3060 foret.
1264 2990 1351 3060 Dein

147 3119 278 3191 tamen,
304 3119 341 3179 ut
365 3110 451 3180 aetati
477 3110 689 3193 concederet,
715 3111 868 3203 fatigatus
895 3135 915 3181 a
940 3113 1058 3194 fratre,
1083 3113 1141 3182 vix
1166 3113 1200 3182 in
1224 3124 1352 3207 partem

146 3233 285 3302 alteram
310 3232 517 3304 transductus
543 3244 600 3304 est.
639 3234 690 3304 lbi
707 3257 782 3304 cum
808 3236 912 3306 multa
937 3235 978 3304 de
1003 3235 1261 3306 administrando
1287 3236 1351 3306 im-

146 3357 239 3449 perio
277 3356 492 3440 dissererent,
544 3357 703 3450 lugurtba
745 3360 829 3430 inter
866 3360 947 3430 alias
984 3383 1037 3430 res
1073 3359 1162 3430 iacit:
1197 3369 1349 3453 oportere

147 3483 369 3576 quinquennii
395 3485 543 3555 consulta
568 3498 603 3555 et
626 3484 759 3556 decreta
784 3485 897 3556 omnia
921 3487 1082 3568 rescindi,
1116 3509 1194 3558 nam
1226 3509 1284 3579 per
1310 3509 1348 3556 ea

146 3617 296 3700 tempora
312 3606 498 3678 conlectum
516 3607 610 3677 annis
625 3609 797 3702 ldieipsam
814 3632 931 3702 parum
949 3609 1060 3680 animo
1077 3611 1230 3682 valuisse.
1264 3613 1349 3682 Tum

146 3730 235 3800 idem
261 3731 437 3824 Hiempsal
472 3733 604 3824 placere
635 3732 699 3804 sibi
722 3733 908 3827 respondit;
942 3757 1021 3805 nam
1047 3736 1155 3827 ipsum
1180 3737 1273 3806 illum
1300 3735 1351 3804 bis

146 3855 249 3926 tribus
274 3855 447 3948 proxumis
472 3856 567 3926 annis
592 3857 800 3949 adoptatione
813 3859 1000 3950 inregnum
1013 3861 1213 3952 pervenisse.
1253 3861 1350 3945 Quod

145 3982 283 4051 verbum
309 3982 345 4050 in
370 3993 484 4075 pectus
500 3982 670 4074 Iugurthae
688 3984 808 4069 altius,
836 3954 935 4076 quam
953 3986 1130 4078 quisquam
1154 3997 1243 4057 ratus
1269 3997 1349 4070 erat,

145 4103 325 4174 descendit.
377 4107 491 4198 ltaque
517 4128 559 4175 ex
593 4128 632 4176 eo
658 4117 804 4200 tempore
839 4108 889 4177 ira
914 4118 946 4176 et
971 4118 1060 4178 metu
1086 4109 1204 4179 anxius
1228 4110 1349 4190 moliri,

144 4253 281 4322 parare,
308 4241 407 4324 atque
433 4255 472 4303 ea
497 4231 597 4302 modo
622 4255 698 4303 eum
723 4232 834 4302 animo
865 4232 1006 4314 babere,
1034 4234 1152 4326 quibus
1178 4234 1349 4326 Hiempsal

143 4377 204 4447 per
229 4355 343 4424 dolum
369 4366 553 4446 caperetur.
596 4355 679 4439 Quae
705 4355 762 4426 ubi
789 4354 912 4426 tardius
925 4357 1106 4448 procedunt
1130 4379 1238 4448 neque
1264 4355 1349 4426 leni-

143 4489 198 4548 tur
221 4479 352 4548 animus
378 4479 487 4563 lerox,
513 4479 625 4550 statuit
649 4481 764 4572 quovis
790 4481 888 4551 modo
913 4481 1080 4575 inceptum
1104 4480 1273 4574 perficere.

219 4625 281 4674 xn.
333 4603 443 4673 Primo
461 4613 635 4687 conventu,
655 4628 753 4696 quem
772 4605 814 4676 ab
827 4606 952 4698 regulis
970 4606 1092 4677 lactum
1109 4627 1208 4698 supra
1220 4628 1349 4676 memo-

143 4728 233 4810 ravi,
259 4739 393 4821 propter
418 4728 656 4800 dissensionem
682 4731 852 4824 placuerat
877 4730 979 4801 dividi
1004 4730 1174 4803 tbesauros
1200 4729 1348 4823 finesque
