3702 5600
460 629 531 698 480

459 824 588 902 piendae,
610 825 671 884 nisi
692 824 859 884 Vaticanus
881 825 1066 884 auctoritate
1084 823 1252 884 Basiliensi
1274 823 1410 884 cederet.
1431 825 1548 884 mamm
1565 826 1670 884 latoria

459 931 541 990 idem
561 931 631 989 Vat.
661 935 747 989 certo
770 930 901 1006 quodam
923 929 1086 1007 elegantiae
1108 931 1221 1000 studio,
1244 930 1327 1005 quod
1350 932 1389 991 ab
1410 932 1470 990 lroc
1489 933 1562 991 loeo
1582 933 1670 1009 plane

459 1038 590 1097 alienum
605 1039 663 1096 est.
685 1036 775 1096 idem‘
788 1037 879 1115 paulo
901 1037 980 1095 intra
1000 1041 1180 1114 propinquos
1198 1044 1319 1111 ceteros,
1341 1039 1429 1098 aliem
1451 1045 1483 1098 et
1504 1055 1671 1116 pronomen

458 1161 538 1204 meos
568 1146 670 1204 omisit
697 1146 787 1204 idem.
822 1145 878 1205 cti.
910 1162 1020 1222 supra:
1058 1145 1157 1204 liberis
1190 1149 1330 1223 repetique
1359 1153 1416 1206 etc.
1444 1151 1544 1206 anime
1572 1155 1617 1206 eat
1637 1181 1670 1190 -

459 1257 544 1328 alpia
565 1251 642 1311 luctu
659 1252 811 1312 lectiones
834 1251 1001 1327 Vaticana,
1022 1252 1200 1311 testimonio
1223 1255 1301 1328 sunt,
1321 1253 1402 1313 hanc
1421 1255 1533 1312 librum
1551 1253 1672 1312 etiamsi

458 1358 594 1434 vestigia
623 1358 815 1433 antiquitatis
842 1358 983 1431 retineat,
1010 1362 1111 1417 tamen
1137 1359 1235 1418 miuus
1262 1367 1405 1418 accurate
1427 1361 1575 1436 scriptum
1602 1377 1670 1419 esse

459 1481 548 1539 uuam
570 1463 782 1523 Basiliensem.
813 1463 990 1540 ecfodere
1015 1463 1086 1523 Bas.
1118 1481 1175 1524 neu
1193 1466 1255 1542 soed
1294 1466 1361 1524 Vat.
1393 1464 1493 1525 Etiam
1520 1466 1581 1525 troc
1603 1465 1669 1524 luco

459 1569 530 1629 Bas.
554 1572 623 1648 plus
644 1570 848 1630 tribuendum.
881 1569 942 1638 sed
965 1570 993 1629 in
1016 1571 1224 1646 sequentibus,
1253 1589 1290 1628 ne
1312 1571 1390 1640 (nm)
1414 1571 1470 1644 ille,
1497 1573 1579 1646 quod
1607 1589 1669 1632 eum

459 1676 528 1737 Vat.
550 1676 618 1736 Par.
639 1683 671 1736 et
684 1676 768 1736 Eius.
784 1676 934 1751 defendit,
957 1695 976 1736 a
997 1676 1115 1735 codicis
1138 1675 1323 1736 Basiliensis
1337 1678 1525 1737 auctoritate
1539 1679 1668 1758 receptui,

459 1790 491 1844 ut
512 1784 600 1860 enim,
623 1784 779 1860 quoditie
802 1784 936 1859 exhibet,
959 1800 1042 1842 mera
1066 1785 1280 1860 interpretatio
1303 1783 1432 1843 alterius
1454 1785 1599 1845 lectionis
1615 1790 1669 1845 est

462 1890 536 1950 Sive
557 1891 636 1950 enim
658 1891 803 1950 librarius
824 1908 861 1950 ne
882 1908 939 1967 pro
962 1889 1123 1966 scripturae
1143 1891 1254 1948 mendo
1282 1890 1397 1965 habuit,
1428 1890 1511 1966 quod
1544 1892 1594 1951 vis
1616 1908 1669 1951 ne-

460 1997 565 2073 gativa
586 1997 758 2074 particulae,
795 2014 883 2072 quam
913 1997 993 2055 male
1015 1997 1233 2072 interpretatus
1256 2001 1331 2072 erat,
1362 2013 1429 2056 eum
1452 1999 1533 2056 mala
1555 1999 1669 2074 habuit,

461 2106 537 2180 aive,
567 2109 601 2163 ut
621 2103 816 2163 insolentiam
839 2103 989 2162 orationis
1016 2102 1160 2177 molliret,
1190 2104 1220 2161 in
1242 2103 1309 2162 eius
1331 2105 1420 2162 verbi
1440 2104 1552 2182 locum,
1592 2105 1668 2181 qued

460 2228 604 2272 summam
633 2210 874 2288 indignationem
895 2208 1059 2286 expressit,
1089 2209 1121 2267 id
1143 2209 1311 2284 substituit,
1345 2210 1426 2284 quod
1453 2211 1578 2287 vulgari
1601 2229 1667 2272 aer-

460 2319 542 2378 moni
561 2323 629 2378 erat
647 2315 885 2390 accomodatius,
909 2333 946 2373 ne
966 2316 1069 2390 utique
1089 2314 1312 2392 preferendum
1328 2321 1383 2376 est.
1410 2316 1555 2376 Ceterum
1570 2320 1601 2379 in
1613 2318 1669 2378 tine

460 2425 610 2484 orationis
631 2424 797 2484 Vaticanus
812 2423 927 2482 verba:
944 2439 1001 2497 per
1021 2439 1081 2496 oce,
1100 2439 1155 2497 per
1176 2422 1283 2480 liberm
1303 2430 1388 2501 utque
1399 2431 1539 2499 parentes
1554 2433 1669 2499 emeca,

458 2549 516 2607 per
535 2535 711 2592 maiestatem
728 2531 829 2607 popuii
850 2532 971 2590 Romani
993 2547 1051 2589 non
1074 2532 1230 2608 expressit
1252 2533 1283 2590 et
1305 2531 1451 2591 subuenite
1474 2537 1585 2593 odacro
1607 2535 1670 2593 ruli

459 2638 574 2700 ceteris
597 2637 722 2697 omissis
745 2638 910 2713 coniunxit,
942 2633 1080 2697 ordiudm
1108 2637 1272 2695 verborum
1301 2638 1369 2696 miti
1395 2641 1505 2697 misero
1527 2639 1668 2716 eorrupit

541 2761 566 2804 c.
592 2747 638 2803 15.
673 2745 796 2803 vitiosae
822 2745 982 2820 scripturae
1009 2743 1076 2803 cod.
1104 2742 1174 2802 Bas.
1204 2744 1374 2803 Hiemaulem
1407 2779 1433 2789 —
1449 2745 1618 2805 Nomencioe
1634 2779 1669 2789 -

459 2857 659 2926 comernpncre
676 2883 716 2892 —
731 2851 843 2910 diviciis
859 2883 899 2891 --
911 2853 987 2910 eicie
1009 2851 1066 2910 sed
1088 2852 1117 2910 in
1140 2851 1199 2910 tine
1220 2852 1332 2918 capitis
1351 2869 1408 2929 per
1426 2853 1669 2912 emendationem

459 2958 631 3033 Hiempsalis

542 3081 567 3123 c.
591 3065 638 3122 16.
671 3062 761 3122 Varr.
782 3063 849 3123 cod.
872 3061 942 3122 Bae.
961 3067 1100 3138 pruciam
1118 3095 1157 3104 -
1174 3063 1244 3122 duret
1261 3097 1298 3108 -
1318 3065 1539 3126 liceretuneom
1557 3097 1597 3106 -
1617 3067 1670 3126 sed

460 3175 591 3246 utroque
611 3171 682 3229 leco
703 3173 713 3228 i
735 3175 914 3229 correctum.
937 3173 1088 3246 praeterea
1113 3177 1185 3230 ante
1208 3171 1294 3248 lepcti
1316 3175 1505 3233 numerosi(
1526 3175 1668 3248 omissum

461 3279 517 3339 sed
535 3276 653 3353 aliquid
675 3276 769 3352 spatii
790 3275 941 3336 relictum.
959 3277 1058 3336 eudem
1072 3281 1186 3336 radone
1198 3277 1256 3355 apl.
1274 3281 1330 3352 cie,
1350 3285 1503 3355 proterea
1523 3283 1669 3359 mansere-

460 3385 529 3445 tent
556 3382 626 3442 Bas.
649 3382 731 3457 quod
752 3385 785 3442 ut
805 3383 988 3442 insolentius
1010 3384 1114 3444 reieci.
1145 3385 1275 3461 legimus
1304 3386 1427 3460 quidem
1454 3404 1548 3464 supra
1577 3407 1602 3448 c
1625 3392 1667 3448 m.

457 3507 529 3566 para
559 3493 589 3548 in
619 3506 734 3548 menn
766 3492 832 3564 neti,
858 3489 915 3548 red
940 3491 1107 3550 antecessit
1132 3491 1262 3569 pluralis
1292 3497 1368 3568 cepti
1387 3498 1420 3553 et
1447 3499 1556 3554 mntem
1579 3501 1669 3572 atquc

457 3600 636 3674 propinquos
665 3600 966 3656 commemoraverat.
1009 3596 1166 3657 Praeterea
1191 3615 1266 3674 pare
1295 3616 1362 3658 eum
1391 3600 1504 3676 plurali
1527 3603 1668 3680 iungitur,

461 3723 527 3764 cum
550 3705 600 3764 ulii
615 3735 654 3745 -
669 3708 758 3779 pauci
779 3739 815 3746 -
830 3703 970 3782 plerique,
995 3705 1075 3764 multi
1096 3705 1147 3764 vel
1170 3706 1198 3764 in
1220 3705 1395 3766 universum
1418 3708 1548 3784 pluralis
1572 3710 1669 3768 exad-

352 3817 357 3830 “
460 3829 553 3871 verso
575 3813 646 3870 stat.
669 3828 694 3870 e.
716 3829 761 3887 gr.
783 3810 838 3870 cir.
862 3810 925 3870 Cat.
948 3813 974 3870 2.
998 3809 1029 3870 C.
1046 3813 1084 3870 48
1106 3811 1127 3869 l.
1143 3813 1191 3870 dt.
1213 3813 1261 3870 60.
1292 3813 1387 3873 llulto
1410 3813 1534 3888 quidem
1558 3816 1668 3892 saepius

460 3919 629 3978 infinitivus
650 3917 816 3977 historicus
838 3917 984 3992 sequitur,
1016 3917 1109 3992 idque
1131 3917 1256 3978 multum
1285 3919 1381 3979 valuit
1405 3919 1546 3980 adhaec
1568 3925 1668 3982 strue-

462 4031 560 4084 turam
582 4025 695 4101 saepius
716 4023 928 4101 usurpandam.

543 4135 572 4190 in
594 4129 1048 4190 amidanmuerm.1eetionen
1071 4131 1296 4208 exprimendam
1326 4134 1440 4210 curavi,
1462 4152 1552 4209 quam
1576 4134 1668 4195 Codd.

461 4257 567 4300 omnes
588 4240 628 4298 ad
648 4256 737 4300 unum
759 4243 895 4314 tuentur;
928 4238 967 4298 de
989 4239 1097 4298 codice
1122 4241 1202 4300 enlm
1224 4240 1424 4318 Commelino,
1457 4242 1508 4317 qui
1537 4242 1669 4300 amissus

462 4363 533 4406 esse
562 4347 694 4422 videtur,
726 4348 769 4406 nil
791 4347 868 4406 certi
890 4348 996 4406 dicere
1025 4348 1131 4406 ausim.
1171 4347 1233 4408 Sed
1262 4351 1377 4409 dixerit
1408 4350 1527 4425 aliquis,
1560 4350 1668 4410 melius

460 4456 566 4530 utique
588 4473 635 4515 me
658 4455 805 4515 iacturum
827 4454 933 4530 luisse,
964 4457 992 4514 si
1019 4457 1149 4515 omnium
1179 4457 1247 4516 lere
1272 4459 1473 4535 interpretum
1499 4456 1664 4517 consensui

461 4563 636 4636 cessissem,
668 4565 700 4620 et
721 4562 927 4622 coniecturum
955 4565 985 4620 in
1007 4565 1128 4621 inimicis
1150 4563 1347 4640 recepissem.
1391 4563 1523 4631 Quorum
1546 4562 1667 4638 quiden

462 4667 622 4726 consilium
645 4682 705 4742 quo
727 4667 825 4726 minus
852 4681 1017 4742 sequerer,
1048 4669 1114 4728 haec
1140 4686 1187 4727 me
1213 4669 1444 4745 prohibuerunt.
1484 4667 1619 4727 Primum
1640 4667 1667 4725 in
