3526 5604
447 607 518 680 306

445 811 615 902 Angitiam
647 809 758 880 vicina
791 809 919 879 Fucino
959 811 1171 903 occupavisse
1206 811 1319 904 ibique
1354 809 1481 882 salubri
1514 812 1645 882 scientia

445 937 601 1008 adversus
614 935 748 1004 morbos
761 934 979 1017 resistentem,
994 958 1069 1005 cum
1081 936 1223 1006 dedisset
1235 936 1405 1006 bominem
1417 936 1540 1016 vivere,
1551 936 1645 1006 deam

445 1060 612 1142 habitam;
637 1059 790 1131 Medeam
816 1061 859 1130 ab
878 1061 995 1130 Iasone
1014 1060 1164 1130 Buthroti
1187 1062 1361 1152 sepultam,
1389 1060 1562 1153 liliumque
1579 1061 1645 1130 eins
1741 1123 1742 1146 ,

443 1186 562 1258 Marsis
586 1187 779 1277 imperasse.
830 1184 960 1254 Solinus
985 1186 1094 1274 Polyb.
1119 1183 1155 1255 8.
1181 1188 1240 1276 cfr.
1259 1187 1426 1255 Diodorus
1451 1186 1513 1256 Sic.
1532 1181 1568 1265 4,
1589 1183 1642 1256 56.

445 1310 479 1382 6.
506 1310 643 1382 Interim
668 1307 807 1379 Lavinia
833 1307 876 1377 ab
902 1308 1016 1379 Aenea
1043 1309 1181 1400 gravida
1206 1311 1323 1380 relicta
1353 1323 1444 1380 metu
1470 1310 1572 1380 veluti
1597 1311 1645 1378 in-

442 1435 588 1506 secuturi
612 1457 648 1504 se
668 1431 805 1503 Ascanii
828 1432 861 1500 in
878 1432 995 1501 silvam
1013 1432 1158 1524 profugit
1181 1433 1223 1502 ad
1248 1413 1445 1524 magistrum
1469 1434 1567 1526 patrii
1588 1457 1645 1525 pe-
1741 1447 1742 1474 t

443 1560 530 1630 coris
547 1558 724 1652 Tyrrhum,
753 1557 865 1648 ibique
891 1558 990 1626 enixa
1017 1567 1065 1626 est
1092 1580 1244 1649 puerum,
1271 1558 1328 1649 qui
1354 1580 1375 1626 a
1400 1557 1466 1626 loci
1491 1557 1643 1650 qualitate

443 1686 564 1758 Silvius
589 1694 638 1752 est
662 1681 780 1752 dictus.
817 1684 861 1753 At
886 1704 964 1750 vero
991 1681 1110 1772 vulgus
1135 1681 1330 1751 Latinorum
1352 1681 1544 1752 existimaus
1562 1683 1641 1751 clam

443 1810 486 1880 ab
511 1810 655 1880 Ascanio
681 1809 898 1888 interiectam,
936 1829 1092 1898 magnam
1119 1808 1151 1876 ei
1175 1808 1336 1877 invidiam
1363 1809 1566 1878 conflaverat
1589 1830 1641 1877 us-

441 1959 507 2028 que
534 1957 584 2014 eo,
610 1943 646 2003 ut
671 1931 771 2001 armis
796 1953 932 2024 quoque
957 1931 988 2000 ei
1014 1932 1081 2002 vim
1099 1931 1324 2036 denunciaret.
1377 1933 1463 2002 Tum
1487 1931 1641 2002 Ascanius

442 2059 657 2130 iureiurando
691 2081 726 2127 se
760 2080 906 2151 purgans
937 2081 1013 2126 eum
1046 2057 1129 2127 nihil
1156 2057 1242 2150 apud
1269 2081 1325 2126 eos
1351 2057 1544 2149 proficeret,
1584 2080 1640 2149 pe·

441 2183 500 2254 tita
525 2182 682 2251 dilatione
708 2181 750 2251 ad
776 2180 1012 2273 inquirendum
1039 2181 1122 2250 iram
1149 2191 1358 2272 praesentem
1384 2181 1477 2272 vulgi
1494 2181 1640 2274 aliqnan-

441 2308 547 2378 tulum
574 2307 682 2398 fregit,
708 2305 940 2399 pollicitusque
967 2317 1015 2374 est
1039 2327 1074 2374 se
1101 2305 1289 2396 ingentibus
1315 2307 1471 2398 praemiis
1496 2305 1641 2376 curnula-

441 2443 553 2500 turum
579 2452 656 2501 cum
688 2429 747 2521 qui
782 2428 844 2498 sibi
872 2427 1045 2497 Lauiniam
1078 2429 1315 2519 investigasset.
1367 2431 1447 2500 ldox
1471 2453 1641 2522 recupera-

442 2567 509 2626 tam
536 2579 612 2625 cum
640 2554 709 2625 lilio
736 2554 769 2622 in
797 2555 915 2623 urbem
941 2552 1119 2623 Lavinium
1154 2552 1286 2623 reduxit
1311 2553 1496 2647 dilexitque
1521 2555 1639 2625 bonore

441 2691 604 2750 materno.
657 2679 751 2762 Quae
777 2701 830 2748 res
855 2699 988 2747 rursum
1015 2677 1046 2746 ei
1071 2699 1233 2768 magnum
1259 2678 1407 2747 savorem
1433 2679 1547 2771 populi
1567 2701 1640 2747 oon·

441 2805 577 2884 ciliavit,
597 2816 651 2873 -trt
688 2803 837 2872 scribunt
871 2802 970 2873 Caius
1008 2802 1133 2872 Caesar
1167 2813 1199 2870 et
1234 2804 1311 2872 Sex.
1347 2804 1474 2874 Gellius
1508 2803 1542 2872 in
1577 2803 1639 2871 ori·

441 2929 520 3020 gine
555 2929 662 3019 gentis
698 2929 881 2997 Romanae.
939 2928 1090 2996 Aurelius
1126 2927 1228 2996 Victor
1259 2930 1297 2998 de
1331 2930 1413 3019 orig.
1448 2953 1479 3019 p.
1514 2929 1554 2997 R.
1588 2923 1637 2995 16.

442 3056 476 3121 7.
504 3052 585 3122 Cato
611 3061 722 3120 autem
749 3061 782 3118 et
808 3048 935 3119 Gellius
960 3071 980 3117 a
1007 3050 1093 3120 Sabo
1119 3050 1387 3121 Lacedaemonio
1412 3061 1475 3121 etc.
1501 3071 1637 3142 suprnp.

440 3174 527 3255 277,
558 3172 613 3244 17.
657 3173 856 3242 Sabinarum
890 3182 1019 3262 raptum
1054 3172 1188 3263 quidam
1224 3173 1347 3242 lactum
1379 3173 1527 3243 scribunt
1559 3193 1638 3242 anuo

440 3299 610 3392 regnantis
635 3297 770 3369 Romuli
802 3298 919 3389 primo,
960 3307 993 3364 at
1023 3298 1086 3367 Gn.
1114 3277 1242 3366 Gellius
1273 3320 1362 3368 anuo
1391 3309 1519 3390 quarto,
1558 3294 1640 3390 quod

439 3425 547 3516 magis
572 3421 758 3516 probabile.
807 3423 984 3512 Dionysius
1014 3421 1120 3490 Holic.
1149 3420 1184 3501 2,
1215 3419 1294 3491 31.
1379 3421 1412 3491 8.
1448 3421 1574 3493 Gellius
1607 3418 1636 3486 in

439 3547 584 3618 secundo
609 3545 756 3627 Deabus,
784 3543 902 3637 inquit,
929 3544 1130 3636 supplicans
1171 3545 1213 3614 Et
1239 3543 1272 3612 iu
1299 3541 1437 3614 eodem:
1470 3541 1637 3615 multitudo

439 3694 618 3765 puerorum
643 3672 710 3741 iam
737 3684 808 3741 erat
826 3695 867 3740 ex
886 3671 1052 3763 raptabus.
1087 3673 1132 3739 Et
1159 3670 1326 3740 intortio:
1353 3669 1464 3762 capite
1481 3693 1557 3740 cum
1573 3669 1637 3740 aliis

438 3794 607 3888 paucabus
634 3794 819 3865 consilium.
860 3795 1025 3865 Charisius
1049 3794 1080 3875 1,
1108 3793 1164 3873 17,
1191 3793 1225 3864 6.
1328 3794 1362 3863 9.
1389 3794 1427 3864 ld
1453 3796 1558 3887 perite
1573 3793 1636 3862 die·

437 3931 509 3990 term
535 3918 698 4008 intelliget
724 3917 781 4008 qui
816 3917 905 4009 leget
938 3918 997 3988 Cu.
1026 3918 1126 3989 Gellii
1152 3918 1307 3988 annalem
1334 3917 1484 3998 tertium,
1518 3919 1635 4008 inquo

437 4043 597 4136 scriptum
629 4053 677 4112 est
703 4043 900 4122 Hersiliam,
937 4066 1014 4113 cum
1046 4042 1133 4136 apud
1166 4045 1203 4111 T.
1235 4043 1366 4113 Tatium
1396 4041 1498 4112 verba
1524 4043 1635 4112 laceret

436 4188 621 4260 pacemque
648 4177 768 4246 oraret,
796 4165 841 4235 ita
867 4177 1034 4258 precatam
1061 4190 1149 4237 esse:
1177 4167 1278 4238 Nerio
1303 4167 1429 4248 llartis,
1455 4176 1488 4235 te
1509 4167 1635 4235 obsecm

436 4313 553 4384 pacem
579 4290 671 4370 dare,
702 4289 751 4358 uti
778 4289 875 4358 liceat
901 4291 1024 4382 nuptiis
1050 4292 1192 4384 propriis
1218 4302 1250 4361 et
1274 4290 1441 4384 prosperis
1466 4291 1526 4372 uti,
1554 4283 1633 4382 quod

435 4414 477 4484 de
502 4415 551 4485 tui
576 4413 728 4504 coniugis
754 4414 891 4484 consilio
918 4415 1057 4506 contigit
1082 4416 1129 4486 uti
1155 4438 1216 4485 uos
1242 4415 1355 4485 itidem
1380 4416 1527 4505 integras
1545 4433 1634 4503 rape·

434 4550 527 4621 rent,
567 4539 655 4608 unde
690 4538 813 4607 liberos
845 4538 909 4608 sibi
943 4551 976 4606 et
1007 4539 1075 4609 suis
1101 4539 1240 4632 posteris
1266 4547 1298 4606 et
1324 4539 1451 4630 patriae
1477 4543 1631 4630 pararent.

434 4667 485 4735 De
502 4663 561 4744 tui,
587 4663 706 4756 iuquit,
733 4665 886 4753 coniugis
908 4664 1058 4744 consilio,
1084 4667 1225 4735 blartem
1241 4664 1367 4734 scilicet
1383 4661 1573 4753 significans
