3576 5602
503 1687 564 1763 llll
584 1691 744 1766 sulam
764 1692 878 1766 umuli
899 1692 1070 1766 chilim

267 2037 337 2124 Gur*
349 2065 467 2125 selcath
482 2067 585 2141 Crispi.
616 2066 661 2125 lta
677 2081 787 2125 nomeu
800 2067 934 2127 auctoris
953 2067 1074 2146 scripsi,
1096 2067 1277 2145 optimorum
1296 2069 1385 2130 codd.

180 2179 395 2240 auctoritatem
417 2183 549 2240 secutus.
590 2177 624 2238 ln
644 2180 894 2257 inscriptionibus
920 2183 1023 2242 variat
1044 2182 1206 2259 scriptura,
1235 2181 1293 2241 scd
1313 2182 1385 2259 plu-

180 2287 267 2345 rimae
288 2286 300 2344 l
318 2287 500 2363 geminatam
526 2286 648 2346 hahent.
691 2285 803 2347 Contra
832 2289 862 2347 in
888 2288 1028 2365 plurimis
1055 2292 1086 2349 et
1114 2289 1238 2367 optimis
1267 2293 1298 2348 et
1324 2287 1384 2348 Sa·

179 2391 268 2452 lustii
289 2395 321 2451 ct
342 2392 469 2452 aliorum
492 2393 676 2470 scriptorum
691 2393 779 2452 codd.
801 2410 909 2455 nomen
932 2412 992 2453 una
1009 2394 1191 2471 lscriptum‚
1213 2393 1269 2454 cir.
1287 2393 1386 2453 Orelli

179 2500 221 2560 ad
242 2498 314 2559 Hor.
336 2495 424 2558 carm
445 2517 476 2557 ιι.
498 2501 525 2558 2.
540 2502 567 2558 5.
583 2497 612 2558 S.
628 2518 646 2558 1.
663 2501 690 2559 2.
709 2501 756 2559 48.
779 2501 948 2576 codemque
970 2502 1060 2561 modo
1083 2502 1163 2577 apud
1178 2500 1331 2560 Velleium
1353 2519 1384 2559 ιι.

178 2605 228 2665 36.
250 2605 330 2682 apud
343 2604 532 2665 Priscianum
555 2604 610 2664 cir.
624 2603 723 2664 Krehl
743 2622 771 2682 p.
789 2607 855 2666 115.
870 2603 898 2674 §-
915 2608 961 2666 19.
972 2606 1063 2683 'apud
1079 2607 1278 2667 Arrusianum
1299 2607 1383 2667 liles-

178 2731 256 2788 sum,
277 2713 462 2790 Pompeium,
484 2711 598 2774 Comm.
619 2713 657 2775 A.
677 2713 712 2773 D.
734 2730 762 2792 p.
787 2717 854 2774 129.
875 2713 962 2774 Liud.
987 2719 1018 2775 et
1033 2713 1151 2791 Corpus
1173 2713 1303 2774 Gramm.
1319 2713 1351 2773 T.
1363 2732 1382 2772 ι.

177 2838 208 2898 p.
230 2822 298 2880 202.
332 2820 491 2881 Accedunt
511 2822 682 2898 scriptores
699 2820 808 2898 Graeci,
830 2823 1022 2900 Plutarchus,
1043 2823 1211 2901 Appianas,
1230 2822 1288 2882 Dio
1305 2819 1383 2881 Gas-

177 2929 253 3003 sius‚
276 2925 448 3004 Stephanus
469 2927 667 3005 Byzantinus,
688 2927 807 3004 suidas,
829 2929 1002 3006 Syncellus,
1024 2928 1198 2990 chronicon
1221 2927 1382 3002 Paschale,

176 3031 359 3093 Eustathius
381 3035 420 3093 ad
434 3034 523 3094 lliarl.
541 3051 570 3111 p.
593 3037 661 3094 513.
684 3052 762 3110 quos
784 3052 838 3096 cur
853 3034 885 3094 in
908 3035 1051 3096 auxilium
1066 3051 1180 3095 vocare
1198 3052 1258 3095 non
1280 3036 1383 3110 liceat,

178 3155 238 3200 non
260 3139 408 3216 intelligo.
449 3138 545 3200 Nemo
566 3143 667 3200 autem
689 3141 763 3200 mihi
786 3139 981 3201 Laurentium
995 3139 1113 3216 Lydum
1135 3141 1174 3200 de
1195 3157 1272 3218 mag.
1294 3159 1336 3199 ιιι.
1353 3142 1380 3200 8.

178 3250 230 3306 ιιι
250 3247 415 3308 Iohannem
436 3248 580 3310 Malalam
597 3247 763 3327 chronogr.
785 3255 863 3311 extr.
886 3253 1028 3327 opponet:
1043 3249 1201 3310 Mullorum
1224 3248 1304 3308 enim
1326 3263 1382 3307 co·

177 3353 277 3414 dicum
300 3355 482 3431 scripturam
503 3355 615 3414 nummi
636 3355 717 3432 apud
730 3353 849 3414 Echhel
870 3356 901 3414 T.
920 3374 948 3414 v.
963 3373 992 3433 p.
1008 3357 1075 3415 299.
1090 3373 1152 3412 vm.
1169 3371 1197 3430 p.
1213 3355 1282 3413 292.
1305 3369 1381 3411 con·

177 3459 305 3520 lirmant.
339 3459 455 3537 Neque,
476 3461 559 3537 quod
573 3460 717 3521 Horatius
739 3459 768 3520 S.
791 3480 810 3520 1.
833 3463 860 3538 2,
885 3463 933 3520 ιιι.
955 3460 1083 3538 primam
1104 3459 1256 3536 syllabam
1276 3459 1308 3518 in
1322 3459 1380 3518 So-

176 3565 280 3626 luntiua
306 3567 462 3645 produxit,
488 3566 560 3626 inde
590 3567 728 3642 sequitur
756 3583 824 3627 eam
852 3566 864 3625 l
890 3567 1043 3644 geminata
1076 3581 1147 3624 esse
1177 3564 1380 3624 scribendam.

175 3671 241 3734 lino
263 3672 342 3733 enim
363 3674 417 3732 vel
437 3674 504 3733 sine
526 3673 732 3750 geminatione
753 3673 821 3733 fieri
842 3675 984 3751 potuisse
1006 3673 1065 3732 iam
1086 3671 1198 3730 dudum
1211 3672 1381 3731 docuerunt

175 3780 395 3842 Brouhhusius.
418 3783 458 3842 ad
478 3781 571 3859 Prop.
584 3801 624 3842 nv.
640 3785 669 3842 8.
684 3785 731 3842 ιι.
768 3781 848 3841 Pier.
865 3782 904 3840 ad
918 3781 1003 3858 Virg.
1018 3781 1095 3840 Aen.
1118 3782 1145 3838 1.
1160 3781 1207 3838 34.
1237 3777 1380 3836 Draken-

174 3887 281 3948 borch.
303 3887 343 3947 ad
363 3889 416 3948 Sil.
437 3888 504 3948 Ital.
525 3908 543 3948 ι.
566 3891 633 3949 309.
650 3887 705 3948 cfr.
719 3889 809 3950 Voss.
832 3889 870 3948 de
885 3887 1015 3948 Gramm.
1029 3907 1047 3947 1.
1064 3889 1112 3946 22.
1128 3905 1158 3944 u.
1175 3887 1220 3945 19.
1256 3883 1379 3943 Utram-

175 4009 235 4069 que
257 3994 353 4069 igitur
374 3995 556 4071 scripturam
587 3995 731 4054 usitatam
757 3995 854 4054 tuisse
884 4011 944 4056 non
970 3997 1027 4068 est,
1050 3992 1132 4068 quod
1154 3991 1292 4066 dubitcs5
1323 3989 1380 4049 red

175 4100 331 4174 quaritur,
353 4102 420 4159 utra
436 4100 477 4158 sit
495 4101 649 4175 antiquior
671 4104 703 4159 et
722 4100 852 4177 reliquae
874 4099 1104 4176 orthographia
1127 4097 1288 4173 scriptoris
1310 4113 1375 4155 ma-

173 4208 223 4286 gis
244 4207 417 4268 conueniat.
461 4207 524 4267 lam
545 4226 611 4268 cum
633 4209 664 4268 iu
686 4209 809 4286 optimis
832 4208 920 4268 libris
943 4208 1024 4284 apud
1043 4206 1209 4266 Salustium
1231 4204 1377 4262 constan-

174 4319 224 4374 ter
244 4329 344 4388 ιιιιιι,
366 4320 533 4388 oportunus,
555 4318 681 4389 operior,
698 4315 826 4390 paulum,
852 4313 1051 4388 balaamitica,
1073 4313 1175 4372 vilicus
1197 4315 1254 4371 etc.
1276 4311 1378 4386 scrip·

174 4420 308 4495 tumuit,
337 4437 403 4480 oum
432 4419 634 4490 Quintilianus
661 4421 1060 4497 1nst.0r.r.7.lt.ipse
1086 4419 1177 4479 testis
1203 4419 1252 4493 sit,
1282 4419 1378 4477 semi·

174 4527 301 4588 vocales
324 4543 384 4588 non
404 4525 563 4602 geminare
584 4526 636 4587 diu
658 4527 756 4588 fuisse
782 4527 1023 4601 usitatissimum,
1052 4526 1105 4584 vix
1127 4523 1238 4600 aliquis
1260 4523 1378 4584 dubitet

173 4634 323 4712 praeferre
354 4634 545 4712 scripturam,
577 4640 625 4696 tot
660 4636 843 4696 testimoniis
877 4635 1093 4695 confirmatam.
1145 4632 1228 4692 Fieri
1255 4631 1377 4707 quidem

173 4743 286 4817 potest,
307 4745 339 4800 ιι
360 4740 372 4799 ι
390 4741 538 4818 geminari
561 4746 692 4820 emptum
713 4742 763 4816 sit,
787 4758 825 4801 ex
844 4757 902 4817 quo
918 4739 1138 4816 orthographia
1154 4739 1304 4798 orationis
1318 4755 1376 4815 pe-
