3554 5600
1280 687 1347 756 231

145 934 489 954 ..........
517 881 559 950 ud
587 881 618 951 id
645 891 774 973 tempus
801 935 808 950 .
838 935 845 949 .
875 936 882 950 .
912 935 919 949 .
949 935 956 950 .
986 935 993 949 .
1023 937 1029 950 .
1060 936 1066 951 .
1097 937 1104 949 .
1132 905 1231 976 mque
1262 886 1352 955 seelu

146 1057 599 1076 .............
626 1007 1351 1079 metentin.............l

143 1156 257 1206 euram
287 1181 744 1200 .............
772 1140 859 1200 asset
889 1130 980 1202 haud
1009 1185 1350 1202 ..........

145 1313 152 1326 .
178 1312 186 1326 .
212 1281 304 1350 aque
321 1277 444 1351 quanm
471 1305 813 1324 ..........
841 1256 930 1325 haud
952 1256 1053 1326 aliam
1081 1309 1349 1328 ........

145 1435 186 1450 ..
216 1435 224 1449 .
253 1380 449 1472 capiendam
485 1432 901 1448 ............
932 1380 1113 1472 prudentes
1147 1381 1159 1449 i
1196 1435 1350 1450 .....

144 1557 376 1574 .......
403 1505 1349 1599 minabile...........laudantque...

144 1683 489 1699 ..........
520 1628 1347 1724 raparsstummtsadtiuent.

142 1805 301 1822 .....
328 1755 425 1848 firmo
450 1753 556 1824 tideus
582 1757 712 1826 auxilio
739 1807 745 1822 .
776 1806 783 1821 .
813 1807 820 1821 .
849 1777 867 1822 e
894 1753 1009 1845 patriae
1045 1754 1078 1823 in
1109 1776 1163 1822 me
1191 1807 1198 1822 .
1229 1807 1235 1822 .
1266 1807 1272 1821 .
1303 1808 1310 1822 .
1340 1809 1347 1822 .

143 1929 304 1946 .....
332 1877 1349 1970 rumiservil..........uitraprae......

145 2054 1230 2072 ..............................
1265 2024 1348 2071 cun-

143 2127 252 2196 aitium
287 2130 372 2220 cupit
402 2131 488 2219 puori
521 2127 681 2220 optimum
712 2127 897 2198 videbatur.
945 2128 1111 2221 Deinceps
1142 2136 1273 2207 munet,
1318 2126 1351 2194 iu

143 2251 279 2322 laxioris
304 2273 400 2344 agros
425 2252 600 2346 magisque
627 2254 798 2346 pecuarios
825 2264 861 2323 ut
885 2251 1110 2344 egrediantur,
1141 2251 1210 2334 ubi,
1241 2251 1352 2344 prius·

142 2397 244 2468 quam
276 2377 402 2446 retecto
435 2377 582 2448 exercitu
616 2377 745 2447 adesset
773 2375 942 2457 Vatinius,
985 2386 1161 2468 augeretur
1194 2396 1352 2445 numerus

142 2500 234 2570 lectis
270 2502 352 2572 viria
384 2513 418 2572 at
447 2526 590 2596 propera
621 2513 763 2573 nanetus
793 2503 950 2573 idoneum
987 2525 1029 2572 ex
1062 2501 1199 2594 captivis
1231 2501 1351 2571 ducem

141 2625 334 2710 Picentinis,
366 2626 488 2697 deinde
513 2628 671 2699 Eburinis
704 2627 791 2718 iugis
821 2627 970 2697 occultus
1007 2626 1048 2696 ad
1074 2627 1171 2697 Naris
1197 2627 1352 2696 Lucanas

142 2761 242 2844 atque
267 2750 347 2820 iude
371 2752 480 2844 prima
505 2753 580 2822 luce
606 2751 823 2845 pervenitad
849 2751 938 2823 Anni
962 2753 1098 2832 Forum,
1126 2750 1251 2843 ignaris
1278 2750 1352 2818 eui·

143 2875 282 2946 turibns.
325 2878 377 2947 Aa
393 2875 503 2946 statim
527 2877 657 2967 fugitivi
681 2887 792 2946 rantra
818 2887 1019 2970 praeceptum
1046 2875 1139 2946 ducis
1165 2897 1283 2968 rapere
1309 2874 1351 2944 ad

143 3011 294 3092 stuprum
318 3000 467 3093 virgines
493 3010 736 3095 matronasque.
780 3003 823 3072 Et
840 3001 898 3071 alii
925 3024 943 3069 a
971 3051 1350 3068 ...........

145 3177 1044 3194 .........................
1076 3146 1164 3195 nunc
1191 3135 1351 3196 restantes

144 3251 176 3319 ei
197 3249 397 3331 illudebant,
423 3249 522 3320 simui
547 3249 731 3319 nefandum
756 3251 790 3319 in
816 3249 954 3320 mudum
978 3272 1135 3343 perversu
1160 3251 1296 3322 volnere
1321 3261 1353 3320 et

144 3375 312 3445 interdum
338 3375 489 3444 lacerum
513 3397 632 3467 corpus
649 3375 883 3444 semianimum
901 3375 1107 3445 omittentes:
1133 3375 1192 3445 atii
1217 3375 1251 3444 in
1268 3386 1354 3446 tecta

144 3499 313 3569 iaciebant
335 3499 433 3589 ignis,
460 3499 623 3590 multique
649 3522 692 3568 ex
716 3500 790 3569 loco
815 3499 913 3580 servi,
940 3522 1024 3593 quus
1048 3499 1221 3590 ingenium
1248 3501 1353 3570 socios

145 3623 256 3704 dabat,
284 3622 394 3693 abdita
419 3645 439 3692 a
466 3622 608 3692 dominis
633 3633 690 3693 aut
710 3623 797 3715 ipsus
815 3621 991 3693 trahebant
1008 3646 1051 3692 ex
1068 3624 1216 3706 oecult0;
1242 3648 1351 3718 neque

144 3758 297 3818 sanctum
322 3755 380 3817 aut
404 3745 586 3818 nefandum
612 3747 791 3840 quicquam
819 3747 881 3819 tuit
907 3748 965 3817 irae
984 3746 1201 3818 barbarorum
1222 3756 1255 3817 et
1279 3770 1353 3817 ser-

144 3873 203 3942 vili
229 3870 378 3963 ingenio.
421 3872 506 3954 Quae
532 3873 709 3963 Spartacus
734 3873 897 3965 nequiens
922 3872 1111 3965 prohibere,
1138 3872 1249 3943 multis
1274 3896 1352 3966 pre-

145 3996 238 4067 cibus
265 4017 341 4066 eum
366 4005 487 4076 oraret,
514 3995 682 4066 eeleritate
709 4005 919 4088 pruvertere‚
952 3997 1077 4066 mittere
1104 3996 1235 4067 nuntius
1269 4048 1276 4065 .
1306 4050 1314 4066 .
1343 4050 1350 4065 .

145 4269 209 4338 pua
240 4267 350 4338 neque
380 4268 398 4313 e
440 4296 855 4313 ............
884 4267 1084 4336 upmensee
1121 4295 1350 4312 .......

147 4423 155 4438 .
184 4423 192 4438 .
222 4423 229 4438 .
259 4423 267 4438 .
297 4423 303 4436 .
333 4422 341 4470 ·.
368 4367 520 4438 scrudel
548 4421 890 4438 ..........
918 4379 1130 4464 occupatusa
1157 4421 1349 4443 ......

147 4545 156 4560 .
185 4545 192 4560 .
223 4546 230 4560 .
260 4544 267 4559 .
296 4491 406 4584 gravis
431 4492 505 4586 pler
536 4545 952 4562 ............
986 4493 1081 4564 illum
1107 4493 1196 4563 diem
1223 4514 1250 4568 et
1273 4522 1352 4591 pro-

145 4640 278 4686 xumum
314 4627 446 4687 noctem
489 4617 538 4687 ihi
572 4671 992 4688 ............
1027 4641 1042 4686 s
1083 4619 1248 4714 duplicato
1288 4625 1353 4714 [ere

147 4743 362 4831 supitivorum
389 4763 528 4812 numero
556 4794 822 4811 ........
855 4742 1065 4832 primarum
1093 4743 1159 4812 luca
1194 4797 1200 4810 .
1232 4797 1238 4812 .
1269 4798 1275 4812 .
1306 4798 1312 4812 .
1343 4797 1350 4812 .
