3702 5600
445 625 516 696 558

444 826 525 886 datis
547 825 644 902 copiis
666 823 778 884 bellum
800 839 871 882 esse
892 827 1058 900 gesturam,
1080 840 1147 897 quae
1168 840 1234 884 cum
1255 826 1364 901 procul
1386 843 1404 884 a
1427 827 1518 886 domo
1533 831 1653 898 essent

444 933 518 992 belli
541 935 705 1008 peritiores
726 938 830 992 essent
852 929 911 1002 (ita
928 931 1050 1008 quidem
1072 933 1174 1008 Asper
1194 933 1261 993 haec
1281 934 1377 993 verba
1395 935 1584 1010 explicuisse
1600 936 1654 993 vi-

444 1039 545 1114 detur,
566 1039 622 1098 sed
641 1043 771 1115 possunt
790 1037 846 1096 illa
867 1037 958 1096 otiam
980 1037 1100 1114 seiungi
1121 1043 1154 1098 et
1172 1037 1211 1096 ad
1224 1038 1384 1116 Tigranem
1401 1041 1522 1114 referri,
1544 1044 1579 1098 nt
1594 1058 1653 1100 su-

443 1145 566 1222 periora
599 1141 802 1215 confirmaret,
839 1158 930 1218 repno
962 1145 1082 1219 intepro,
1118 1143 1228 1218 quibus
1261 1145 1353 1205 etiam
1387 1147 1583 1206 consentiunt
1618 1153 1655 1206 et

437 1268 531 1326 porco
552 1250 651 1310 latore
672 1252 703 1308 et
720 1265 775 1322 per
794 1254 895 1307 metro
913 1265 1048 1323 corporo,
1071 1249 1185 1326 qnippe
1205 1251 1388 1324 quaomnia
1410 1249 1450 1310 ad
1463 1250 1543 1310 idem
1559 1269 1651 1311 com-

442 1357 633 1436 probandam
657 1354 789 1424 iaciunt)
822 1354 983 1432 Tigranem
1012 1361 1062 1416 aut
1089 1356 1239 1416 victorem
1269 1358 1379 1416 maiori
1408 1357 1548 1418 hostibus
1580 1365 1651 1417 ter-

441 1465 506 1524 rori
526 1462 656 1524 loturum
678 1465 730 1522 aut
751 1461 863 1520 victum
886 1461 1043 1520 maximam
1063 1461 1198 1538 predam
1214 1462 1358 1522 Romania
1374 1462 1562 1534 relicturum,
1587 1480 1650 1538 qua

441 1570 487 1630 illi
510 1567 688 1645 locupletati
716 1565 808 1625 facile
829 1565 953 1626 Parthis
974 1565 1088 1626 bellum
1114 1565 1229 1626 inierre
1249 1567 1379 1642 possint.
1422 1567 1520 1635 Quare
1540 1571 1651 1628 nescio

441 1695 478 1738 an
494 1676 603 1736 melius
619 1677 852 1752 interpungatur
865 1677 935 1733 meis
950 1674 1091 1746 militibus,
1108 1675 1263 1749 proculab
1275 1673 1366 1734 donc.
1381 1705 1419 1717 -
1435 1693 1491 1753 quse
1506 1675 1550 1734 ita
1565 1675 1648 1734 haud

441 1785 534 1845 dubie
563 1783 723 1862 legendum
754 1789 814 1860 est;
844 1783 875 1842 io
896 1783 932 1841 V.
958 1786 983 1842 1.
1015 1782 1130 1843 lineola
1155 1799 1248 1859 super
1275 1801 1331 1860 qno
1353 1801 1437 1860 quom
1461 1801 1516 1842 nos
1538 1783 1649 1859 legere

441 1891 534 1964 iubet,
555 1890 604 1948 cui
625 1905 685 1948 nou
706 1889 793 1948 locus
815 1891 872 1950 eat.
889 1896 1005 1964 portum
1026 1888 1063 1948 V.
1085 1892 1112 1946 1.
1129 1905 1298 1965 perperam,
1328 1895 1440 1963 raptum
1466 1889 1650 1950 ciacconius

441 1997 622 2056 emendavit
640 1998 704 2054 siue
714 1999 812 2069 patrio
822 1995 991 2070 parentibus
1006 1994 1044 2054 V.
1058 1997 1084 2052 t.
1097 1993 1166 2052 Vat.
1179 1993 1274 2069 Bong.
1291 1993 1364 2053 olim
1378 1997 1441 2052 ane
1454 1995 1565 2054 iterum
1586 2012 1650 2073 po-

440 2120 569 2163 sueram.
595 2102 751 2162 cecindent
778 2103 813 2160 V.
833 2120 852 2159 ι.
883 2101 955 2161 olim
977 2100 1120 2160 madoci.
1150 2099 1291 2176 populari
1313 2103 1346 2159 et
1368 2100 1551 2162 exscindere
1577 2103 1647 2162 'lac

440 2212 516 2272 Anu.
542 2231 573 2270 n.
596 2213 643 2270 25.
672 2213 793 2285 gentem
815 2209 997 2270 sceleratam
1019 2209 1103 2270 serre
1125 2209 1309 2269 exscindere
1335 2210 1410 2269 Aen.
1431 2228 1472 2268 nx.
1498 2211 1564 2268 137.
1591 2208 1650 2268 cir.

439 2317 503 2378 Liv.
525 2337 631 2380 uum.
653 2320 701 2376 st.
723 2335 801 2376 nutv.
825 2318 871 2374 27.

591 2685 771 2760 seurota
790 2686 839 2759 tu
860 2685 1036 2758 GAESffll
1056 2685 1173 2758 sellu
1192 2685 1239 2759 ul
1259 2687 1306 2758 nt
1326 2685 1484 2760 leuues

517 2862 562 2923 lle
584 2863 632 2922 inis
655 2861 798 2938 epistolis
827 2859 905 2920 idem
927 2859 995 2920 iere
1015 2877 1113 2919 meum
1136 2865 1184 2920 ost
1206 2861 1347 2921 iudicium
1370 2860 1452 2936 qood
1475 2861 1547 2921 olim
1573 2862 1645 2921 leci.

437 2970 542 3046 Neque
565 2985 744 3044 quemquam
777 2965 844 3026 iore
872 2966 1053 3042 putaverim,
1085 2967 1136 3040 qni
1165 2983 1268 3025 earum
1297 2970 1453 3025 auctorem
1475 2967 1645 3028 Salustium

437 3093 507 3137 esse
537 3077 702 3137 existimet.
741 3073 848 3134 Nullus
876 3073 956 3132 enim
977 3061 1244 3151 grammaticorum
1274 3075 1341 3134 naec
1369 3075 1496 3135 Salustii
1524 3080 1644 3154 scripta

436 3183 582 3258 laudavit,
613 3197 711 3256 neque
740 3181 770 3239 in
799 3181 907 3241 codice
928 3180 1087 3254 Vaticano,
1114 3197 1203 3255 quem
1231 3183 1402 3241 accuratius
1429 3183 1552 3255 contuli,
1581 3183 1645 3242 Sa·

435 3291 519 3350 lustii
541 3305 648 3348 nomen
669 3288 850 3364 inscriptum
872 3291 928 3346 est.
952 3285 1073 3346 Ceteris
1095 3287 1286 3346 orationibus
1308 3291 1339 3346 at
1359 3287 1503 3364 epistolis
1525 3305 1564 3348 ex
1580 3289 1643 3348 Sa-

435 3397 520 3458 lustii
545 3395 691 3455 Historiis
717 3395 868 3454 adiuncta
889 3399 967 3468 sunt,
1000 3393 1136 3469 nihilque
1164 3395 1203 3453 de
1229 3397 1355 3454 auctore
1376 3394 1463 3454 addit
1483 3395 1642 3455 librarius.

434 3504 497 3564 Sed
518 3503 613 3563 totius
635 3501 783 3561 orationis
806 3501 893 3560 color
913 3517 932 3558 a
953 3499 1128 3561 salustiano
1157 3500 1279 3560 dicendi
1303 3518 1417 3577 genere
1439 3518 1499 3560 non
1520 3501 1642 3561 abhor-

434 3614 491 3683 ret,
513 3608 696 3684 quinimmo
724 3611 832 3667 auctor
852 3607 955 3684 potius
982 3623 1088 3666 omues
1118 3606 1265 3666 ilosculos
1287 3607 1436 3666 orationis
1458 3606 1643 3668 Sallustianae

433 3716 599 3792 collegisse
614 3713 746 3788 videtur,
769 3729 829 3790 quo
851 3715 920 3790 plus
942 3713 1014 3772 fidei
1028 3717 1120 3789 atquo
1142 3713 1337 3773 auctoritatis
1356 3713 1481 3773 libellus
1499 3714 1641 3774 haberet.

433 3822 539 3898 Neque
560 3824 693 3900 negaris,
722 3824 832 3883 multas
857 3825 906 3884 his
929 3822 1072 3901 epistolis
1102 3823 1205 3882 inesse
1226 3824 1394 3884 sententias
1415 3841 1482 3900 quae
1503 3823 1642 3884 Salustiu

433 3931 515 3989 haud
528 3929 658 4006 indignae
674 3931 743 4006 sint,
766 3947 927 4006 rerumque
943 3931 1078 3990 civilium
1097 3930 1180 3990 haud
1203 3931 1375 4006 imperitum
1397 3936 1554 3992 auctorem
1570 3932 1641 3991 iure

432 4036 559 4096 dixeris.
588 4034 651 4094 Sed
671 4036 799 4112 primum
820 4039 905 4096 recte
928 4037 1082 4112 quaeritur,
1103 4052 1172 4094 uum
1193 4034 1260 4094 duae
1278 4035 1341 4094 illa
1357 4036 1497 4111 epistolae
1518 4037 1557 4094 alu
1579 4054 1641 4096 unu

432 4144 601 4218 eodemque
612 4144 738 4200 auctore
752 4142 846 4201 scribi
857 4144 1021 4218 potuerint.
1043 4140 1187 4210 Quamvis
1202 4141 1283 4200 euim
1295 4146 1473 4218 argumenta
1486 4143 1564 4202 satis
1577 4145 1642 4203 sint

431 4249 564 4323 diversa,
583 4253 683 4308 tamen
700 4249 750 4308 vin
766 4250 898 4309 animum
913 4249 1070 4308 induxeris
1085 4253 1117 4308 ut
1128 4250 1167 4309 ab
1181 4247 1298 4324 eodem,
1313 4249 1365 4323 qui
1379 4249 1506 4326 primam
1516 4251 1639 4327 episto-

431 4359 492 4418 lam
506 4357 641 4434 scripsit,
663 4357 792 4416 alteram
807 4375 929 4434 quoque
949 4358 1150 4434 compositam
1172 4373 1243 4416 esse
1265 4361 1363 4435 putes.
1398 4357 1504 4432 Neque
1525 4357 1591 4416 ulla
1607 4359 1639 4416 in

431 4465 470 4524 iis
492 4469 542 4522 est
557 4463 751 4540 significatio,
774 4464 903 4524 eundem
924 4468 1080 4525 auctorem
1094 4465 1142 4525 bis
1158 4465 1197 4524 dc
1211 4462 1318 4523 eadem
1334 4480 1369 4523 re
1387 4465 1500 4541 egisse.
1536 4465 1639 4532 Quare

430 4569 601 4630 credideris
622 4569 699 4628 artis
721 4569 884 4630 rhetoricae
907 4572 1075 4646 studiosos,
1098 4572 1150 4646 qui
1170 4570 1353 4630 Salustiauae
1372 4571 1523 4630 orationis
1542 4589 1639 4632 orna-

430 4681 531 4736 menta
565 4679 597 4735 et
632 4677 851 4738 sententiarum
883 4677 994 4736 lumina
1024 4678 1244 4737 aemulabantur
1277 4683 1309 4736 et
1340 4676 1505 4738 Salustium
1537 4679 1638 4756 ipsum
