3702 5600
419 630 494 700 534

417 827 633 906 depluerunt,
659 831 711 904 qui
728 831 871 907 superant
892 832 1070 909 reciperent
1090 849 1130 890 ox
1145 831 1212 890 eod.
1234 830 1304 890 Par.
1320 845 1345 888 o
1360 847 1397 887 m.
1419 843 1481 888 see.
1502 829 1558 886 alii
1575 827 1631 903 su-

416 940 518 1010 perent
538 936 644 1010 potius
665 937 827 1012 duxeruut,
850 939 934 1013 quod
955 939 1090 1015 ipsorum
1112 954 1218 1015 regum
1239 935 1352 994 iudicia
1373 952 1392 993 a
1414 933 1550 994 Salustio
1573 950 1633 992 ex-

419 1058 529 1118 pressa
551 1057 623 1100 esse
644 1044 831 1118 statuebant,
853 1045 936 1119 quod
954 1044 1029 1102 mini
1051 1042 1174 1119 quidem
1196 1042 1235 1101 ab
1256 1043 1317 1101 hoo
1337 1039 1407 1100 loco
1422 1039 1546 1099 videtur
1559 1055 1634 1099 esse

420 1146 648 1209 alienissimum.
669 1152 731 1207 tum
753 1157 804 1208 nuci
824 1151 908 1225 quod
928 1151 1069 1224 sequitur
1089 1149 1281 1222 deleverunt,
1302 1165 1410 1224 perum
1425 1147 1472 1206 illi
1487 1146 1526 1205 de
1542 1147 1634 1204 liuius

421 1253 484 1312 looi
506 1271 599 1315 sensu
621 1256 762 1332 solliciti,
784 1259 835 1316 ubi
856 1257 1012 1318 Salustius
1034 1274 1142 1334 regum
1164 1257 1367 1316 stoliditatem
1389 1257 1554 1333 vituperat,
1580 1255 1634 1330 qui

422 1359 557 1420 lerooins
572 1363 713 1439 agebant,
736 1364 820 1439 qnod
839 1381 899 1424 non
922 1363 1031 1442 sugere
1053 1364 1154 1424 ooaoti
1172 1369 1252 1437 sunt,
1276 1364 1376 1438 immo,
1398 1365 1431 1422 ut
1444 1363 1563 1421 rectius
1583 1361 1635 1418 di-

422 1467 685 1540 cam,l1aeeenim
707 1471 866 1547 partioulae
887 1477 940 1530 out
966 1473 1016 1530 vis
1043 1476 1101 1544 est,
1132 1489 1189 1548 pro
1215 1471 1388 1530 victoribus
1418 1486 1454 1527 se
1473 1467 1634 1546 gareliani

419 1573 538 1648 seruere
558 1574 653 1650 igitur
675 1593 735 1634 non
757 1577 856 1636 minus
877 1595 967 1652 quam
985 1595 1042 1652 pro
1057 1577 1295 1636 Moridunum
1312 1577 1437 1653 oprimi
1449 1570 1636 1651 iungendum

423 1681 480 1736 est
501 1685 660 1740 ortamentto
680 1681 751 1741 Bas.

503 1801 528 1844 o.
550 1787 597 1845 llll.
626 1789 787 1866 scripturae
808 1791 876 1850 eod.
897 1789 969 1849 Bas.
990 1793 1139 1866 mperieiu
1156 1824 1194 1834 -
1210 1795 1277 1848 orote
1296 1793 1354 1847 ium
1378 1827 1406 1834 -
1425 1786 1581 1863 muyans
1595 1813 1637 1826 -

422 1909 574 1968 erumpere
587 1895 664 1953 iudet
675 1929 713 1940 -
728 1897 847 1956 tumultu
858 1898 1023 1975 semidiem,
1045 1905 1160 1957 terrore
1170 1901 1256 1975 quod
1274 1897 1409 1956 uecordia
1424 1899 1586 1968 acceperut.
1597 1919 1638 1928 -·

422 2001 480 2058 iuss
505 2003 577 2059 ante
597 2001 725 2061 tordius
746 2003 813 2062 sine
834 2003 928 2063 dubio
949 2021 990 2063 ex
1010 2005 1197 2081 repetitione
1218 2007 1316 2063 ortum
1338 2005 1371 2061 et
1391 2001 1557 2061 delendum
1578 2007 1637 2059 est

423 2105 531 2180 simler,
554 2107 636 2181 quod
650 2125 708 2186 pro
728 2109 889 2185 ceedpoles,
912 2111 1044 2169 omnium
1063 2109 1204 2168 codicum
1218 2109 1361 2182 loetione,
1377 2109 1467 2168 simul
1485 2125 1551 2167 oum
1568 2123 1638 2166 om·

424 2211 513 2270 nibus
543 2212 715 2272 editoribus
741 2215 856 2292 recepi,
888 2215 1039 2292 palmaria
1060 2215 1158 2275 Cortii
1184 2216 1360 2275 eonieetura
1389 2223 1447 2290 est,
1477 2233 1538 2290 qua
1568 2213 1639 2272 sola

424 2317 597 2378 inveterato
626 2320 673 2380 illi
701 2322 779 2381 vitio
801 2323 940 2382 sueourri
968 2324 1077 2399 potuit
1106 2323 1209 2399 nipiles
1228 2326 1304 2381 enin
1324 2323 1448 2398 mentes,
1476 2322 1559 2397 qnod
1578 2339 1640 2379 nu-

423 2439 481 2498 per
500 2429 647 2484 tentatum
667 2433 728 2501 est,
762 2429 842 2488 unde
862 2446 1044 2506 perversam
1066 2429 1249 2506 scripturam
1271 2429 1424 2505 decumus
1445 2433 1544 2488 ortam
1567 2445 1641 2486 esse

424 2529 535 2603 aliquis
561 2533 669 2606 voluit,
697 2551 812 2594 vereor
838 2551 877 2594 ne
906 2553 925 2594 a
946 2535 1075 2595 Salustii
1101 2537 1193 2594 astate
1214 2536 1308 2612 plane
1335 2535 1466 2594 alienum
1488 2537 1538 2594 sit
1566 2553 1640 2594 σηι-

418 2651 492 2709 pero
513 2635 581 2695 Par.
602 2655 629 2696 z.
657 2640 767 2698 eodem
789 2641 930 2715 oonsilio,
961 2658 1022 2716 quo
1049 2641 1116 2701 eod
1146 2640 1218 2701 Bas.
1246 2642 1324 2700 iudet
1343 2643 1382 2701 ad
1404 2659 1559 2716 erumpere
1579 2641 1642 2700 ad-

425 2742 481 2815 dit,
515 2745 680 2806 videbatur
700 2748 780 2807 enim
806 2749 856 2807 vis
882 2749 972 2808 verbi
993 2750 1086 2826 paulo
1115 2751 1239 2828 longius
1262 2753 1376 2810 remoti
1397 2767 1457 2808 non
1479 2750 1521 2807 ad
1540 2753 1641 2809 totam
1695 2749 1698 2758 ’

425 2850 596 2910 orationem
620 2853 703 2912 trahi
729 2871 832 2932 posse.
860 2855 943 2930 quod
971 2857 999 2914 si
1028 2863 1115 2916 reete
1145 2857 1298 2928 statuitur,
1333 2859 1406 2932 post
1433 2872 1542 2915 canere
1567 2856 1642 2933 ple-

425 2954 493 3013 nius
522 2955 798 3034 intorpuugendum
822 2967 879 3020 est
905 2968 970 3021 nm.
996 2965 1085 3040 som.
1114 2970 1183 3021 terr.
1214 2964 1247 3022 in
1273 2964 1426 3023 nonnullis
1456 2963 1534 3022 ordo
1563 2979 1641 3020 ver-

425 3059 532 3119 borum
558 3067 698 3123 mumius
723 3071 840 3124 tmere
865 3069 995 3144 somiein
1024 3069 1094 3127 Vin.
1118 3071 1147 3128 2.
1174 3068 1265 3129 Fabr.
1292 3072 1321 3128 2.
1351 3069 1452 3128 Gueli.
1479 3071 1507 3128 i.
1541 3068 1642 3128 Palat.

427 3166 454 3222 3.
475 3165 544 3224 Tur.
572 3186 609 3226 m.
642 3171 670 3228 2.
696 3171 854 3246 [eradius
873 3180 973 3232 terror
998 3173 1084 3234 l'rat
1107 3177 1135 3234 2.
1159 3174 1258 3234 Guelf.
1285 3177 1313 3234 2.
1335 3179 1363 3234 3.
1388 3176 1529 3235 Putscnii
1551 3176 1643 3234 liber.

426 3267 489 3328 Sed
519 3273 587 3331 eod
614 3273 686 3334 llas.
716 3278 878 3356 scriptura,
906 3297 996 3355 qnam
1017 3281 1115 3340 Paris.
1141 3283 1253 3342 buxa
1282 3282 1471 3356 confirmant,
1503 3283 1585 3342 bene
1607 3300 1644 3340 se

428 3376 531 3436 hahet
568 3385 655 3456 quusi
691 3385 827 3442 uecordia
859 3386 1014 3464 iungenda
1041 3393 1074 3446 ut
1107 3405 1201 3464 supra
1234 3387 1324 3449 Catil.
1361 3392 1401 3448 36
1431 3394 1473 3448 uti
1502 3391 1583 3448 tudes
1612 3399 1644 3448 ot

427 3499 452 3540 o.
479 3485 524 3542 18.
550 3490 636 3562 quud
659 3495 775 3550 nmium
798 3497 911 3552 eorinoe
941 3502 1016 3552 auat
1049 3501 1205 3569 moeperut
1236 3495 1377 3554 mendum
1407 3497 1570 3573 seripturae
1603 3513 1644 3554 ex

427 3591 611 3664 repetitione
643 3595 754 3655 littero
785 3600 925 3675 proxime
957 3602 1173 3661 antecedentis
1204 3604 1312 3661 ortum
1345 3602 1450 3676 plures
1482 3602 1553 3661 Bas.
1587 3621 1647 3680 pue

428 3695 551 3770 omisso,
579 3701 662 3772 qnod
689 3701 749 3760 hoo
775 3705 898 3778 quidem
924 3705 995 3766 loco
1023 3707 1102 3767 ferri
1130 3726 1190 3768 non
1213 3715 1324 3785 potest

508 3821 533 3863 ο.
559 3809 623 3866 ¹0⁰.
653 3811 683 3866 in
704 3811 824 3870 tidem
843 3817 1010 3889 itpropter.
1034 3816 1091 3874 sed
1113 3815 1184 3876 Bas.
1205 3817 1276 3875 Par.
1297 3835 1323 3876 o.
1346 3815 1432 3876 Leid.
1454 3815 1487 3874 B.
1504 3813 1538 3873 li.
1562 3817 1647 3875 inter

427 3909 546 3968 mma
567 3917 599 3971 et
619 3917 641 3971 it
665 3916 785 3991 aliquid
803 3936 926 3979 erasum
947 3927 979 3980 et
999 3923 1193 3982 intimarit
1216 3925 1359 4000 primitus
1377 3927 1526 4002 scriptum
1545 3925 1648 3984 luisse

428 4014 568 4077 videtur:
602 4018 768 4095 itidemque
797 4027 869 4083 ante
890 4033 1013 4102 prepter
1040 4029 1146 4087 littera
1170 4033 1331 4107 expuncta,
1361 4031 1413 4090 ubi
1439 4049 1465 4108 q.
1496 4032 1647 4107 seriptum

428 4133 499 4176 esse
520 4123 629 4196 potuit
647 4127 671 4182 it
691 4142 750 4186 om.
771 4127 841 4189 Par.
862 4132 892 4189 b.
913 4133 944 4190 in
964 4133 1033 4191 Par.
1055 4153 1075 4192 x
1088 4153 1107 4192 a
1134 4135 1233 4212 itspl.
1256 4140 1286 4193 in
1307 4135 1429 4194 Μῠεπια
1446 4137 1648 4210 profioiecitur

427 4240 492 4298 que
517 4229 691 4305 complures
717 4231 889 4298 leideuses
910 4242 1093 4301 confirmare
1120 4242 1281 4316 videntum
1313 4249 1436 4302 tuentur
1464 4241 1587 4302 lllartiu.
1611 4241 1647 4302 B.

428 4327 502 4388 l’nb.
523 4331 618 4394 laud.
641 4341 667 4394 1.
691 4339 754 4398 Pal
779 4345 807 4402 o.
833 4347 880 4403 11).
912 4350 958 4404 11.
989 4349 1035 4406 12.
1062 4347 1126 4406 llrl
1158 4348 1231 4407 Bas.
1258 4352 1285 4408 1.
1314 4349 1404 4408 Misn.
1435 4354 1468 4409 et
1489 4348 1595 4410 Berol.
1621 4355 1649 4410 1.

428 4435 485 4494 sed
508 4437 599 4516 louge
620 4445 743 4520 plurimi
764 4457 797 4509 et
818 4455 842 4510 it
861 4457 894 4513 et
914 4473 980 4531 qum
1000 4457 1153 4517 omittunt
1174 4458 1210 4517 ld
1227 4460 1312 4534 quod
1333 4461 1403 4519 lieri
1425 4476 1485 4519 non
1505 4460 1649 4536 potuisse

428 4542 559 4622 videtur,
590 4553 617 4610 si
643 4557 825 4618 ventulum
850 4562 977 4637 aliquod
1005 4565 1126 4640 longius
1152 4569 1203 4626 vei
1226 4568 1373 4629 nsiutius
1395 4574 1428 4627 ut
1448 4587 1478 4626 v.
1498 4583 1544 4643 gr.
1570 4581 1649 4640 pre·

426 4645 566 4718 Muti&
595 4659 727 4731 positum
755 4663 876 4726 luisset
917 4669 1019 4736 Quare
1045 4673 1099 4730 vix
1124 4673 1236 4749 aliquis
1264 4674 1323 4734 hoe
1349 4674 1389 4732 ab
1418 4673 1488 4748 ipsu
1509 4671 1648 4732 Selusito
