3554 5600
461 657 528 728 186

455 859 598 951 primum
621 859 769 949 cogitare
785 859 896 951 coepit.
936 859 1020 928 Nam
1046 859 1104 928 illo
1130 858 1239 929 deleto
1266 859 1339 928 sine
1364 859 1466 930 dubio
1493 858 1649 950 intellige·
1753 901 1754 928 l

455 982 513 1053 bat
541 983 630 1053 viam
660 983 855 1053 latissimam
883 981 1087 1054 lubidinibus
1120 983 1188 1052 suis
1212 984 1370 1054 continuo
1395 995 1520 1077 patere.
1557 985 1650 1054 Vertit
1753 1033 1754 1038 ,

456 1106 566 1198 itaquo
590 1105 704 1176 oculos
730 1104 772 1174 ad
798 1104 1077 1176 innumerabilem
1107 1106 1238 1198 copiam
1273 1107 1463 1185 iuventutis,
1499 1128 1564 1198 qua
1589 1105 1651 1175 dies
1753 1149 1754 1160 κ

455 1254 495 1302 ac
520 1240 633 1302 noctes
658 1228 841 1322 stipabatur
866 1229 901 1297 in
927 1228 1114 1298 exercenda
1141 1228 1380 1300 consuetudine
1404 1251 1540 1300 suarum
1565 1231 1652 1321 cupi·

454 1355 611 1426 ditatum:
638 1379 714 1426 cnm
732 1356 858 1447 putavit
873 1377 1011 1426 manum
1026 1355 1132 1448 ipsam
1150 1355 1335 1435 bominum,
1359 1368 1517 1449 unquam
1534 1357 1651 1426 bastan

454 1481 691 1552 validissimam
730 1481 851 1552 luroris
886 1482 948 1561 sui,
986 1481 1146 1551 facillime
1181 1481 1243 1552 sibi
1280 1481 1526 1552 accommodari
1554 1503 1651 1572 posse,

455 1627 555 1696 quem
573 1615 808 1698 contorqueret
824 1606 858 1674 in
875 1585 1023 1675 omnium
1045 1615 1195 1674 nostrum
1211 1603 1345 1674 ruinam
1361 1615 1462 1696 atque
1479 1605 1653 1696 interemp-

454 1729 590 1810 tionem,
624 1739 786 1821 utquam
812 1737 1015 1819 cognoverat
1040 1728 1213 1798 educatam
1239 1727 1314 1798 vioe
1338 1727 1542 1819 pravissima
1567 1727 1654 1796 insti·

453 1853 543 1934 tutis,
579 1853 742 1922 imbutam
767 1874 996 1945 sepenumero
1022 1852 1185 1943 sauguine
1211 1853 1409 1922 miserorum
1436 1852 1572 1933 civium,
1603 1875 1654 1920 ar-

455 1981 587 2050 dentem
605 1977 793 2048 incredibili
811 1977 975 2048 desiderio
993 1977 1125 2069 produ,
1152 1976 1215 2046 sibi
1232 1999 1312 2046 voro
1334 1976 1419 2045 mira
1437 1977 1654 2049 familiaritate

454 2106 679 2178 conciliatam.

528 2255 575 2302 ru.
627 2230 739 2301 Genus
777 2239 825 2298 est
854 2231 1026 2301 bominum
1065 2230 1280 2300 vehementer
1317 2231 1536 2302 exercitatum
1575 2229 1655 2300 terro

453 2365 553 2448 atque
588 2354 711 2445 inopia,
750 2352 879 2424 duabus
912 2354 1012 2424 robus
1046 2354 1089 2424 ad
1118 2377 1218 2424 omne
1247 2377 1353 2446 genus
1378 2355 1536 2426 facinoris
1562 2377 1654 2446 para·

452 2480 634 2550 tissimum:
675 2479 764 2570 quud
798 2479 932 2572 quidem
967 2501 1030 2572 ego
1065 2481 1189 2550 civitati
1217 2492 1350 2563 nosue,
1389 2482 1537 2552 maxime
1566 2479 1657 2551 debi-

453 2605 553 2675 litatm
578 2604 676 2674 bellis
702 2602 856 2674 civilibus
881 2612 981 2696 atque
1006 2603 1139 2675 aldictae
1165 2605 1397 2696 magnitudine
1421 2605 1657 2682 calamitatum,

453 2750 655 2823 magnopere
702 2729 1002 2821 pertimescendum
1041 2751 1113 2801 esse
1151 2731 1272 2801 iudico.
1333 2731 1424 2802 Nihil
1464 2732 1558 2802 enim
1596 2731 1657 2801 illis

454 2865 576 2947 preter
607 2878 699 2948 spem
730 2867 829 2948 atqua
865 2857 1011 2926 animam
1043 2856 1176 2927 lortuna
1206 2859 1403 2928 reservavit:
1443 2859 1585 2928 alteram
1618 2856 1657 2925 ad

453 2978 670 3050 differendam
715 2981 790 3049 ritae
831 2981 1075 3060 necessitatem,
1121 2983 1258 3053 alteram
1300 2983 1343 3053 ad
1381 2983 1522 3053 livorem
1565 3003 1658 3052 suum

452 3101 631 3193 magnifiee
669 3103 963 3174 accommodatam.
1010 3105 1101 3176 Nihil
1140 3106 1206 3176 illis
1239 3106 1537 3199 contemptibilius:
1579 3127 1658 3198 quos

451 3224 615 3316 siquidem
638 3225 824 3296 rudimenta
851 3227 924 3296 vitae
950 3228 1107 3299 naduetae
1134 3230 1166 3296 in
1184 3229 1248 3298 bac
1264 3229 1458 3300 tenuissima
1475 3252 1524 3310 re,
1556 3229 1659 3323 depo·

451 3349 514 3418 elta
540 3370 630 3419 nunc
660 3349 693 3416 in
720 3348 925 3439 gladiatoriis
950 3350 1156 3432 muneribus,
1181 3375 1271 3424 nune
1296 3353 1362 3422 alia
1387 3353 1547 3424 facinoris
1572 3363 1660 3424 atro-

452 3472 561 3556 citate,
601 3472 719 3566 partim
752 3473 794 3542 ad
828 3496 928 3545 omno
962 3476 1081 3555 scelus,
1124 3476 1244 3568 partim
1282 3477 1324 3547 ad
1362 3499 1498 3548 omnem
1532 3477 1660 3571 patien-

344 3607 345 3610 ’
451 3596 532 3666 bam
557 3596 761 3668 erudierunt.
801 3600 925 3669 Verum
951 3599 1005 3670 beo
1030 3610 1153 3693 pestes,
1179 3602 1342 3672 sententia
1368 3624 1456 3683 mea,
1491 3625 1562 3696 quo
1588 3602 1660 3672 lue-

451 3719 520 3790 rint
554 3720 769 3800 abiectiores,
814 3743 855 3791 oo
895 3723 1004 3814 magis
1040 3723 1306 3796 extimescendas
1337 3747 1412 3795 esse
1445 3747 1543 3805 reor,
1587 3737 1661 3796 tan·

452 3863 554 3934 quam
592 3854 753 3936 perpetuo
789 3844 991 3916 seditionum
1029 3846 1179 3917 civilium
1214 3869 1253 3920 ec
1283 3869 1397 3918 rerum
1431 3850 1661 3920 novandarum

450 3968 675 4040 avidissimas:
712 3971 781 4040 rive
810 3972 889 4065 quio
924 3973 1126 4066 voluptatem
1159 3975 1293 4067 capiant
1321 3998 1365 4044 ex
1391 3996 1537 4044 moerore
1563 3974 1661 4046 socia:

451 4091 663 4176 calamitatis,
702 4093 770 4164 sivo
812 4095 892 4187 quia
925 4095 1093 4166 civitatum
1132 4097 1277 4168 versutia
1315 4096 1572 4168 mutabilitatem
1606 4120 1662 4168 re-

450 4241 525 4288 rnm
542 4239 677 4288 suarum
695 4217 849 4310 portendi
874 4219 1018 4311 quodam
1037 4221 1137 4292 mmo
1162 4222 1374 4294 arbitrantur.
1411 4222 1457 4294 Hi
1482 4233 1561 4294 suut
1585 4223 1663 4314 qui·

451 4340 540 4424 dem,
567 4363 651 4433 quos
677 4340 711 4410 in
737 4340 810 4410 loro
835 4341 983 4434 quotidie
1011 4343 1044 4412 in
1070 4345 1177 4416 oculis
1203 4345 1326 4416 civium
1356 4345 1598 4416 calamistratos
1624 4369 1663 4416 ao

450 4465 598 4536 vestibus
623 4466 824 4536 collucentes
849 4466 971 4557 passim
997 4467 1180 4540 obvolitare
1203 4471 1380 4550 cernimus,
1410 4471 1563 4542 sonunas
1587 4493 1663 4539 om-

453 4586 545 4656 nium
570 4587 780 4680 popularium
816 4600 916 4681 atque
949 4590 1052 4662 otium
1079 4591 1219 4664 civitatis
1245 4593 1430 4664 luminibus
1456 4594 1663 4685 consignan-

452 4719 519 4777 tes:
547 4711 605 4802 qni
631 4733 697 4779 non
716 4711 814 4780 modo
833 4713 952 4782 arrecti
975 4727 1172 4804 permanent
1190 4716 1231 4786 ad
1249 4717 1530 4809 opportunitatem
1549 4719 1663 4789 cuins·
