<?xml version="1.0" encoding="UTF-8"?>
<!DOCTYPE html PUBLIC "-//W3C//DTD XHTML 1.0 Transitional//EN"
    "http://www.w3.org/TR/xhtml1/DTD/xhtml1-transitional.dtd">
<html xmlns="http://www.w3.org/1999/xhtml" xml:lang="en" lang="en">
 <head>
  <title>
</title>
<meta http-equiv="Content-Type" content="text/html;charset=utf-8" />
  <meta name='ocr-system' content='tesseract 3.04.00' />
  <meta name='ocr-capabilities' content='ocr_page ocr_carea ocr_par ocr_line ocrx_word'/>
</head>
<body>
  <div class='ocr_page' id='page_1' title='image "./gaisalustiicris00rothgoog_0071.png"; bbox 0 0 3610 5592; ppageno 0'>
   <div class='ocr_carea' id='block_1_1' title="bbox 498 644 545 714">
    <p class='ocr_par' dir='ltr' id='par_1_1' title="bbox 498 644 545 714">
     <span class='ocr_line' id='line_1_1' title="bbox 498 644 545 714; baseline -0.043 0"><span class='ocrx_word' id='word_1_1' title='bbox 498 644 545 714; x_wconf 63' lang='lat' dir='ltr'><strong>3AE</strong></span> 
     </span>
    </p>
   </div>
   <div class='ocr_carea' id='block_1_2' title="bbox 420 843 1718 4795">
    <p class='ocr_par' dir='ltr' id='par_1_2' title="bbox 499 843 1685 936">
     <span class='ocr_line' id='line_1_2' title="bbox 499 843 1685 936; baseline 0.001 -22"><span class='ocrx_word' id='word_1_2' title='bbox 499 855 624 916; x_wconf 88' lang='lat' dir='ltr'><strong>ceteros</strong></span> <span class='ocrx_word' id='word_1_3' title='bbox 655 855 744 914; x_wconf 91' lang='lat' dir='ltr'><strong>metu</strong></span> <span class='ocrx_word' id='word_1_4' title='bbox 771 852 904 914; x_wconf 90' lang='lat' dir='ltr'><strong>terrere.</strong></span> <span class='ocrx_word' id='word_1_5' title='bbox 957 845 1006 912; x_wconf 84' lang='lat' dir='ltr'><strong>lta</strong></span> <span class='ocrx_word' id='word_1_6' title='bbox 1041 843 1170 924; x_wconf 87' lang='lat' dir='ltr'><strong>civitas,</strong></span> <span class='ocrx_word' id='word_1_7' title='bbox 1206 843 1359 913; x_wconf 83' lang='lat' dir='ltr'><strong>servitute</strong></span> <span class='ocrx_word' id='word_1_8' title='bbox 1383 863 1556 936; x_wconf 86' lang='lat' dir='ltr'><strong>oppressa,</strong></span> <span class='ocrx_word' id='word_1_9' title='bbox 1591 847 1685 916; x_wconf 81' lang='lat' dir='ltr'><strong>stulte</strong></span> 
     </span>
    </p>

    <p class='ocr_par' dir='ltr' id='par_1_3' title="bbox 498 965 1686 1060">
     <span class='ocr_line' id='line_1_3' title="bbox 498 965 1686 1060; baseline 0.001 -22"><span class='ocrx_word' id='word_1_10' title='bbox 498 969 618 1040; x_wconf 71' lang='lat' dir='ltr'><strong>laetitia</strong></span> <span class='ocrx_word' id='word_1_11' title='bbox 655 989 771 1058; x_wconf 88' lang='lat' dir='ltr'><strong>graves</strong></span> <span class='ocrx_word' id='word_1_12' title='bbox 804 987 919 1060; x_wconf 76' lang='lat' dir='ltr'><strong>penes</strong></span> <span class='ocrx_word' id='word_1_13' title='bbox 952 965 1053 1038; x_wconf 83' lang='lat' dir='ltr'><strong>dedit.</strong></span> <span class='ocrx_word' id='word_1_14' title='bbox 1104 968 1222 1038; x_wconf 90' lang='lat' dir='ltr'><strong>Nostra</strong></span> <span class='ocrx_word' id='word_1_15' title='bbox 1256 967 1419 1038; x_wconf 89' lang='lat' dir='ltr'><strong>memoria</strong></span> <span class='ocrx_word' id='word_1_16' title='bbox 1450 967 1555 1038; x_wconf 85' lang='lat' dir='ltr'><strong>victor</strong></span> <span class='ocrx_word' id='word_1_17' title='bbox 1592 969 1686 1052; x_wconf 83' lang='lat' dir='ltr'><strong>Sulla,</strong></span> 
     </span>
    </p>

    <p class='ocr_par' dir='ltr' id='par_1_4' title="bbox 498 1089 1688 1185">
     <span class='ocr_line' id='line_1_4' title="bbox 498 1089 1688 1185; baseline 0 -21"><span class='ocrx_word' id='word_1_18' title='bbox 498 1116 573 1164; x_wconf 89' lang='lat' dir='ltr'><strong>cum</strong></span> <span class='ocrx_word' id='word_1_19' title='bbox 596 1091 834 1184; x_wconf 75' lang='lat' dir='ltr'><strong>Damasippum</strong></span> <span class='ocrx_word' id='word_1_20' title='bbox 868 1100 901 1162; x_wconf 87' lang='lat' dir='ltr'><strong>at</strong></span> <span class='ocrx_word' id='word_1_21' title='bbox 930 1089 1013 1160; x_wconf 89' lang='lat' dir='ltr'><strong>alins</strong></span> <span class='ocrx_word' id='word_1_22' title='bbox 1038 1089 1244 1173; x_wconf 87' lang='lat' dir='ltr'><strong>huiusmodi,</strong></span> <span class='ocrx_word' id='word_1_23' title='bbox 1279 1093 1337 1185; x_wconf 85' lang='lat' dir='ltr'><strong>qui</strong></span> <span class='ocrx_word' id='word_1_24' title='bbox 1365 1093 1455 1163; x_wconf 87' lang='lat' dir='ltr'><strong>malo</strong></span> <span class='ocrx_word' id='word_1_25' title='bbox 1480 1091 1529 1162; x_wconf 90' lang='lat' dir='ltr'><strong>rei</strong></span> <span class='ocrx_word' id='word_1_26' title='bbox 1554 1094 1688 1185; x_wconf 81' lang='lat' dir='ltr'><strong>publica</strong></span> 
     </span>
    </p>

    <p class='ocr_par' dir='ltr' id='par_1_5' title="bbox 497 1213 1689 1308">
     <span class='ocr_line' id='line_1_5' title="bbox 497 1213 1689 1308; baseline -0.002 -18"><span class='ocrx_word' id='word_1_27' title='bbox 497 1227 686 1298; x_wconf 83' lang='lat' dir='ltr'><strong>creverant,</strong></span> <span class='ocrx_word' id='word_1_28' title='bbox 725 1213 869 1306; x_wconf 89' lang='lat' dir='ltr'><strong>iugulari</strong></span> <span class='ocrx_word' id='word_1_29' title='bbox 902 1214 1012 1296; x_wconf 88' lang='lat' dir='ltr'><strong>iussit,</strong></span> <span class='ocrx_word' id='word_1_30' title='bbox 1051 1215 1125 1308; x_wconf 91' lang='lat' dir='ltr'><strong>quis</strong></span> <span class='ocrx_word' id='word_1_31' title='bbox 1156 1239 1223 1286; x_wconf 95' lang='lat' dir='ltr'><strong>non</strong></span> <span class='ocrx_word' id='word_1_32' title='bbox 1255 1217 1378 1286; x_wconf 79' lang='lat' dir='ltr'><strong>iactum</strong></span> <span class='ocrx_word' id='word_1_33' title='bbox 1412 1217 1483 1287; x_wconf 89' lang='lat' dir='ltr'><strong>eins</strong></span> <span class='ocrx_word' id='word_1_34' title='bbox 1521 1217 1689 1288; x_wconf 75' lang='lat' dir='ltr'><strong>laudabat</strong></span> 
     </span>
    </p>

    <p class='ocr_par' dir='ltr' id='par_1_6' title="bbox 497 1337 1690 1434">
     <span class='ocr_line' id='line_1_6' title="bbox 497 1337 1690 1434; baseline 0 -22"><span class='ocrx_word' id='word_1_35' title='bbox 497 1341 646 1414; x_wconf 88' lang='lat' dir='ltr'><strong>homiues</strong></span> <span class='ocrx_word' id='word_1_36' title='bbox 672 1340 826 1412; x_wconf 87' lang='lat' dir='ltr'><strong>scelestos</strong></span> <span class='ocrx_word' id='word_1_37' title='bbox 851 1350 884 1408; x_wconf 88' lang='lat' dir='ltr'><strong>et</strong></span> <span class='ocrx_word' id='word_1_38' title='bbox 908 1337 1079 1420; x_wconf 73' lang='lat' dir='ltr'><strong>faedosos,</strong></span> <span class='ocrx_word' id='word_1_39' title='bbox 1114 1341 1171 1434; x_wconf 87' lang='lat' dir='ltr'><strong>qui</strong></span> <span class='ocrx_word' id='word_1_40' title='bbox 1196 1339 1410 1412; x_wconf 74' lang='lat' dir='ltr'><strong>seditionibus</strong></span> <span class='ocrx_word' id='word_1_41' title='bbox 1434 1363 1505 1412; x_wconf 87' lang='lat' dir='ltr'><strong>rem</strong></span> <span class='ocrx_word' id='word_1_42' title='bbox 1531 1343 1690 1434; x_wconf 83' lang='lat' dir='ltr'><strong>publicam</strong></span> 
     </span>
    </p>

    <p class='ocr_par' dir='ltr' id='par_1_7' title="bbox 420 1463 1690 1558">
     <span class='ocr_line' id='line_1_7' title="bbox 420 1463 1690 1558; baseline 0.001 -22"><span class='ocrx_word' id='word_1_43' title='bbox 420 1479 422 1484; x_wconf 87' lang='grc'><strong>’</strong></span> <span class='ocrx_word' id='word_1_44' title='bbox 497 1467 763 1558; x_wconf 78' lang='lat' dir='ltr'><strong>exagitaverant,</strong></span> <span class='ocrx_word' id='word_1_45' title='bbox 802 1463 919 1534; x_wconf 88' lang='lat' dir='ltr'><strong>merito</strong></span> <span class='ocrx_word' id='word_1_46' title='bbox 950 1472 1084 1534; x_wconf 86' lang='lat' dir='ltr'><strong>necatos</strong></span> <span class='ocrx_word' id='word_1_47' title='bbox 1120 1464 1264 1534; x_wconf 82' lang='lat' dir='ltr'><strong>aiebant.</strong></span> <span class='ocrx_word' id='word_1_48' title='bbox 1316 1465 1381 1536; x_wconf 85' lang='lat' dir='ltr'><strong>Sed</strong></span> <span class='ocrx_word' id='word_1_49' title='bbox 1423 1487 1463 1535; x_wconf 90' lang='lat' dir='ltr'><strong>ea</strong></span> <span class='ocrx_word' id='word_1_50' title='bbox 1488 1487 1541 1534; x_wconf 89' lang='lat' dir='ltr'><strong>res</strong></span> <span class='ocrx_word' id='word_1_51' title='bbox 1566 1487 1690 1557; x_wconf 80' lang='lat' dir='ltr'><strong>magna</strong></span> 
     </span>
    </p>

    <p class='ocr_par' dir='ltr' id='par_1_8' title="bbox 498 1587 1694 1682">
     <span class='ocr_line' id='line_1_8' title="bbox 498 1587 1694 1682; baseline -0.001 -22"><span class='ocrx_word' id='word_1_52' title='bbox 498 1589 628 1662; x_wconf 87' lang='lat' dir='ltr'><strong>initium</strong></span> <span class='ocrx_word' id='word_1_53' title='bbox 653 1589 755 1660; x_wconf 89' lang='lat' dir='ltr'><strong>cladis</strong></span> <span class='ocrx_word' id='word_1_54' title='bbox 781 1588 851 1658; x_wconf 85' lang='lat' dir='ltr'><strong>fnit.</strong></span> <span class='ocrx_word' id='word_1_55' title='bbox 894 1588 977 1658; x_wconf 89' lang='lat' dir='ltr'><strong>Nam</strong></span> <span class='ocrx_word' id='word_1_56' title='bbox 1004 1587 1051 1659; x_wconf 89' lang='lat' dir='ltr'><strong>uti</strong></span> <span class='ocrx_word' id='word_1_57' title='bbox 1076 1587 1216 1682; x_wconf 86' lang='lat' dir='ltr'><strong>quisque</strong></span> <span class='ocrx_word' id='word_1_58' title='bbox 1243 1587 1376 1659; x_wconf 92' lang='lat' dir='ltr'><strong>domum</strong></span> <span class='ocrx_word' id='word_1_59' title='bbox 1402 1589 1581 1674; x_wconf 82' lang='lat' dir='ltr'><strong>autuillas,</strong></span> <span class='ocrx_word' id='word_1_60' title='bbox 1607 1602 1694 1682; x_wconf 86' lang='lat' dir='ltr'><strong>post-</strong></span> 
     </span>
    </p>

    <p class='ocr_par' dir='ltr' id='par_1_9' title="bbox 497 1710 1693 1807">
     <span class='ocr_line' id='line_1_9' title="bbox 497 1710 1693 1807; baseline -0.001 -22"><span class='ocrx_word' id='word_1_61' title='bbox 497 1737 589 1785; x_wconf 92' lang='lat' dir='ltr'><strong>remo</strong></span> <span class='ocrx_word' id='word_1_62' title='bbox 613 1735 670 1785; x_wconf 83' lang='lat' dir='ltr'><strong>vas</strong></span> <span class='ocrx_word' id='word_1_63' title='bbox 684 1725 740 1785; x_wconf 85' lang='lat' dir='ltr'><strong>ant</strong></span> <span class='ocrx_word' id='word_1_64' title='bbox 757 1711 984 1782; x_wconf 85' lang='lat' dir='ltr'><strong>vestimentum</strong></span> <span class='ocrx_word' id='word_1_65' title='bbox 1006 1710 1146 1782; x_wconf 91' lang='lat' dir='ltr'><strong>alicuius</strong></span> <span class='ocrx_word' id='word_1_66' title='bbox 1161 1713 1407 1805; x_wconf 82' lang='lat' dir='ltr'><strong>concupiverat,</strong></span> <span class='ocrx_word' id='word_1_67' title='bbox 1433 1712 1533 1785; x_wconf 85' lang='lat' dir='ltr'><strong>dabat</strong></span> <span class='ocrx_word' id='word_1_68' title='bbox 1549 1735 1693 1807; x_wconf 90' lang='lat' dir='ltr'><strong>operam,</strong></span> 
     </span>
    </p>

    <p class='ocr_par' dir='ltr' id='par_1_10' title="bbox 496 1836 1696 1931">
     <span class='ocr_line' id='line_1_10' title="bbox 496 1836 1696 1931; baseline -0.003 -21"><span class='ocrx_word' id='word_1_69' title='bbox 496 1851 533 1910; x_wconf 86' lang='lat' dir='ltr'><strong>ut</strong></span> <span class='ocrx_word' id='word_1_70' title='bbox 557 1839 584 1909; x_wconf 86' lang='lat' dir='ltr'><strong>ie</strong></span> <span class='ocrx_word' id='word_1_71' title='bbox 610 1838 644 1907; x_wconf 94' lang='lat' dir='ltr'><strong>in</strong></span> <span class='ocrx_word' id='word_1_72' title='bbox 669 1836 924 1930; x_wconf 88' lang='lat' dir='ltr'><strong>proscriptorum</strong></span> <span class='ocrx_word' id='word_1_73' title='bbox 948 1857 1089 1906; x_wconf 89' lang='lat' dir='ltr'><strong>numero</strong></span> <span class='ocrx_word' id='word_1_74' title='bbox 1114 1847 1208 1906; x_wconf 87' lang='lat' dir='ltr'><strong>esset.</strong></span> <span class='ocrx_word' id='word_1_75' title='bbox 1259 1839 1307 1908; x_wconf 89' lang='lat' dir='ltr'><strong>lta</strong></span> <span class='ocrx_word' id='word_1_76' title='bbox 1333 1837 1403 1919; x_wconf 86' lang='lat' dir='ltr'><strong>iiii,</strong></span> <span class='ocrx_word' id='word_1_77' title='bbox 1428 1839 1549 1931; x_wconf 81' lang='lat' dir='ltr'><strong>quibus</strong></span> <span class='ocrx_word' id='word_1_78' title='bbox 1573 1841 1696 1910; x_wconf 88' lang='lat' dir='ltr'><strong>Dama-</strong></span> 
     </span>
    </p>

    <p class='ocr_par' dir='ltr' id='par_1_11' title="bbox 496 1937 1718 4795">
     <span class='ocr_line' id='line_1_11' title="bbox 496 1937 1697 2056; baseline -0.002 -23"><span class='ocrx_word' id='word_1_79' title='bbox 496 1963 581 2056; x_wconf 90' lang='lat' dir='ltr'><strong>sippi</strong></span> <span class='ocrx_word' id='word_1_80' title='bbox 606 1937 707 2031; x_wconf 72' lang='lat' dir='ltr'><strong>mors⁸</strong></span> <span class='ocrx_word' id='word_1_81' title='bbox 720 1959 841 2030; x_wconf 81' lang='lat' dir='ltr'><strong>iaetitiae</strong></span> <span class='ocrx_word' id='word_1_82' title='bbox 866 1959 988 2040; x_wconf 78' lang='lat' dir='ltr'><strong>iuerat,</strong></span> <span class='ocrx_word' id='word_1_83' title='bbox 1014 1960 1114 2053; x_wconf 90' lang='lat' dir='ltr'><strong>paulo</strong></span> <span class='ocrx_word' id='word_1_84' title='bbox 1140 1972 1213 2054; x_wconf 87' lang='lat' dir='ltr'><strong>post</strong></span> <span class='ocrx_word' id='word_1_85' title='bbox 1237 1961 1300 2054; x_wconf 90' lang='lat' dir='ltr'><strong>ipsi</strong></span> <span class='ocrx_word' id='word_1_86' title='bbox 1330 1961 1563 2043; x_wconf 78' lang='lat' dir='ltr'><strong>trahebantur3</strong></span> <span class='ocrx_word' id='word_1_87' title='bbox 1589 1985 1697 2056; x_wconf 86' lang='lat' dir='ltr'><strong>neque</strong></span> 
     </span>
     <span class='ocr_line' id='line_1_12' title="bbox 496 2083 1699 2180; baseline -0.002 -23"><span class='ocrx_word' id='word_1_88' title='bbox 496 2087 587 2180; x_wconf 90' lang='lat' dir='ltr'><strong>prius</strong></span> <span class='ocrx_word' id='word_1_89' title='bbox 611 2084 686 2154; x_wconf 84' lang='lat' dir='ltr'><strong>bnis</strong></span> <span class='ocrx_word' id='word_1_90' title='bbox 710 2083 883 2176; x_wconf 76' lang='lat' dir='ltr'><strong>iugulandi</strong></span> <span class='ocrx_word' id='word_1_91' title='bbox 908 2084 982 2164; x_wconf 84' lang='lat' dir='ltr'><strong>suit,</strong></span> <span class='ocrx_word' id='word_1_92' title='bbox 1009 2105 1110 2177; x_wconf 88' lang='lat' dir='ltr'><strong>quem</strong></span> <span class='ocrx_word' id='word_1_93' title='bbox 1136 2084 1228 2155; x_wconf 85' lang='lat' dir='ltr'><strong>Sulla</strong></span> <span class='ocrx_word' id='word_1_94' title='bbox 1253 2107 1367 2155; x_wconf 91' lang='lat' dir='ltr'><strong>omnes</strong></span> <span class='ocrx_word' id='word_1_95' title='bbox 1392 2107 1468 2156; x_wconf 91' lang='lat' dir='ltr'><strong>snos</strong></span> <span class='ocrx_word' id='word_1_96' title='bbox 1492 2086 1613 2157; x_wconf 87' lang='lat' dir='ltr'><strong>divitiis</strong></span> <span class='ocrx_word' id='word_1_97' title='bbox 1639 2109 1699 2155; x_wconf 89' lang='lat' dir='ltr'><strong>cx·</strong></span> 
     </span>
     <span class='ocr_line' id='line_1_13' title="bbox 497 2208 1700 2305; baseline -0.001 -24"><span class='ocrx_word' id='word_1_98' title='bbox 497 2211 608 2305; x_wconf 76' lang='lat' dir='ltr'><strong>pierii.</strong></span> <span class='ocrx_word' id='word_1_99' title='bbox 658 2211 767 2302; x_wconf 81' lang='lat' dir='ltr'><strong>Atque</strong></span> <span class='ocrx_word' id='word_1_100' title='bbox 793 2229 856 2300; x_wconf 84' lang='lat' dir='ltr'><strong>ego</strong></span> <span class='ocrx_word' id='word_1_101' title='bbox 881 2209 953 2278; x_wconf 82' lang='lat' dir='ltr'><strong>baec</strong></span> <span class='ocrx_word' id='word_1_102' title='bbox 978 2229 1045 2278; x_wconf 92' lang='lat' dir='ltr'><strong>non</strong></span> <span class='ocrx_word' id='word_1_103' title='bbox 1072 2208 1105 2277; x_wconf 92' lang='lat' dir='ltr'><strong>in</strong></span> <span class='ocrx_word' id='word_1_104' title='bbox 1130 2210 1176 2280; x_wconf 84' lang='grc' dir='ltr'><strong>Μ.</strong></span> <span class='ocrx_word' id='word_1_105' title='bbox 1196 2209 1307 2279; x_wconf 85' lang='lat' dir='ltr'><strong>Tullio</strong></span> <span class='ocrx_word' id='word_1_106' title='bbox 1331 2231 1440 2303; x_wconf 88' lang='lat' dir='ltr'><strong>neque</strong></span> <span class='ocrx_word' id='word_1_107' title='bbox 1466 2210 1517 2284; x_wconf 90' lang='lat' dir='ltr'><strong>his</strong></span> <span class='ocrx_word' id='word_1_108' title='bbox 1542 2211 1700 2303; x_wconf 88' lang='lat' dir='ltr'><strong>tempori-</strong></span> 
     </span>
     <span class='ocr_line' id='line_1_14' title="bbox 496 2331 1699 2425; baseline -0.001 -20"><span class='ocrx_word' id='word_1_109' title='bbox 496 2335 558 2405; x_wconf 93' lang='lat' dir='ltr'><strong>bus</strong></span> <span class='ocrx_word' id='word_1_110' title='bbox 581 2355 715 2413; x_wconf 87' lang='lat' dir='ltr'><strong>vereor;</strong></span> <span class='ocrx_word' id='word_1_111' title='bbox 740 2331 798 2402; x_wconf 87' lang='lat' dir='ltr'><strong>sed</strong></span> <span class='ocrx_word' id='word_1_112' title='bbox 824 2332 859 2402; x_wconf 95' lang='lat' dir='ltr'><strong>in</strong></span> <span class='ocrx_word' id='word_1_113' title='bbox 876 2353 997 2423; x_wconf 84' lang='lat' dir='ltr'><strong>magna</strong></span> <span class='ocrx_word' id='word_1_114' title='bbox 1013 2331 1143 2401; x_wconf 88' lang='lat' dir='ltr'><strong>civitate</strong></span> <span class='ocrx_word' id='word_1_115' title='bbox 1160 2332 1264 2402; x_wconf 84' lang='lat' dir='ltr'><strong>muita</strong></span> <span class='ocrx_word' id='word_1_116' title='bbox 1290 2341 1322 2401; x_wconf 92' lang='lat' dir='ltr'><strong>et</strong></span> <span class='ocrx_word' id='word_1_117' title='bbox 1346 2333 1437 2402; x_wconf 86' lang='lat' dir='ltr'><strong>varie</strong></span> <span class='ocrx_word' id='word_1_118' title='bbox 1462 2333 1597 2425; x_wconf 86' lang='lat' dir='ltr'><strong>ingenia</strong></span> <span class='ocrx_word' id='word_1_119' title='bbox 1613 2345 1699 2404; x_wconf 77' lang='lat' dir='ltr'><strong>sunt</strong></span> 
     </span>
     <span class='ocr_line' id='line_1_15' title="bbox 497 2454 1700 2548; baseline 0.002 -22"><span class='ocrx_word' id='word_1_120' title='bbox 497 2458 605 2526; x_wconf 82' lang='lat' dir='ltr'><strong>Potest</strong></span> <span class='ocrx_word' id='word_1_121' title='bbox 630 2456 697 2527; x_wconf 88' lang='lat' dir='ltr'><strong>alio</strong></span> <span class='ocrx_word' id='word_1_122' title='bbox 720 2465 883 2548; x_wconf 85' lang='lat' dir='ltr'><strong>tempore,</strong></span> <span class='ocrx_word' id='word_1_123' title='bbox 909 2454 977 2526; x_wconf 87' lang='lat' dir='ltr'><strong>alio</strong></span> <span class='ocrx_word' id='word_1_124' title='bbox 1002 2455 1155 2536; x_wconf 90' lang='lat' dir='ltr'><strong>consule,</strong></span> <span class='ocrx_word' id='word_1_125' title='bbox 1182 2454 1237 2524; x_wconf 91' lang='lat' dir='ltr'><strong>cni</strong></span> <span class='ocrx_word' id='word_1_126' title='bbox 1262 2454 1340 2525; x_wconf 90' lang='lat' dir='ltr'><strong>item</strong></span> <span class='ocrx_word' id='word_1_127' title='bbox 1358 2455 1523 2526; x_wconf 89' lang='lat' dir='ltr'><strong>exercitus</strong></span> <span class='ocrx_word' id='word_1_128' title='bbox 1540 2457 1575 2528; x_wconf 92' lang='lat' dir='ltr'><strong>in</strong></span> <span class='ocrx_word' id='word_1_129' title='bbox 1599 2481 1700 2529; x_wconf 91' lang='lat' dir='ltr'><strong>manu</strong></span> 
     </span>
     <span class='ocr_line' id='line_1_16' title="bbox 496 2580 1703 2676; baseline 0 -24"><span class='ocrx_word' id='word_1_130' title='bbox 496 2581 556 2664; x_wconf 87' lang='lat' dir='ltr'><strong>sit,</strong></span> <span class='ocrx_word' id='word_1_131' title='bbox 591 2581 709 2652; x_wconf 81' lang='lat' dir='ltr'><strong>falsum</strong></span> <span class='ocrx_word' id='word_1_132' title='bbox 742 2580 868 2674; x_wconf 86' lang='lat' dir='ltr'><strong>aliquid</strong></span> <span class='ocrx_word' id='word_1_133' title='bbox 905 2603 966 2674; x_wconf 91' lang='lat' dir='ltr'><strong>pro</strong></span> <span class='ocrx_word' id='word_1_134' title='bbox 1000 2603 1079 2652; x_wconf 86' lang='lat' dir='ltr'><strong>veru</strong></span> <span class='ocrx_word' id='word_1_135' title='bbox 1111 2581 1224 2662; x_wconf 87' lang='lat' dir='ltr'><strong>credi;</strong></span> <span class='ocrx_word' id='word_1_136' title='bbox 1260 2582 1318 2653; x_wconf 93' lang='lat' dir='ltr'><strong>ubi</strong></span> <span class='ocrx_word' id='word_1_137' title='bbox 1351 2581 1416 2652; x_wconf 90' lang='lat' dir='ltr'><strong>hoc</strong></span> <span class='ocrx_word' id='word_1_138' title='bbox 1445 2583 1598 2675; x_wconf 92' lang='lat' dir='ltr'><strong>exemplo</strong></span> <span class='ocrx_word' id='word_1_139' title='bbox 1641 2605 1703 2676; x_wconf 87' lang='lat' dir='ltr'><strong>per</strong></span> 
     </span>
     <span class='ocr_line' id='line_1_17' title="bbox 496 2707 1704 2804; baseline -0.002 -26"><span class='ocrx_word' id='word_1_140' title='bbox 496 2717 628 2779; x_wconf 87' lang='lat' dir='ltr'><strong>senatus</strong></span> <span class='ocrx_word' id='word_1_141' title='bbox 656 2708 824 2779; x_wconf 89' lang='lat' dir='ltr'><strong>decretum</strong></span> <span class='ocrx_word' id='word_1_142' title='bbox 856 2709 971 2778; x_wconf 92' lang='lat' dir='ltr'><strong>consul</strong></span> <span class='ocrx_word' id='word_1_143' title='bbox 996 2707 1144 2800; x_wconf 84' lang='lat' dir='ltr'><strong>gladium</strong></span> <span class='ocrx_word' id='word_1_144' title='bbox 1162 2708 1326 2790; x_wconf 83' lang='lat' dir='ltr'><strong>eduxerit,</strong></span> <span class='ocrx_word' id='word_1_145' title='bbox 1352 2711 1426 2804; x_wconf 77' lang='lat' dir='ltr'><strong>quis</strong></span> <span class='ocrx_word' id='word_1_146' title='bbox 1441 2708 1492 2779; x_wconf 86' lang='lat' dir='ltr'><strong>itti</strong></span> <span class='ocrx_word' id='word_1_147' title='bbox 1516 2708 1618 2778; x_wconf 84' lang='lat' dir='ltr'><strong>finem</strong></span> <span class='ocrx_word' id='word_1_148' title='bbox 1635 2716 1704 2776; x_wconf 88' lang='lat' dir='ltr'><strong>sta-</strong></span> 
     </span>
     <span class='ocr_line' id='line_1_18' title="bbox 497 2833 1704 2929; baseline -0.002 -25"><span class='ocrx_word' id='word_1_149' title='bbox 497 2843 583 2917; x_wconf 87' lang='lat' dir='ltr'><strong>tuet,</strong></span> <span class='ocrx_word' id='word_1_150' title='bbox 610 2845 666 2904; x_wconf 90' lang='lat' dir='ltr'><strong>aut</strong></span> <span class='ocrx_word' id='word_1_151' title='bbox 689 2834 762 2928; x_wconf 86' lang='lat' dir='ltr'><strong>quis</strong></span> <span class='ocrx_word' id='word_1_152' title='bbox 787 2833 1029 2905; x_wconf 80' lang='lat' dir='ltr'><strong>modeiabituri</strong></span> <span class='ocrx_word' id='word_1_153' title='bbox 1066 2835 1208 2906; x_wconf 81' lang='lat' dir='ltr'><strong>Maiores</strong></span> <span class='ocrx_word' id='word_1_154' title='bbox 1234 2835 1351 2917; x_wconf 88' lang='lat' dir='ltr'><strong>nostri,</strong></span> <span class='ocrx_word' id='word_1_155' title='bbox 1377 2846 1486 2929; x_wconf 87' lang='lat' dir='ltr'><strong>patres</strong></span> <span class='ocrx_word' id='word_1_156' title='bbox 1512 2833 1704 2924; x_wconf 84' lang='lat' dir='ltr'><strong>conscripti,</strong></span> 
     </span>
     <span class='ocr_line' id='line_1_19' title="bbox 497 2956 1706 3052; baseline -0.002 -26"><span class='ocrx_word' id='word_1_157' title='bbox 497 2979 607 3050; x_wconf 86' lang='lat' dir='ltr'><strong>neque</strong></span> <span class='ocrx_word' id='word_1_158' title='bbox 641 2957 769 3029; x_wconf 82' lang='lat' dir='ltr'><strong>consilii</strong></span> <span class='ocrx_word' id='word_1_159' title='bbox 807 2979 916 3051; x_wconf 88' lang='lat' dir='ltr'><strong>neque</strong></span> <span class='ocrx_word' id='word_1_160' title='bbox 941 2958 1087 3028; x_wconf 76' lang='lat' dir='ltr'><strong>audacie</strong></span> <span class='ocrx_word' id='word_1_161' title='bbox 1121 2981 1278 3052; x_wconf 82' lang='lat' dir='ltr'><strong>nmquam</strong></span> <span class='ocrx_word' id='word_1_162' title='bbox 1312 2981 1453 3050; x_wconf 87' lang='lat' dir='ltr'><strong>egners,</strong></span> <span class='ocrx_word' id='word_1_163' title='bbox 1491 2980 1602 3050; x_wconf 86' lang='lat' dir='ltr'><strong>neque</strong></span> <span class='ocrx_word' id='word_1_164' title='bbox 1637 2956 1706 3026; x_wconf 91' lang='lat' dir='ltr'><strong>illis</strong></span> 
     </span>
     <span class='ocr_line' id='line_1_20' title="bbox 498 3079 1707 3174; baseline 0 -23"><span class='ocrx_word' id='word_1_165' title='bbox 498 3080 651 3174; x_wconf 89' lang='lat' dir='ltr'><strong>superbia</strong></span> <span class='ocrx_word' id='word_1_166' title='bbox 676 3079 845 3160; x_wconf 88' lang='lat' dir='ltr'><strong>obstabat,</strong></span> <span class='ocrx_word' id='word_1_167' title='bbox 871 3103 938 3172; x_wconf 87' lang='lat' dir='ltr'><strong>quo</strong></span> <span class='ocrx_word' id='word_1_168' title='bbox 963 3081 1071 3150; x_wconf 91' lang='lat' dir='ltr'><strong>minus</strong></span> <span class='ocrx_word' id='word_1_169' title='bbox 1096 3081 1206 3151; x_wconf 90' lang='lat' dir='ltr'><strong>aliena</strong></span> <span class='ocrx_word' id='word_1_170' title='bbox 1228 3081 1393 3163; x_wconf 88' lang='lat' dir='ltr'><strong>instituta,</strong></span> <span class='ocrx_word' id='word_1_171' title='bbox 1419 3080 1571 3152; x_wconf 90' lang='lat' dir='ltr'><strong>simodo</strong></span> <span class='ocrx_word' id='word_1_172' title='bbox 1597 3081 1707 3174; x_wconf 91' lang='lat' dir='ltr'><strong>proba</strong></span> 
     </span>
     <span class='ocr_line' id='line_1_21' title="bbox 499 3203 1707 3298; baseline 0.002 -24"><span class='ocrx_word' id='word_1_173' title='bbox 499 3215 611 3285; x_wconf 89' lang='lat' dir='ltr'><strong>erant,</strong></span> <span class='ocrx_word' id='word_1_174' title='bbox 637 3203 854 3274; x_wconf 84' lang='lat' dir='ltr'><strong>imitarentur.</strong></span> <span class='ocrx_word' id='word_1_175' title='bbox 905 3205 1008 3274; x_wconf 81' lang='lat' dir='ltr'><strong>Arma</strong></span> <span class='ocrx_word' id='word_1_176' title='bbox 1033 3215 1132 3298; x_wconf 82' lang='lat' dir='ltr'><strong>atque</strong></span> <span class='ocrx_word' id='word_1_177' title='bbox 1157 3207 1224 3276; x_wconf 87' lang='lat' dir='ltr'><strong>teia</strong></span> <span class='ocrx_word' id='word_1_178' title='bbox 1249 3206 1403 3277; x_wconf 90' lang='lat' dir='ltr'><strong>militaria</strong></span> <span class='ocrx_word' id='word_1_179' title='bbox 1429 3207 1471 3278; x_wconf 93' lang='lat' dir='ltr'><strong>ab</strong></span> <span class='ocrx_word' id='word_1_180' title='bbox 1489 3207 1707 3290; x_wconf 87' lang='lat' dir='ltr'><strong>Samnitibus,</strong></span> 
     </span>
     <span class='ocr_line' id='line_1_22' title="bbox 498 3325 1707 3422; baseline 0.007 -28"><span class='ocrx_word' id='word_1_181' title='bbox 498 3325 641 3417; x_wconf 87' lang='lat' dir='ltr'><strong>insignia</strong></span> <span class='ocrx_word' id='word_1_182' title='bbox 654 3326 903 3417; x_wconf 82' lang='lat' dir='ltr'><strong>magistratuum</strong></span> <span class='ocrx_word' id='word_1_183' title='bbox 919 3327 961 3396; x_wconf 91' lang='lat' dir='ltr'><strong>ab</strong></span> <span class='ocrx_word' id='word_1_184' title='bbox 974 3327 1088 3397; x_wconf 87' lang='lat' dir='ltr'><strong>Tuscis</strong></span> <span class='ocrx_word' id='word_1_185' title='bbox 1105 3329 1263 3422; x_wconf 89' lang='lat' dir='ltr'><strong>pleraque</strong></span> <span class='ocrx_word' id='word_1_186' title='bbox 1282 3340 1508 3422; x_wconf 87' lang='lat' dir='ltr'><strong>sumpserunt,</strong></span> <span class='ocrx_word' id='word_1_187' title='bbox 1534 3342 1707 3422; x_wconf 86' lang='lat' dir='ltr'><strong>postremo</strong></span> 
     </span>
     <span class='ocr_line' id='line_1_23' title="bbox 498 3451 1710 3545; baseline 0.004 -24"><span class='ocrx_word' id='word_1_188' title='bbox 498 3451 586 3545; x_wconf 90' lang='lat' dir='ltr'><strong>quod</strong></span> <span class='ocrx_word' id='word_1_189' title='bbox 610 3451 735 3545; x_wconf 90' lang='lat' dir='ltr'><strong>ubique</strong></span> <span class='ocrx_word' id='word_1_190' title='bbox 765 3451 853 3545; x_wconf 89' lang='lat' dir='ltr'><strong>apud</strong></span> <span class='ocrx_word' id='word_1_191' title='bbox 877 3452 982 3522; x_wconf 88' lang='lat' dir='ltr'><strong>socios</strong></span> <span class='ocrx_word' id='word_1_192' title='bbox 1007 3464 1063 3522; x_wconf 89' lang='lat' dir='ltr'><strong>aut</strong></span> <span class='ocrx_word' id='word_1_193' title='bbox 1088 3452 1198 3524; x_wconf 90' lang='lat' dir='ltr'><strong>hostes</strong></span> <span class='ocrx_word' id='word_1_194' title='bbox 1224 3454 1380 3525; x_wconf 90' lang='lat' dir='ltr'><strong>idoneum</strong></span> <span class='ocrx_word' id='word_1_195' title='bbox 1406 3455 1593 3538; x_wconf 85' lang='lat' dir='ltr'><strong>videbatur,</strong></span> <span class='ocrx_word' id='word_1_196' title='bbox 1628 3479 1710 3526; x_wconf 93' lang='lat' dir='ltr'><strong>cum</strong></span> 
     </span>
     <span class='ocr_line' id='line_1_24' title="bbox 499 3575 1711 3673; baseline 0.004 -29"><span class='ocrx_word' id='word_1_197' title='bbox 499 3595 627 3644; x_wconf 92' lang='lat' dir='ltr'><strong>summo</strong></span> <span class='ocrx_word' id='word_1_198' title='bbox 664 3575 770 3644; x_wconf 90' lang='lat' dir='ltr'><strong>studio</strong></span> <span class='ocrx_word' id='word_1_199' title='bbox 807 3576 898 3646; x_wconf 92' lang='lat' dir='ltr'><strong>domi</strong></span> <span class='ocrx_word' id='word_1_200' title='bbox 941 3577 1207 3670; x_wconf 83' lang='lat' dir='ltr'><strong>exequebantur,</strong></span> <span class='ocrx_word' id='word_1_201' title='bbox 1250 3578 1371 3648; x_wconf 85' lang='lat' dir='ltr'><strong>imitari</strong></span> <span class='ocrx_word' id='word_1_202' title='bbox 1410 3602 1510 3673; x_wconf 90' lang='lat' dir='ltr'><strong>quam</strong></span> <span class='ocrx_word' id='word_1_203' title='bbox 1552 3579 1711 3651; x_wconf 85' lang='lat' dir='ltr'><strong>invidere</strong></span> 
     </span>
     <span class='ocr_line' id='line_1_25' title="bbox 498 3695 1712 3795; baseline 0.006 -27"><span class='ocrx_word' id='word_1_204' title='bbox 498 3695 594 3768; x_wconf 87' lang='lat' dir='ltr'><strong>bonis</strong></span> <span class='ocrx_word' id='word_1_205' title='bbox 626 3697 802 3768; x_wconf 86' lang='lat' dir='ltr'><strong>malebant.</strong></span> <span class='ocrx_word' id='word_1_206' title='bbox 854 3697 918 3768; x_wconf 93' lang='lat' dir='ltr'><strong>Sed</strong></span> <span class='ocrx_word' id='word_1_207' title='bbox 947 3699 1064 3770; x_wconf 91' lang='lat' dir='ltr'><strong>eudem</strong></span> <span class='ocrx_word' id='word_1_208' title='bbox 1098 3701 1156 3771; x_wconf 88' lang='lat' dir='ltr'><strong>itlo</strong></span> <span class='ocrx_word' id='word_1_209' title='bbox 1196 3713 1362 3795; x_wconf 86' lang='lat' dir='ltr'><strong>tempore,</strong></span> <span class='ocrx_word' id='word_1_210' title='bbox 1401 3703 1537 3774; x_wconf 75' lang='lat' dir='ltr'><strong>Graecia</strong></span> <span class='ocrx_word' id='word_1_211' title='bbox 1573 3727 1712 3775; x_wconf 90' lang='lat' dir='ltr'><strong>morem</strong></span> 
     </span>
     <span class='ocr_line' id='line_1_26' title="bbox 499 3819 1713 3908; baseline 0.009 -20"><span class='ocrx_word' id='word_1_212' title='bbox 499 3819 630 3904; x_wconf 88' lang='lat' dir='ltr'><strong>imitati,</strong></span> <span class='ocrx_word' id='word_1_213' title='bbox 663 3821 854 3893; x_wconf 87' lang='lat' dir='ltr'><strong>verberibus</strong></span> <span class='ocrx_word' id='word_1_214' title='bbox 880 3823 1186 3895; x_wconf 85' lang='lat' dir='ltr'><strong>animadvortebant</strong></span> <span class='ocrx_word' id='word_1_215' title='bbox 1211 3825 1245 3894; x_wconf 91' lang='lat' dir='ltr'><strong>in</strong></span> <span class='ocrx_word' id='word_1_216' title='bbox 1271 3826 1377 3908; x_wconf 85' lang='lat' dir='ltr'><strong>circs,</strong></span> <span class='ocrx_word' id='word_1_217' title='bbox 1411 3826 1451 3897; x_wconf 90' lang='lat' dir='ltr'><strong>de</strong></span> <span class='ocrx_word' id='word_1_218' title='bbox 1477 3828 1713 3900; x_wconf 88' lang='lat' dir='ltr'><strong>condemnatis</strong></span> 
     </span>
     <span class='ocr_line' id='line_1_27' title="bbox 497 3947 1716 4047; baseline 0.007 -32"><span class='ocrx_word' id='word_1_219' title='bbox 497 3967 664 4016; x_wconf 90' lang='lat' dir='ltr'><strong>summum</strong></span> <span class='ocrx_word' id='word_1_220' title='bbox 689 3947 887 4041; x_wconf 83' lang='lat' dir='ltr'><strong>supplicium</strong></span> <span class='ocrx_word' id='word_1_221' title='bbox 914 3951 1096 4021; x_wconf 88' lang='lat' dir='ltr'><strong>sumebant.</strong></span> <span class='ocrx_word' id='word_1_222' title='bbox 1139 3953 1316 4046; x_wconf 88' lang='lat' dir='ltr'><strong>Postquam</strong></span> <span class='ocrx_word' id='word_1_223' title='bbox 1332 3975 1386 4022; x_wconf 91' lang='lat' dir='ltr'><strong>res</strong></span> <span class='ocrx_word' id='word_1_224' title='bbox 1403 3953 1535 4047; x_wconf 88' lang='lat' dir='ltr'><strong>publica</strong></span> <span class='ocrx_word' id='word_1_225' title='bbox 1559 3954 1716 4026; x_wconf 87' lang='lat' dir='ltr'><strong>adolevit</strong></span> 
     </span>
     <span class='ocr_line' id='line_1_28' title="bbox 499 4072 1716 4162; baseline 0.005 -20"><span class='ocrx_word' id='word_1_226' title='bbox 499 4081 531 4142; x_wconf 91' lang='lat' dir='ltr'><strong>et</strong></span> <span class='ocrx_word' id='word_1_227' title='bbox 566 4072 775 4144; x_wconf 90' lang='lat' dir='ltr'><strong>multitudine</strong></span> <span class='ocrx_word' id='word_1_228' title='bbox 809 4075 930 4145; x_wconf 90' lang='lat' dir='ltr'><strong>civium</strong></span> <span class='ocrx_word' id='word_1_229' title='bbox 959 4077 1117 4146; x_wconf 83' lang='lat' dir='ltr'><strong>sactiones</strong></span> <span class='ocrx_word' id='word_1_230' title='bbox 1141 4078 1289 4162; x_wconf 85' lang='lat' dir='ltr'><strong>valuere,</strong></span> <span class='ocrx_word' id='word_1_231' title='bbox 1328 4079 1565 4151; x_wconf 83' lang='lat' dir='ltr'><strong>circumvenire</strong></span> <span class='ocrx_word' id='word_1_232' title='bbox 1604 4079 1716 4149; x_wconf 91' lang='lat' dir='ltr'><strong>inno-</strong></span> 
     </span>
     <span class='ocr_line' id='line_1_29' title="bbox 498 4199 1716 4298; baseline 0.005 -31"><span class='ocrx_word' id='word_1_233' title='bbox 498 4207 624 4279; x_wconf 86' lang='lat' dir='ltr'><strong>centes,</strong></span> <span class='ocrx_word' id='word_1_234' title='bbox 650 4200 716 4269; x_wconf 89' lang='lat' dir='ltr'><strong>alia</strong></span> <span class='ocrx_word' id='word_1_235' title='bbox 741 4199 968 4272; x_wconf 88' lang='lat' dir='ltr'><strong>huiuscemodi</strong></span> <span class='ocrx_word' id='word_1_236' title='bbox 984 4202 1057 4273; x_wconf 88' lang='lat' dir='ltr'><strong>fieri</strong></span> <span class='ocrx_word' id='word_1_237' title='bbox 1078 4227 1227 4296; x_wconf 77' lang='lat' dir='ltr'><strong>coepere3</strong></span> <span class='ocrx_word' id='word_1_238' title='bbox 1252 4215 1323 4275; x_wconf 88' lang='lat' dir='ltr'><strong>tum</strong></span> <span class='ocrx_word' id='word_1_239' title='bbox 1348 4205 1404 4275; x_wconf 90' lang='lat' dir='ltr'><strong>lex</strong></span> <span class='ocrx_word' id='word_1_240' title='bbox 1419 4205 1534 4276; x_wconf 88' lang='lat' dir='ltr'><strong>Porcia</strong></span> <span class='ocrx_word' id='word_1_241' title='bbox 1559 4203 1716 4298; x_wconf 78' lang='lat' dir='ltr'><strong>aliaeque</strong></span> 
     </span>
     <span class='ocr_line' id='line_1_30' title="bbox 498 4325 1718 4422; baseline 0.002 -29"><span class='ocrx_word' id='word_1_242' title='bbox 498 4325 588 4415; x_wconf 84' lang='lat' dir='ltr'><strong>leges</strong></span> <span class='ocrx_word' id='word_1_243' title='bbox 613 4335 735 4419; x_wconf 85' lang='lat' dir='ltr'><strong>paratae</strong></span> <span class='ocrx_word' id='word_1_244' title='bbox 761 4338 849 4410; x_wconf 92' lang='lat' dir='ltr'><strong>sunt,</strong></span> <span class='ocrx_word' id='word_1_245' title='bbox 885 4328 1004 4421; x_wconf 89' lang='lat' dir='ltr'><strong>qnibns</strong></span> <span class='ocrx_word' id='word_1_246' title='bbox 1043 4330 1173 4422; x_wconf 89' lang='lat' dir='ltr'><strong>legibus</strong></span> <span class='ocrx_word' id='word_1_247' title='bbox 1199 4330 1336 4403; x_wconf 83' lang='lat' dir='ltr'><strong>exilium</strong></span> <span class='ocrx_word' id='word_1_248' title='bbox 1374 4329 1536 4402; x_wconf 85' lang='lat' dir='ltr'><strong>damnatis</strong></span> <span class='ocrx_word' id='word_1_249' title='bbox 1560 4329 1718 4422; x_wconf 85' lang='lat' dir='ltr'><strong>parmis-</strong></span> 
     </span>
     <span class='ocr_line' id='line_1_31' title="bbox 498 4451 1718 4548; baseline 0.002 -30"><span class='ocrx_word' id='word_1_250' title='bbox 498 4471 569 4518; x_wconf 91' lang='lat' dir='ltr'><strong>snm</strong></span> <span class='ocrx_word' id='word_1_251' title='bbox 603 4460 662 4519; x_wconf 85' lang='lat' dir='ltr'><strong>est.</strong></span> <span class='ocrx_word' id='word_1_252' title='bbox 712 4452 786 4542; x_wconf 85' lang='lat' dir='ltr'><strong>Ego</strong></span> <span class='ocrx_word' id='word_1_253' title='bbox 822 4451 908 4522; x_wconf 90' lang='lat' dir='ltr'><strong>banc</strong></span> <span class='ocrx_word' id='word_1_254' title='bbox 938 4475 1089 4536; x_wconf 86' lang='lat' dir='ltr'><strong>cansam,</strong></span> <span class='ocrx_word' id='word_1_255' title='bbox 1127 4465 1235 4547; x_wconf 80' lang='lat' dir='ltr'><strong>patres</strong></span> <span class='ocrx_word' id='word_1_256' title='bbox 1269 4454 1457 4547; x_wconf 87' lang='lat' dir='ltr'><strong>conscripti,</strong></span> <span class='ocrx_word' id='word_1_257' title='bbox 1491 4477 1559 4548; x_wconf 84' lang='lat' dir='ltr'><strong>quo</strong></span> <span class='ocrx_word' id='word_1_258' title='bbox 1593 4453 1718 4522; x_wconf 89' lang='lat' dir='ltr'><strong>minus</strong></span> 
     </span>
     <span class='ocr_line' id='line_1_32' title="bbox 497 4574 1718 4672; baseline 0 -29"><span class='ocrx_word' id='word_1_259' title='bbox 497 4593 618 4644; x_wconf 84' lang='lat' dir='ltr'><strong>nouum</strong></span> <span class='ocrx_word' id='word_1_260' title='bbox 644 4574 819 4645; x_wconf 83' lang='lat' dir='ltr'><strong>consilium</strong></span> <span class='ocrx_word' id='word_1_261' title='bbox 836 4575 1019 4669; x_wconf 90' lang='lat' dir='ltr'><strong>capiamus,</strong></span> <span class='ocrx_word' id='word_1_262' title='bbox 1046 4577 1081 4647; x_wconf 95' lang='lat' dir='ltr'><strong>in</strong></span> <span class='ocrx_word' id='word_1_263' title='bbox 1107 4579 1221 4671; x_wconf 89' lang='lat' dir='ltr'><strong>primis</strong></span> <span class='ocrx_word' id='word_1_264' title='bbox 1239 4601 1395 4672; x_wconf 88' lang='lat' dir='ltr'><strong>magnam</strong></span> <span class='ocrx_word' id='word_1_265' title='bbox 1420 4588 1510 4672; x_wconf 89' lang='lat' dir='ltr'><strong>puto.</strong></span> <span class='ocrx_word' id='word_1_266' title='bbox 1551 4577 1718 4647; x_wconf 80' lang='lat' dir='ltr'><strong>Profecto</strong></span> 
     </span>
     <span class='ocr_line' id='line_1_33' title="bbox 497 4693 1718 4795; baseline 0.003 -30"><span class='ocrx_word' id='word_1_267' title='bbox 497 4693 599 4766; x_wconf 87' lang='lat' dir='ltr'><strong>virtus</strong></span> <span class='ocrx_word' id='word_1_268' title='bbox 625 4706 724 4790; x_wconf 73' lang='lat' dir='ltr'><strong>atquc</strong></span> <span class='ocrx_word' id='word_1_269' title='bbox 749 4698 911 4791; x_wconf 87' lang='lat' dir='ltr'><strong>sapientia</strong></span> <span class='ocrx_word' id='word_1_270' title='bbox 924 4700 1028 4771; x_wconf 90' lang='lat' dir='ltr'><strong>maior</strong></span> <span class='ocrx_word' id='word_1_271' title='bbox 1045 4700 1079 4770; x_wconf 90' lang='lat' dir='ltr'><strong>in</strong></span> <span class='ocrx_word' id='word_1_272' title='bbox 1099 4701 1165 4772; x_wconf 86' lang='lat' dir='ltr'><strong>iliis</strong></span> <span class='ocrx_word' id='word_1_273' title='bbox 1189 4702 1269 4785; x_wconf 79' lang='lat' dir='ltr'><strong>brit,</strong></span> <span class='ocrx_word' id='word_1_274' title='bbox 1295 4703 1353 4795; x_wconf 88' lang='lat' dir='ltr'><strong>qui</strong></span> <span class='ocrx_word' id='word_1_275' title='bbox 1379 4724 1422 4772; x_wconf 89' lang='lat' dir='ltr'><strong>ex</strong></span> <span class='ocrx_word' id='word_1_276' title='bbox 1447 4701 1556 4795; x_wconf 83' lang='lat' dir='ltr'><strong>parvis</strong></span> <span class='ocrx_word' id='word_1_277' title='bbox 1582 4699 1718 4794; x_wconf 91' lang='lat' dir='ltr'><strong>opibus</strong></span> 
     </span>
    </p>
   </div>
   <div class='ocr_carea' id='block_1_3' title="bbox 0 0 1812 5592">
    <p class='ocr_par' dir='ltr' id='par_1_12' title="bbox 0 0 1812 5592">
     <span class='ocr_line' id='line_1_34' title="bbox 0 0 1812 5592; baseline 0 0"><span class='ocrx_word' id='word_1_278' title='bbox 0 0 1812 5592; x_wconf 95' lang='lat' dir='ltr'><strong> </strong></span> 
     </span>
    </p>
   </div>
  </div>
 </body>
</html>
