3610 5592
1342 661 1391 730 27

182 842 281 932 pauci
306 842 514 926 adiuvarent,
541 846 776 939 languentibus
800 851 891 935 ollis,
921 852 1080 943 impetum
1107 854 1141 924 in
1167 856 1293 928 cunum
1319 859 1390 930 tuc-

180 977 305 1036 turum.
344 971 469 1040 Nutnre
494 971 602 1053 ferox,
628 973 820 1046 vehemens·
835 997 936 1047 manu
961 988 1130 1070 promptus
1156 990 1244 1063 eret,
1270 1003 1390 1054 maxu-

180 1113 274 1162 mum
301 1093 426 1166 bonum
451 1096 486 1166 in
512 1098 678 1170 celeritate
704 1100 849 1193 putnbst.
988 1133 996 1152 ·

255 1239 348 1288 xnrv.
402 1217 467 1288 Sctl
484 1220 680 1313 Allobroges
698 1245 741 1293 cx
756 1234 920 1318 praecepto
937 1225 1108 1297 Ciceronis
1131 1249 1193 1321 per
1209 1225 1389 1300 Gabinium

179 1349 309 1410 ceteros
334 1343 548 1426 conveniuut3
575 1345 617 1416 eb
630 1347 792 1430 Lentulo,
818 1347 984 1440 Cethego,
1011 1327 1156 1434 Statilio,
1183 1350 1261 1420 item
1275 1352 1388 1423 Cossio

180 1466 348 1556 postulent
364 1467 609 1550 iusiurandum,
635 1469 725 1562 quod
742 1471 908 1562 signatum
924 1471 967 1542 od
985 1471 1065 1542 civis
1082 1474 1266 1566 perierunt;
1291 1477 1389 1547 aliter

180 1587 273 1659 baud
304 1589 403 1661 focile
437 1613 493 1662 eos
523 1595 717 1665 adtentum
754 1597 926 1687 negotium
959 1597 1087 1690 impelli
1120 1621 1227 1692 posse.
1278 1599 1388 1671 Ceteri

178 1711 266 1783 nihil
290 1715 494 1807 suspicantes
520 1716 614 1799 dent3
646 1717 777 1789 Cnosius
801 1729 906 1789 semet
930 1742 970 1790 co
994 1721 1089 1791 brevi
1112 1731 1288 1794 uenturum
1311 1725 1387 1816 pol·

178 1835 298 1907 licetur
327 1839 493 1930 septulo
518 1849 594 1910 oute
619 1840 746 1932 legatos
771 1864 815 1912 ex
838 1843 922 1913 urbe
955 1843 1186 1936 proficiscitur.
1226 1847 1388 1918 Lentulus

178 1983 256 2032 cum
287 1962 339 2033 bis
364 1962 475 2034 Titum
504 1965 709 2036 Volturcium
738 1967 906 2059 quendem
933 1967 1183 2040 Crotoniensem
1212 1971 1325 2055 mittit,
1351 1982 1388 2042 ut

178 2085 379 2179 Allobroges
403 2085 512 2180 prius,
538 2112 639 2183 quam
664 2087 801 2162 domum
826 2103 1023 2184 pergerent,
1050 2115 1125 2163 cum
1140 2092 1284 2165 Catilina
1308 2095 1385 2167 dote

177 2221 279 2304 atque
318 2225 454 2304 accepte
487 2213 553 2284 lide
585 2216 775 2286 societatem
813 2214 1057 2287 confirmarent.
1113 2219 1189 2310 lpse
1217 2218 1388 2291 Volturcio

178 2335 371 2406 litterasue
397 2336 574 2408 Catilinam
607 2337 677 2420 dot,
711 2361 854 2431 quorum
884 2339 1075 2432 exemplum
1109 2339 1195 2412 iulrn
1228 2341 1386 2434 scriptum

178 2471 245 2530 est:
301 2459 391 2544 «Qui
416 2461 499 2543 sim,
532 2483 575 2533 ex
601 2485 657 2546 co,
688 2485 790 2556 quem
823 2463 865 2534 etl
891 2475 923 2533 tc
953 2463 1045 2548 misi,
1078 2484 1267 2555 cognosces.
1318 2466 1386 2536 Fec

177 2587 315 2677 cogites,
343 2586 379 2655 iu
395 2597 519 2679 quamn
543 2588 731 2660 celemitnte
756 2590 817 2673 sis,
844 2601 878 2660 et
894 2589 1087 2660 memineris
1103 2599 1135 2660 te
1159 2590 1269 2661 virum
1294 2611 1384 2673 esse:

177 2710 382 2793 comideres,
415 2711 496 2804 quid
524 2721 589 2783 ture
623 2713 768 2784 rabones
801 2714 985 2807 postulent3
1021 2714 1185 2786 auxilium
1217 2723 1310 2808 petus
1341 2713 1385 2786 ub

177 2836 348 2916 omuibus,
388 2835 486 2906 etism
519 2836 562 2906 ob
599 2835 756 2907 infimis.»
807 2837 860 2908 Ad
894 2837 958 2907 boc
983 2836 1138 2908 mundate
1169 2838 1279 2910 verbis
1314 2839 1382 2909 det:

180 2960 285 3030 «Cum
319 2961 362 3032 ab
393 2971 509 3032 senatu
539 2962 640 3032 bostis
673 2962 835 3034 iudicatus
866 2963 927 3046 sit,
963 2986 1031 3057 quo
1075 2965 1213 3035 consilio
1248 2965 1383 3037 servitis

177 3083 346 3176 repudictl
371 3084 408 3154 in
432 3083 515 3156 urbe
539 3096 653 3178 pereto
671 3107 760 3169 esee,
785 3109 860 3180 quae
874 3086 1021 3166 iusserim
1048 3110 1091 3157 ue
1116 3097 1288 3160 cunctetur
1313 3089 1383 3182 ipsc

177 3211 310 3303 propius
335 3211 529 3281 accedere.»

247 3357 329 3405 xcv.
383 3335 444 3405 llis
469 3335 568 3407 rebus
593 3337 637 3406 ite
676 3338 773 3418 notis,
806 3338 978 3408 constitute
1006 3348 1101 3408 nocte
1135 3359 1203 3430 qua
1232 3334 1384 3429 proticis-

176 3471 346 3541 cerentur,
373 3459 490 3530 Cicero
515 3481 575 3553 per
600 3462 726 3552 togatos
752 3470 871 3530 cuncte
894 3458 1028 3530 edoctus
1054 3461 1092 3529 L.
1113 3459 1246 3530 Velcrio
1263 3461 1383 3531 Flacco

176 3591 207 3652 et
235 3584 275 3652 C.
302 3583 490 3676 Pomptinio
515 3583 708 3677 prtetoribus
733 3585 889 3678 imperet,
921 3594 957 3655 ut
991 3586 1024 3655 in
1050 3594 1149 3676 ponto
1173 3583 1298 3656 ltlulrio
1323 3609 1383 3678 per

175 3708 309 3780 iusidias
321 3710 540 3804 Allobrogum
560 3712 731 3781 comitatus
744 3711 1004 3804 deprehendant
1025 3733 1096 3782 rem
1113 3732 1247 3780 omnem
1264 3710 1381 3802 operit,

174 3833 271 3904 cuiue
288 3834 397 3925 gratio
418 3835 646 3916 mittebantun
673 3844 796 3916 cetere,
823 3835 870 3906 uti
897 3836 981 3906 lucto
1006 3857 1089 3928 opus
1114 3835 1172 3916 sit,
1198 3835 1244 3904 ite
1268 3843 1380 3924 egunt,

174 3958 341 4049 permittit
379 3957 444 4040 llli,
470 3958 621 4029 homines
638 3958 810 4040 militares,
837 3959 909 4028 sine
935 3958 1076 4029 tumultu
1096 3956 1258 4050 praesidiis
1275 3957 1381 4028 collo-

174 4085 268 4166 cetis,
305 4085 402 4155 sicuti
428 4096 631 4179 preceptum
657 4095 744 4170 erut,
770 4087 897 4156 occulte
921 4093 1055 4179 pontem
1080 4083 1244 4155 obsidunt.
1287 4083 1381 4152 Post-

174 4231 272 4301 quam
289 4209 332 4279 ed
351 4209 385 4279 id
402 4209 466 4279 loci
492 4211 593 4301 legati
610 4231 686 4280 cum
704 4209 873 4282 Volturcio
890 4219 1067 4292 venerunt,
1094 4219 1127 4278 ct
1142 4205 1243 4278 simul
1260 4206 1380 4276 utrim-

173 4357 237 4426 que
262 4333 391 4403 clsmor
415 4343 549 4404 exortus
578 4343 643 4416 est,
670 4331 757 4405 Colli
782 4334 846 4404 cito
871 4333 1004 4425 cognito
1028 4333 1166 4403 consilio
1190 4334 1261 4403 siue
1289 4351 1381 4400 moro

173 4457 367 4549 pretoribus
405 4478 442 4526 se
467 4457 608 4528 trudunt.
659 4457 847 4528 Volturcius
878 4457 987 4550 primo
1028 4457 1215 4527 cobortutns
1252 4463 1379 4525 ceteros

174 4581 347 4670 gladiose
372 4604 395 4651 e
412 4581 621 4682 multitudiue
651 4581 815 4660 defendit,
842 4580 962 4652 deinde
987 4581 1046 4650 ubi
1067 4578 1221 4671 olegntis
1233 4578 1379 4650 desertus

176 4717 239 4786 est,
266 4705 368 4776 multo
385 4705 476 4797 prius
502 4705 543 4776 de
568 4708 672 4777 solute
697 4728 757 4776 sus
773 4705 994 4798 Pomptinium
1012 4706 1205 4786 obtestatus,
1232 4702 1320 4796 quod
1347 4701 1378 4771 ci
