3526 5604
1259 633 1326 700 3tt

123 826 162 894 T.
190 826 319 910 Quintii
345 826 525 896 Flaminini
551 827 741 897 translatam
760 827 942 898 Tuditanus
968 830 1091 912 scribit,
1119 830 1192 900 auri
1219 831 1333 900 inlecti

121 950 233 1042 pondo
266 951 329 1020 tria
361 950 455 1018 milia
488 951 696 1042 septingenta
730 951 904 1031 tredecim,
945 953 1073 1043 argenti
1108 952 1332 1046 quadraginta

121 1075 185 1144 tria
221 1073 314 1144 milia
353 1074 494 1143 ducenta
530 1073 758 1166 septuaginta,
798 1096 917 1143 aureos
953 1097 1106 1144 nummos
1140 1074 1330 1168 Philippeos

121 1197 384 1288 quattuordecim
406 1196 501 1266 milia
522 1197 721 1290 quingentos
738 1196 1017 1289 quattuordecim
1044 1207 1217 1289 praeterea
1239 1201 1330 1272 mille

121 1320 255 1402 talenta,
289 1343 375 1413 quae
400 1319 575 1416 Philippus
601 1319 755 1390 debebat.
791 1321 979 1391 Plutarchus
996 1323 1032 1391 in
1055 1323 1239 1392 blamiaino
1272 1324 1328 1396 14.

123 1445 155 1512 9.
190 1444 242 1514 Dc
268 1445 392 1514 Numae
423 1445 515 1513 libris
547 1447 605 1536 cfr.
631 1467 729 1536 supro
754 1469 788 1536 p.
816 1441 902 1527 294,
936 1442 993 1516 13.
1105 1448 1159 1518 to.
1193 1448 1329 1519 Praetor

121 1568 179 1638 etsi
213 1569 342 1660 collega
376 1567 521 1637 consulis
554 1577 613 1648 est,
648 1589 758 1660 neque
793 1580 981 1660 praetorem
1014 1593 1125 1664 neque
1158 1574 1329 1644 consulem

121 1694 190 1762 iure
217 1716 337 1786 rogare
369 1703 491 1784 potest,
527 1700 563 1762 ut
591 1691 727 1784 quidem
758 1715 818 1760 uos
842 1716 862 1762 a
888 1693 1115 1786 superioribus
1141 1697 1330 1789 accepimus

121 1831 175 1888 aut
208 1829 285 1888 aute
314 1817 398 1887 baec
431 1825 580 1908 tempora
612 1826 778 1885 servatum
810 1826 873 1896 est,
909 1827 941 1886 et
969 1827 1004 1887 ut
1030 1818 1063 1886 in
1090 1822 1329 1892 commentario

119 1943 214 2012 tertio
240 1941 371 2012 decimo
388 1942 426 2012 C.
448 1939 603 2010 Tuditani
620 1951 721 2032 patet,
748 1941 827 2033 quia
852 1941 1031 2033 imperium
1057 1943 1168 2014 minus
1185 1953 1329 2035 praetor,

121 2067 224 2137 maius
257 2065 357 2137 babet
390 2065 524 2146 consul,
567 2075 600 2133 et
631 2088 651 2133 a
685 2065 815 2134 minore
841 2065 982 2158 imperio
1007 2067 1115 2136 maius
1141 2078 1198 2136 aut
1222 2069 1329 2138 maior

120 2190 245 2282 collega
259 2189 372 2280 rogari
387 2189 459 2258 iure
477 2210 545 2258 non
562 2199 681 2280 potest.
715 2189 853 2259 Messala
869 2192 957 2282 opud
978 2190 1115 2260 Gellium
1135 2186 1192 2271 13,
1213 2189 1270 2273 15,
1292 2190 1326 2262 4.

123 2315 176 2382 11.
203 2313 369 2385 Tuditano
386 2338 464 2384 assus
481 2329 523 2383 cst
539 2315 665 2384 Plinius
677 2339 710 2383 n.
729 2313 840 2396 1.,12,
866 2317 923 2406 qui
940 2317 1018 2385 liber
1034 2331 1076 2385 cst
1093 2317 1131 2385 de
1148 2318 1327 2386 arboribus.

476 2757 547 2841 m
596 2757 832 2842 lllllllllllb
863 2759 906 2843 ll
938 2758 969 2842 l.

190 2954 221 3021 1.
253 2954 339 3022 Nam
372 2963 443 3044 post
474 2953 612 3022 annales
647 2953 840 3046 pontilieum
869 2956 1186 3025 maximorum
1214 2957 1326 3027 siant

119 3078 157 3148 ad
180 3079 321 3150 Fabium
349 3132 357 3149 .
381 3131 420 3148 ..
448 3077 573 3149 autad
599 3076 762 3147 Fannium
789 3087 851 3146 ete.
879 3101 978 3171 supro
1001 3101 1035 3171 p.
1058 3078 1143 3161 251,
1173 3079 1230 3151 11.
1264 3082 1326 3152 Al·

121 3213 165 3272 ter
180 3215 293 3275 antem
318 3204 356 3274 C.
383 3203 530 3273 Fannius
556 3203 600 3274 tt.
630 3201 730 3284 lilius,
763 3203 800 3272 G.
828 3203 935 3274 Laelii
967 3225 1084 3294 gener,
1121 3215 1153 3274 et
1177 3205 1326 3276 moribus

119 3339 148 3396 et
178 3331 252 3422 ipso
285 3352 407 3421 genere
437 3327 571 3398 dicendi
605 3326 787 3399 durior..
817 3379 825 3395 .
859 3327 942 3397 Eius
976 3328 1083 3397 omnis
1115 3327 1150 3397 in
1183 3328 1325 3400 dicendo

117 3451 251 3524 facultas
277 3477 320 3524 ex
336 3433 473 3523 histoiia
498 3452 600 3545 ipsius
625 3474 692 3521 nou
719 3451 928 3540 ineleganter
952 3451 1075 3543 scripta
1101 3453 1244 3544 perspici
1263 3475 1325 3544 pn-

119 3583 184 3658 test,
211 3598 298 3670 quae
324 3599 433 3668 neque
458 3576 556 3645 nimis
582 3585 632 3645 est
657 3576 766 3645 iulans
792 3597 902 3668 neque
928 3575 1073 3665 perfecte
1097 3574 1229 3646 diserta.
1270 3577 1324 3646 uf-

120 3721 181 3770 stro
204 3701 307 3771 Bnuo
329 3698 389 3783 26,
418 3698 499 3772 101.
527 3698 586 3782 31,
616 3699 698 3772 118.
741 3700 780 3769 C.
807 3699 972 3770 Fannium
998 3711 1032 3769 et
1057 3700 1100 3784 0.
1127 3701 1322 3772 Scaevolam

118 3841 256 3910 generos
289 3823 413 3906 Laelii,
453 3823 565 3895 doctos
599 3823 826 3894 adulescentes
864 3824 931 3893 iam
965 3835 1072 3894 aetate
1106 3827 1322 3917 quaestorios.

121 3945 218 4019 ttceo
243 3951 284 4020 de
306 3949 505 4042 Republica
532 3947 564 4029 1,
594 3946 651 4030 12,
681 3945 738 4019 18.
786 3948 1037 4018 Salustius...
1063 3971 1140 4018 cum
1167 3950 1240 4019 aliis
1267 3949 1324 4018 bi-

117 4073 347 4167 storiograpbis
380 4073 512 4165 singula
546 4073 734 4143 tradidisset
766 4074 800 4142 in
833 4071 919 4143 libro
956 4074 1064 4166 primo
1097 4074 1322 4156 historiarum,

120 4195 228 4268 Catum
255 4197 448 4269 brevitatem
568 4196 697 4266 Fannio
722 4219 802 4267 vcro
828 4197 1011 4268 veritatem.
1065 4199 1240 4268 Victorinus
1265 4221 1323 4267 en-

117 4341 178 4408 pns.
201 4323 239 4390 in
259 4323 337 4391 rdet.
364 4321 428 4392 Cic.
453 4316 596 4414 1pr
622 4319 719 4390 Oceli.
790 4322 854 4390 ·2.
883 4321 920 4391 C.
941 4321 1088 4391 Fannius
1114 4321 1149 4390 in
1174 4325 1189 4391 l
1215 4345 1322 4392 anna-

119 4439 216 4553 liumz·
244 4467 320 4515 cnm
346 4445 380 4514 in
407 4445 473 4514 vita
498 4444 628 4536 agenda
654 4444 842 4528 didicimus,
874 4446 979 4516 multa
1004 4467 1089 4539 quae
1115 4445 1322 4539 impraesen-

120 4565 231 4640 tiarum
256 4570 343 4639 bona
369 4569 520 4639 videntur
544 4581 618 4662 post
649 4565 788 4657 [molal]
819 4571 953 4642 inventa
983 4581 1015 4640 et
1041 4572 1146 4640 multa
1177 4570 1320 4662 amplius

119 4691 194 4764 alius
227 4693 319 4764 modi
352 4701 451 4784 atque
484 4705 559 4764 ante
596 4695 665 4764 visa
703 4707 820 4765 essent.
878 4697 1063 4766 lbisciunus
1097 4693 1153 4776 13,
1191 4691 1225 4775 3,
1262 4692 1317 4770 12.
