3582 5594
1331 657 1378 734 69

178 885 250 942 eos,
277 861 398 956 quibus
423 861 518 932 decet
534 861 651 930 terrori
670 882 749 930 esse.
789 859 853 930 Sed
870 883 1074 954 quamquam
1091 860 1162 932 baec
1187 863 1267 933 talia
1292 873 1377 946 sunt,

178 1001 289 1059 tamen
322 989 372 1058 ire
403 988 533 1058 obviam
566 988 718 1057 factionis
752 987 905 1081 potentiae
938 988 1068 1058 animus
1096 987 1228 1079 subigit.
1281 988 1379 1058 Certe

178 1135 241 1204 ego
266 1111 472 1194 libertatem,
498 1111 671 1204 quae-mibi
688 1121 857 1204 aparente
874 1135 951 1182 meo
976 1112 1092 1182 tradita
1111 1123 1178 1196 est,
1204 1113 1376 1206 experiare

177 1259 294 1306 rerum
318 1234 352 1304 id
384 1235 504 1304 frustra
536 1233 647 1303 anob
673 1258 744 1304 rem
770 1235 906 1317 faciam,
939 1235 974 1304 in
1008 1244 1116 1306 vestra
1146 1258 1248 1306 manu
1278 1235 1376 1307 sitnm

177 1370 244 1442 est,
282 1361 441 1444 Quirites.
491 1363 607 1454 Neque
638 1383 700 1452 ego
735 1383 793 1431 vos
829 1360 961 1444 hortor,
994 1361 1083 1454 quod
1114 1383 1201 1454 saepe
1235 1361 1376 1430 maiores

177 1487 282 1557 nosui
308 1487 437 1568 fecere,
464 1497 636 1557 utcontra
661 1487 799 1566 iniurias
824 1487 941 1556 armati
967 1487 1058 1556 eatis.
1100 1487 1191 1558 Nihil
1216 1487 1265 1568 vi,
1291 1485 1376 1556 nibil
1427 1471 1440 1512 ⁵

176 1613 364 1684 secessione
390 1637 472 1708 opus
498 1625 564 1694 est;
598 1636 732 1684 necesse
758 1623 805 1683 est
837 1621 964 1684 suomet
989 1614 1051 1707 ipsi
1075 1635 1167 1683 more
1190 1611 1376 1705 precipites

176 1749 264 1808 eant
316 1736 435 1808 Occiso
454 1736 587 1806 Tiberio
613 1736 774 1819 Graccho,
801 1759 899 1832 quem
925 1759 1065 1828 regnum
1090 1758 1207 1829 parare
1232 1735 1374 1816 aiebant,

176 1863 210 1932 in
236 1863 371 1957 plebem
387 1864 571 1933 Romanam
596 1864 793 1957 questiones
818 1862 940 1932 babitae
966 1873 1051 1932 sunt.
1103 1864 1180 1931 Post
1205 1861 1243 1931 G.
1271 1860 1375 1930 Grac-

175 1987 230 2058 cbi
256 1998 290 2058 et
313 1990 359 2060 Μ.
385 1985 492 2057 Fulvii
517 1986 654 2056 caedem
691 1986 771 2056 item
801 1987 900 2056 vestri
931 1986 1057 2056 ordinis
1090 1986 1185 2056 multi
1219 1984 1374 2053 mortales

174 2113 209 2182 in
227 2135 364 2182 carcere
386 2110 496 2181 necati
520 2120 606 2180 sunt:
635 2110 806 2203 utriusque
819 2108 920 2178 cladis
937 2132 1003 2179 non
1027 2109 1094 2191 lex,
1120 2130 1235 2178 verum
1260 2105 1375 2177 lubido

174 2259 292 2306 eorum
318 2235 420 2306 finem
445 2237 533 2306 lecit.
585 2235 649 2306 Sed
680 2259 760 2306 sane
786 2235 884 2306 luerit
915 2236 1011 2326 regni
1039 2235 1167 2328 paratio
1199 2233 1288 2327 plebi
1314 2257 1373 2305 sua

173 2359 368 2444 restituere,
400 2359 557 2452 quicquid
588 2359 660 2428 sine
694 2359 855 2450 sanguine
894 2359 1016 2429 civium
1051 2357 1168 2429 ulcisci
1205 2356 1371 2451 nequitur,

175 2483 247 2552 iure
266 2482 390 2553 lactum
415 2483 467 2552 sit.
510 2482 739 2575 Superioribus
765 2483 860 2553 annis
885 2482 974 2553 taciti
1000 2481 1262 2574 indignabamini
1287 2505 1373 2554 aera-

173 2605 263 2675 rium
288 2605 448 2698 expilari,
474 2626 570 2695 reges
596 2615 628 2675 et
651 2607 791 2698 populos
815 2606 937 2676 liberos
953 2606 1067 2699 paucis
1085 2605 1251 2676 nobilibus
1267 2608 1373 2676 vecti-

175 2731 231 2820 gal
257 2730 417 2822 pendere,
442 2752 544 2822 penes
571 2730 703 2800 eosdem
730 2740 762 2799 et
787 2753 949 2800 summam
975 2731 1117 2823 gloriam
1142 2743 1175 2800 et
1199 2753 1372 2802 maxumas

175 2852 305 2923 divitias
328 2877 429 2934 ·esse;
468 2862 579 2924 tamen
612 2853 684 2925 baeo
722 2854 800 2925 talia
833 2855 982 2925 facinora
1018 2856 1154 2948 impune
1191 2855 1372 2947 suscepisse

174 2999 294 3070 parom
319 2975 478 3047 habuere.
520 2978 636 3068 ltaque
661 2988 825 3070 postremo
850 2978 963 3068 leges,
989 2978 1142 3047 maiestas
1167 2987 1292 3059 vestra,
1319 2977 1372 3046 di·

173 3100 253 3169 vina
278 3110 311 3169 et
334 3097 481 3168 bumana
505 3099 616 3169 omnia
641 3099 788 3170 hostibus
806 3100 925 3170 tradita
949 3109 1036 3170 sunt.
1073 3101 1189 3193 Neque
1215 3122 1287 3182 eos,
1315 3101 1373 3192 qui

174 3245 216 3292 ea
241 3223 367 3306 iecere,
405 3222 506 3315 pudet
536 3233 594 3294 aut
623 3223 773 3316 paenitet,
813 3224 871 3295 sed
906 3225 1063 3295 incedunt
1092 3248 1152 3317 per
1180 3246 1239 3293 ora
1263 3235 1371 3296 vestra

173 3347 359 3439 magnifici,
385 3348 567 3419 sacerdotia
584 3359 617 3418 ct
641 3350 843 3432 consulatus,
869 3372 945 3443 pars
961 3347 1141 3443 triumphos
1158 3371 1233 3421 suos
1258 3358 1370 3418 osten-

173 3479 297 3554 tantes,
329 3470 468 3564 perinde
499 3473 593 3565 quasi
619 3497 657 3545 ea
682 3473 802 3544 honori
827 3496 892 3544 non
917 3473 1038 3567 praedae
1072 3473 1225 3544 babeant.
1275 3473 1370 3543 Servi

174 3617 241 3665 aere
273 3597 381 3689 parati
415 3595 534 3668 iniusta
569 3598 711 3691 imperia
735 3597 945 3668 dominorum
974 3620 1041 3666 non
1073 3597 1260 3690 perferunt:
1300 3619 1367 3678 vos,

175 3717 333 3804 Quirites,
361 3721 395 3789 in
413 3719 555 3813 imperio
575 3722 656 3804 nati,
682 3743 778 3814 aequo
796 3722 906 3791 animo
919 3722 1107 3792 servitutem
1124 3721 1280 3791 toleratis.
1329 3721 1372 3790 At

174 3841 233 3933 qui
257 3851 333 3912 sunt
357 3843 411 3926 bi,
438 3844 495 3936 qui
521 3844 778 3938 rempublicam
795 3844 1023 3938 occupavere?
1048 3845 1201 3915 homines
1226 3845 1372 3915 scelera·

173 3967 321 4050 desumi,
360 3968 504 4037 eruentis
535 3968 707 4053 manibus,
737 3969 863 4040 inmani
895 3969 1044 4052 avaritia,
1079 3969 1313 4040 nocentissumi
1339 3979 1373 4039 et

173 4091 261 4162 idem
298 4091 553 4184 superbissumi,
591 4092 711 4185 quibus
749 4092 851 4176 fides,
889 4093 1005 4174 decus,
1046 4094 1169 4186 pietas,
1206 4104 1371 4186 postremo

172 4215 309 4286 bonesta
334 4226 433 4310 atque
460 4215 631 4286 inhonesta
648 4218 761 4288 omnia
786 4217 925 4310 questui
950 4227 1035 4288 suut.
1073 4220 1153 4287 Pars
1179 4241 1294 4288 eorum
1312 4238 1371 4285 oc-

172 4339 292 4410 cidisse
309 4339 457 4411 tribnnos
469 4339 586 4433 plebis,
610 4341 670 4411 alii
687 4342 883 4434 questiones
904 4341 1051 4425 iniustas,
1075 4342 1227 4435 plerique
1248 4339 1369 4411 cadem

173 4463 208 4534 in
220 4485 277 4534 vos
289 4464 406 4535 fecisse
420 4486 481 4557 pro
494 4465 700 4537 munimento
717 4466 850 4538 babent.
876 4467 924 4536 lta
944 4487 1045 4558 qnam
1059 4465 1200 4558 quisque
1217 4487 1368 4557 pessume

172 4588 260 4670 lacit,
286 4597 352 4658 tam
369 4611 525 4660 maxume
540 4598 628 4660 tutus
642 4600 708 4673 est;
734 4601 856 4662 metum
871 4615 891 4661 a
915 4592 1040 4662 scelere
1057 4611 1117 4661 suo
1135 4589 1176 4660 ad
1202 4589 1370 4680 ignaviam

172 4723 313 4784 vestram
340 4713 551 4784 transtulere:
579 4735 662 4806 quos
679 4737 794 4785 omnes
812 4714 927 4785 eadem
947 4737 1079 4807 cupere,
1107 4712 1223 4783 eadem
1250 4711 1369 4792 odisse,
