3576 5602
1301 623 1373 692 titt

162 830 295 910 simplici
309 828 461 889 infinitivo
477 825 621 904 pretulit,
643 821 700 886 cfr.
717 820 806 882 Catil.
823 827 850 882 1.
876 823 946 900 „qui
967 837 1039 882 sese
1062 819 1187 880 student
1204 814 1372 897 prestare“

162 958 188 1000 c.
211 943 238 999 ἵ.
272 938 336 1012 „sic
362 952 397 994 se
418 935 547 1010 quisque
569 932 688 992 hostem
715 930 810 990 lerire
837 923 1052 1009 properabat.“
1089 928 1148 988 luit
1175 929 1228 1004 qui
1257 947 1376 1004 peccem

163 1046 339 1106 coniiceret.
364 1057 463 1116 neque
491 1041 551 1099 hoc
572 1038 804 1115 improbandum
826 1040 858 1096 et
879 1037 1075 1097 confirmatur
1096 1037 1280 1096 auctoritate
1307 1037 1375 1118 cod,

163 1151 230 1212 Eia.
261 1149 313 1224 qui
337 1152 438 1207 tamen
459 1163 476 1204 ο
495 1147 568 1223 port
591 1161 620 1202 m
639 1144 698 1221 spl.
725 1143 829 1202 habet.
859 1141 999 1214 laneficio
1016 1159 1046 1216 p.
1067 1158 1092 1199 r.
1118 1140 1197 1198 li-ni
1219 1143 1277 1220 spl.
1308 1160 1376 1218 que

164 1258 261 1317 lectio
283 1251 558 1334 comprobabilis,
582 1250 637 1310 sed
652 1267 758 1326 parum
777 1253 876 1323 corta3
900 1249 1015 1324 quoda
1035 1253 1108 1325 post
1129 1247 1268 1322 derrefim'u
1284 1249 1376 1311 lacile

165 1363 264 1424 emitti
285 1361 387 1439 potuit
407 1361 439 1418 et
460 1357 611 1418 vocabula
627 1355 754 1431 popolus
774 1355 921 1415 Romanor
941 1371 999 1431 per
1019 1355 1201 1430 compendia
1231 1356 1376 1416 scribun-

166 1476 224 1545 tur,
247 1485 313 1544 quae
336 1467 457 1527 librarii
478 1482 534 1542 pro
557 1482 613 1525 suo
637 1465 767 1539 quisque
781 1467 873 1539 captu
889 1463 1023 1540 explent.
1044 1463 1199 1522 comendam
1221 1480 1266 1537 co,
1288 1465 1377 1525 nnius

147 1576 311 1636 -lectionis
343 1574 551 1651 integritatem
583 1571 742 1630 confirmat
767 1569 944 1628 Priscianus
971 1587 1032 1628 xrv.
1058 1573 1082 1627 1.
1104 1571 1164 1629 584
1194 1569 1242 1629 ed.
1269 1569 1377 1631 Krelrl

170 1682 353 1760 „secundum
369 1698 500 1758 quoque,
522 1678 643 1754 quando
657 1694 714 1755 pro
736 1665 817 1738 auco
840 1681 871 1737 et
890 1663 972 1755 μετᾰ
986 1678 1144 1754 accipitur,
1165 1678 1236 1739 loco
1253 1695 1377 1757 praepo·

169 1791 293 1851 sitionis
312 1796 375 1865 est;
400 1787 553 1848 Salustius
569 1786 599 1844 in
615 1784 811 1862 Iugurthino:
836 1784 996 1844 secondom
1016 1801 1059 1859 eo,
1080 1787 1122 1844 oti
1137 1784 1236 1844 debitis
1251 1789 1379 1848 uterer.“

170 1917 258 1974 quam
280 1899 332 1975 qui
354 1897 505 1970 reiiciunt,
527 1893 687 1954 Ciceronis
709 1898 743 1952 et
762 1890 894 1953 Caesaris
916 1893 1093 1954 testimonia
1115 1892 1166 1964 (B.
1182 1893 1216 1953 il.
1237 1895 1264 1956 1.
1279 1900 1326 1956 33.
1347 1897 1378 1957 in

170 2006 238 2064 Vat.
260 2005 304 2076 6.)
326 2022 385 2065 non
407 2006 523 2077 curant,
545 2019 600 2061 eos
622 2000 828 2060 contentionis
850 2001 947 2077 magis
975 2017 1064 2076 quam
1092 2003 1234 2062 veritatis
1256 2004 1379 2066 studio·

171 2131 224 2174 sos
254 2131 326 2174 esse
357 2113 497 2172 dixerim.
519 2127 574 2186 per
603 2127 636 2168 οο
664 2113 729 2184 ipso
749 2109 818 2166 Bas.
852 2109 909 2167 sed
935 2108 1051 2168 lineola
1081 2126 1175 2186 super
1200 2127 1228 2184 a,
1259 2111 1381 2187 vulgari

175 2221 372 2281 librariorum
401 2233 521 2290 errore;
558 2215 614 2274 cir.
637 2213 725 2274 Catil.
755 2229 779 2272 c.
802 2216 849 2273 20.
880 2222 991 2273 mantel
1017 2217 1073 2289 ipsi
1101 2218 1149 2274 23.
1181 2223 1293 2276 euml
1319 2221 1382 2292 ipre

170 2329 292 2402 scelera,
314 2329 362 2387 52.
384 2342 492 2384 mecum
512 2327 574 2398 ipre
594 2330 704 2398 reputo.

251 2438 355 2508 expeto
376 2430 446 2489 Bas.
462 2433 487 2488 1.
510 2429 559 2487 cui
581 2429 653 2487 boni
674 2427 747 2487 libri
769 2427 926 2486 accedunt.
953 2429 1035 2504 quod
1058 2446 1112 2488 cur
1138 2430 1285 2491 infirmius
1311 2433 1380 2492 dic-

172 2549 235 2602 tum
257 2557 329 2601 esse
349 2539 494 2598 videatur
515 2554 605 2612 quam
626 2544 778 2612 exspecto,
809 2537 862 2595 vix
888 2537 1000 2612 aliquis
1026 2539 1148 2597 dixerit.
1182 2539 1381 2600 coniunctum

173 2651 312 2710 videmus
334 2648 484 2719 admirari,
512 2651 620 2719 optare,
651 2637 801 2718 expeteret
816 2677 857 2686 —
876 2644 1049 2721 deposcere
1075 2650 1168 2720 atque
1195 2653 1330 2722 expetere
1344 2682 1382 2692 -

172 2773 283 2817 ummo
309 2757 461 2832 cupiditate
483 2759 620 2830 expetere
634 2783 670 2790 -
686 2758 717 2812 et
742 2753 815 2811 talia
835 2752 938 2812 multa.
974 2753 1129 2813 Preterea
1149 2763 1250 2830 petere
1270 2760 1301 2816 et
1326 2773 1381 2832 op-

168 2872 269 2941 petere
288 2862 381 2940 paulo
402 2878 503 2938 supra.
541 2859 614 2918 Tum
640 2864 797 2933 aspectare
825 2861 857 2917 et
879 2865 1017 2932 eupetcrc
1043 2860 1136 2919 facile
1156 2861 1238 2920 inter
1259 2880 1294 2922 se
1315 2881 1383 2923 mu·

173 2973 233 3032 tari
253 2987 349 3048 posse
370 2987 458 3030 nemo
479 2969 608 3039 dubitat,
645 2967 702 3026 sod
724 2966 790 3026 haec
812 2971 862 3025 est
883 2969 1020 3042 quaestio,
1054 2973 1152 3028 utrum
1176 2971 1285 3030 melius
1306 2989 1383 3032 con-

173 3079 286 3138 veniat.
310 3077 372 3138 lam
395 3077 511 3136 odonna
540 3091 609 3149 cpes
629 3079 803 3149 exspectare
825 3074 927 3150 inopis
949 3076 1006 3149 est,
1029 3075 1115 3134 cuius
1137 3077 1235 3136 omnis
1258 3096 1330 3156 spes
1353 3081 1384 3139 in

174 3187 253 3246 alius
275 3184 392 3245 auxilio
410 3183 525 3261 posita3
548 3185 655 3241 contra
674 3188 812 3256 expetere
833 3181 952 3254 dicitur,
975 3183 1061 3242 cuius
1082 3184 1199 3244 animus
1220 3191 1281 3244 tam
1298 3186 1383 3246 irac-

176 3301 224 3355 tus
239 3298 288 3353 est
306 3291 502 3368 (deformatus
516 3288 669 3354 ommate)
692 3293 724 3347 ut
745 3287 784 3346 ad
800 3288 954 3347 hominum
972 3288 1214 3350 miscricordiam
1232 3295 1384 3368 nmquam

176 3402 205 3460 in
225 3403 345 3476 portum
361 3397 529 3473 confugiat.
550 3397 595 3453 nir
610 3395 717 3468 finibus
730 3392 802 3453 Bas.
818 3393 886 3452 Par.
903 3393 969 3453 Eia.
985 3395 1053 3455 l'ur.
1074 3400 1112 3456 tis
1130 3397 1199 3458 Vat,
1223 3399 1277 3459 cir.
1292 3418 1385 3478 supra

176 3507 216 3568 ad
230 3505 318 3566 Catil.
342 3523 368 3566 c.
383 3507 431 3563 20.
450 3503 604 3578 mptucen
621 3500 690 3561 Vat.
712 3501 793 3577 quod
815 3518 914 3579 prope
935 3502 975 3560 ad
997 3503 1180 3581 scripturam
1202 3507 1270 3566 cod.
1286 3508 1385 3569 Paris.

175 3613 305 3674 accedit.
326 3610 425 3670 liberte
438 3611 577 3686 repntpuc
592 3607 661 3667 Vat.
679 3624 768 3681 quam
784 3607 949 3667 lectionem
965 3608 1010 3667 illi
1025 3609 1188 3670 brevitatis
1203 3610 1386 3675 Salustianae

177 3721 382 3780 admiratores
404 3719 514 3794 cupide
535 3716 701 3794 arripient;
732 3721 840 3776 contra
860 3733 949 3776 nemo
971 3733 1028 3776 non
1059 3718 1213 3796 intelligit,
1244 3725 1386 3796 quantum

178 3842 346 3906 pronomen
362 3823 497 3882 additum
511 3822 559 3881 rei
573 3821 783 3899 indignitatem
797 3828 918 3897 augeat.
935 3822 1043 3881 cadem
1058 3823 1225 3884 ratioalius
1236 3827 1386 3886 variantis

177 3949 331 4011 nmquam
352 3947 423 4008 erpo
443 3946 502 4007 pro
521 3945 720 4005 numquamne.
738 3961 774 3971 ——
789 3928 952 3988 oereotitor
967 3931 1021 3989 ubi
1035 3929 1105 3991 Bas.
1122 3937 1154 3990 et
1168 3931 1236 3992 Vat
1254 3949 1386 3992 conscu-

179 4042 267 4115 tiunt‚
289 4043 321 4100 et
341 4041 369 4098 in
392 4038 460 4098 Par.
483 4044 515 4099 et
528 4039 596 4097 Tur.
620 4039 678 4114 spl.
699 4037 811 4098 Contra
834 4038 1023 4115 curabimur,
1045 4040 1125 4114 quod
1149 4038 1216 4099 Ein.
1235 4040 1303 4101 Par.
1317 4041 1386 4102 Tur.

180 4167 197 4207 a
220 4165 256 4206 m.
278 4165 323 4224 pr.
344 4146 469 4222 habent,
491 4162 597 4205 omnes
619 4145 732 4220 cupide
754 4144 888 4221 amplexi
911 4148 989 4220 sunt,
1016 4147 1067 4221 qui
1088 4148 1186 4206 minus
1212 4146 1300 4208 codd.
1329 4165 1387 4208 au-

179 4257 352 4316 ctoritatem
368 4273 456 4330 quam
472 4254 824 4328 rhetoricamquandam
835 4260 1002 4328 sequuntur
1014 4254 1207 4332 elegantiam.
1219 4272 1253 4315 οο
1264 4255 1388 4332 efferens

180 4362 252 4423 Bas.
283 4363 338 4439 ces,
364 4362 432 4422 Vat.
455 4379 520 4422 οοοο
549 4361 617 4420 Par.
647 4358 713 4419 Ein.
745 4361 813 4419 Tur.
849 4362 930 4435 quod
963 4361 1073 4422 iisdem
1102 4363 1272 4423 rationibus
1308 4363 1389 4423 ducti

180 4469 286 4547 plures
308 4470 501 4544 receperunt.
530 4471 593 4526 cios
621 4483 741 4544 repnum
769 4466 838 4525 Bas.
864 4467 960 4527 multo
987 4467 1098 4527 melius
1129 4485 1216 4543 quam
1245 4470 1389 4548 vulgatus

181 4577 345 4636 verborum
369 4575 463 4636 ordo:
489 4592 549 4652 rep.
571 4576 640 4633 eine.
655 4574 792 4633 —icdern
813 4573 888 4633 dolie
908 4578 1028 4651 nonem!
1047 4575 1117 4634 Vat
1139 4593 1205 4651 quae
1227 4579 1390 4637 verborum

183 4685 298 4759 formae,
331 4701 397 4744 curn
420 4686 536 4743 certam
559 4683 708 4758 quandam
741 4684 952 4758 antiquitatem
984 4684 1154 4756 redoleant,
1181 4685 1285 4760 utique
1306 4685 1389 4743 reci·
