3576 5602
442 615 512 686 386

443 841 474 888 o.
501 813 585 886 709.
685 817 719 886 2.
747 815 831 885 Libo
856 774 967 885 autem
993 817 1103 898 tradit,
1130 818 1313 888 Caecilium
1331 821 1470 890 Bassum
1485 823 1623 915 Pompeio
1756 779 1757 830 ³

443 941 572 1010 devicto
598 937 679 1036 Tyri
699 937 866 1048 privatum
893 939 1013 1008 vixisse
1045 950 1078 1008 ct
1103 942 1292 1033 complures
1317 943 1388 1012 eius
1414 945 1547 1035 legionis
1568 946 1623 1014 mi.

443 1064 517 1134 lites
549 1062 733 1154 corrupisse
767 1085 807 1130 eo
839 1063 989 1143 consilio,
1024 1073 1062 1132 ut
1079 1065 1121 1134 .S.
1148 1065 1269 1134 lulium
1300 1066 1521 1138 interficerent
1542 1069 1625 1138 etad

444 1211 479 1258 se
504 1188 692 1260 transirent.
719 1212 751 1258 o.
770 1186 853 1260 708.
877 1191 1045 1282 Appianas
1068 1191 1096 1259 b.
1113 1193 1179 1260 (liu.
1197 1189 1232 1273 3,
1253 1191 1312 1262 77.
1414 1194 1448 1263 3.
1475 1196 1569 1266 Varro
1591 1195 1626 1264 ad
1756 1167 1757 1184 ἵ

445 1315 607 1386 Libonem
634 1316 743 1409 primo
769 1325 832 1384 etc.
880 1317 1062 1386 Macrobius
1085 1318 1274 1400 Sotum.2,
1300 1317 1356 1390 14.
1390 1320 1441 1389 De
1464 1323 1499 1390 L.
1516 1321 1628 1390 Scribo·
1756 1311 1757 1364 ³

445 1441 501 1508 nio
522 1441 639 1512 bibone
664 1443 719 1533 cfr.
747 1441 863 1511 Orellii
891 1441 1114 1511 Ortomosticoo
1141 1443 1323 1516 Tullianum
1348 1469 1382 1538 p.
1411 1442 1483 1517 528
1507 1446 1534 1513 b.

906 1764 1151 1774 *—

857 1975 1004 2061 mm
1040 1977 1242 2064 somnus

525 2192 557 2258 l.
583 2191 627 2259 At
651 2209 731 2260 reno
755 2189 921 2260 Domitius
946 2213 1011 2260 nou
1037 2192 1135 2260 orbes
1161 2193 1296 2272 larreos,
1316 2244 1353 2260 ..
1380 2191 1437 2261 sed
1464 2211 1630 2262 mensarum
1756 2269 1757 2284 χ

448 2314 520 2383 viee
546 2313 698 2384 sumendi
733 2313 798 2382 eibi
829 2314 934 2404 gratia
959 2313 1087 2405 apium,
1127 2315 1221 2384 cuius
1254 2315 1398 2384 maxime
1429 2327 1498 2386 eret
1526 2314 1633 2385 ibidem

449 2437 555 2530 eopia,
582 2436 681 2507 luisse
707 2436 922 2518 substratum:
959 2437 1048 2530 quod
1074 2439 1180 2531 ipsum
1208 2438 1409 2530 consumptis
1434 2438 1507 2508 aliis
1530 2438 1635 2508 eduliis

450 2585 505 2632 eos
531 2563 713 2633 comedisse
737 2587 777 2633 ac
801 2575 875 2657 post
899 2564 1038 2634 subinde
1065 2564 1278 2643 intellexisse.
1312 2565 1395 2634 illas
1413 2587 1484 2634 esse
1509 2587 1636 2645 mensus,

450 2713 532 2783 quas
557 2691 632 2761 illos
657 2701 858 2761 comesturos
883 2691 1090 2784 praedictum
1123 2702 1218 2762 esset.
1262 2694 1347 2764 Cum
1376 2693 1508 2762 interim
1531 2691 1638 2760 immo-
1756 2671 1757 2674 Ἴ

450 2814 516 2884 lata
540 2837 599 2884 sue
621 2815 655 2883 iu
677 2815 772 2885 litore
790 2814 989 2886 sacrificium
1007 2824 1192 2907 perageret,
1218 2814 1359 2885 traditur
1383 2812 1545 2902 [Aeneas]
1568 2813 1639 2882 lorte
1756 2829 1757 2892 3

451 2938 628 3008 advertisse
653 2939 812 3030 Argiuam
839 2939 989 3018 classem,
1016 2940 1049 3008 in
1076 2963 1142 3034 qua
1163 2941 1285 3033 Ulyxes
1311 2952 1398 3020 erat;
1427 2961 1567 3033 cumque
1589 2960 1640 3006 re·

451 3073 580 3134 reretur
605 3085 647 3131 ne
672 3064 715 3133 ab
741 3062 833 3133 boste
859 3065 1009 3155 cognitus
1035 3065 1220 3156 perieulum
1247 3065 1383 3146 subiret,
1412 3065 1557 3158 itemque
1580 3085 1640 3133 rem

450 3187 597 3258 divinem
615 3188 857 3280 interrumpere
874 3210 1040 3258 summum
1057 3190 1151 3259 nelas
1171 3189 1324 3272 duceret,
1352 3200 1450 3284 eaput
1466 3191 1641 3262 velamento

451 3311 628 3382 obduxisse
653 3321 751 3403 atque
777 3311 822 3380 ite
847 3312 946 3403 pleno
971 3312 1035 3382 ritu
1062 3335 1156 3382 sacra
1181 3314 1370 3406 perfecisse.
1409 3313 1491 3383 lade
1517 3311 1642 3404 posteris

454 3434 609 3505 traditum
636 3456 763 3503 morem
789 3434 834 3504 ita
859 3435 1077 3517 sacrificandi,
1105 3446 1140 3506 ut
1165 3437 1279 3507 scribit
1303 3439 1348 3508 ld.
1367 3438 1527 3508 Octavius
1553 3437 1605 3506 lib.
1620 3436 1642 3503 l.

453 3562 497 3631 At
521 3582 601 3629 vero
625 3559 791 3630 Domitius
816 3559 875 3630 lib.
902 3561 917 3628 l
948 3559 1060 3641 docet,
1098 3573 1184 3630 sorte
1211 3562 1376 3655 Apollinis
1400 3561 1558 3654 Delpbici
1583 3583 1645 3628 mo-

454 3683 558 3752 nitum
584 3685 732 3754 Aeneam
765 3694 801 3754 ut
826 3684 954 3754 ltaliam
984 3695 1132 3776 peteret:
1170 3685 1229 3754 ubi
1257 3684 1323 3754 duo
1348 3686 1454 3754 maria
1479 3685 1646 3755 invenisset

454 3805 695 3900 prandiumque
721 3831 797 3877 cum
824 3808 944 3876 mensis
976 3818 1146 3889 comesset,
1186 3807 1233 3877 ibi
1265 3807 1383 3878 urbem
1414 3808 1463 3878 uti
1489 3807 1645 3877 conderet.
1756 3795 1757 3810 ἶ

455 3931 571 4021 ltaque
598 3951 767 4020 egressum
795 3930 828 3999 iu
855 3953 970 4022 agrum
993 3935 1192 4002 Laurentem
1220 3954 1296 4001 com
1320 3931 1494 4024 paululum
1519 3955 1539 4001 e
1564 3933 1647 4004 litore

454 4055 676 4147 processisset,
702 4055 891 4147 pervenisse
917 4055 957 4124 od
985 4054 1049 4125 duo
1075 4065 1191 4147 stagna
1213 4079 1320 4150 aquae
1346 4057 1451 4125 salsae
1472 4056 1582 4126 vicina
1605 4055 1648 4123 iu-
1756 4139 1757 4144 Ἰ

456 4187 507 4246 ter
530 4200 577 4257 se,
613 4177 726 4270 ibique
752 4200 826 4248 eum
853 4201 888 4247 se
915 4178 1057 4259 lavisset,
1094 4201 1133 4248 ac
1159 4179 1317 4248 relectum
1344 4178 1419 4248 cibo
1445 4201 1520 4248 cum
1546 4180 1646 4271 apium

458 4323 602 4395 quoque,
629 4302 719 4395 quod
745 4312 822 4372 tunc
849 4303 921 4372 vice
947 4325 1082 4373 mensae
1108 4303 1309 4373 substratum
1334 4303 1450 4383 luerat,
1481 4323 1648 4392 cousump-

457 4427 562 4508 sisset,
596 4424 838 4495 existimantem
863 4427 978 4519 procul
1004 4426 1107 4496 dubio
1137 4427 1195 4496 illa
1227 4450 1298 4496 esse
1323 4427 1390 4497 duo
1414 4427 1533 4506 maria,
1574 4420 1647 4520 quod

458 4550 492 4619 iu
519 4551 584 4620 illis
610 4550 734 4640 stagnis
759 4571 867 4642 aquae
893 4550 1042 4620 marinae
1068 4550 1194 4643 species
1216 4561 1310 4633 esset,
1338 4573 1550 4642 mensasque,
1577 4567 1648 4642 quae
1756 4631 1757 4654 Χ

459 4684 555 4744 crant
571 4697 613 4744 cx
630 4676 786 4744 stramine
803 4675 882 4767 apii,
909 4687 1083 4744 comestas:
1110 4677 1229 4746 urbem
1255 4677 1288 4746 in
1316 4701 1356 4746 eo
1383 4678 1455 4747 loeo
1475 4675 1647 4746 condidisse
1756 4655 1757 4662 ἵ
