3554 5600
455 631 524 702 178

451 831 606 910 Catulum
631 829 729 901 civile
754 831 908 924 prolium
935 830 1036 921 gessit
1066 841 1098 900 et
1123 831 1227 900 victus
1253 841 1312 900 est.
1355 831 1439 899 Nam
1466 851 1657 921 congrega·

451 955 493 1026 tis
512 955 564 1036 iis,
590 955 624 1024 in
650 977 792 1048 quorum
818 953 1040 1047 possessiones
1064 975 1168 1024 nosos
1187 953 1320 1024 colonos
1345 952 1387 1022 de
1411 954 1480 1024 suis
1496 953 1658 1022 militibus

452 1081 543 1173 Sylla
567 1079 671 1150 victor
698 1078 839 1159 inmisit,
875 1100 915 1148 ae
939 1078 1002 1148 sibi
1029 1078 1213 1148 coniunctis
1243 1078 1360 1148 liberis
1384 1076 1657 1170 proscriptorum,

451 1205 622 1296 ingentem
656 1203 872 1296 congregavit
902 1203 1096 1284 exercitum,
1135 1202 1324 1295 pollicendo
1352 1202 1380 1272 si
1413 1202 1580 1284 vicissent,
1623 1223 1658 1270 se

452 1329 539 1398 bona
565 1329 671 1421 patria
696 1328 934 1398 restituturum.

525 1452 618 1522 Plebi
643 1475 788 1547 quoquc,
816 1453 926 1524 multis
950 1453 1148 1524 muneribus
1174 1453 1306 1546 publice
1337 1451 1559 1546 privatimque
1585 1452 1657 1520 lar·

451 1577 538 1668 gitis,
573 1599 669 1648 carus
699 1577 873 1648 videbator
907 1601 946 1649 ue
979 1578 1120 1671 publicae
1150 1577 1310 1648 libertatis
1336 1587 1488 1646 assertor.
1531 1576 1596 1646 Sed
1623 1576 1657 1644 in

451 1701 595 1772 Etruriae
621 1701 717 1771 litore
744 1702 923 1771 commisso
948 1703 1066 1796 proelio
1092 1709 1237 1795 cuperat
1252 1701 1398 1794 Lepidus
1416 1722 1487 1770 esse
1504 1701 1658 1793 superior

453 1849 513 1920 per
537 1836 698 1897 ιιιιιιιῑιιιι
711 1826 981 1908 multitudinem,
1013 1847 1088 1919 quae
1119 1825 1196 1896 odio
1231 1847 1343 1896 rerum
1377 1825 1588 1918 Syllanarum
1621 1847 1657 1894 sc

452 1950 570 2044 Lepidi
594 1951 744 2043 partibus
775 1951 966 2045 applicaret.
1012 1951 1076 2020 Sed
1103 1950 1277 2043 Pompeius
1306 1948 1348 2018 de
1374 1947 1482 2020 Gallia
1511 1947 1655 2028 rediens,

452 2097 520 2144 uon
546 2097 661 2168 passus
687 2085 734 2144 est
752 2075 868 2167 Lepidi
894 2073 1070 2147 audaciam
1096 2095 1172 2144 cnm
1197 2073 1339 2166 publicis
1360 2071 1565 2143 detrimentis
1591 2072 1656 2140 im·

452 2221 541 2290 pune
567 2196 733 2269 bacchari.
779 2199 864 2268 Nam
899 2198 1062 2290 fugientes
1088 2197 1158 2268 eius
1184 2197 1361 2290 copiosae
1387 2221 1423 2266 se
1447 2197 1656 2289 implicantes

454 2324 660 2394 festinatione
686 2323 869 2393 formidinis
895 2322 939 2392 ita
958 2323 1143 2415 prostravit,
1168 2333 1205 2392 ut
1229 2323 1354 2392 maiore
1378 2344 1520 2392 numero
1545 2321 1656 2414 priva-

454 2461 505 2518 tus
530 2449 564 2516 in
591 2446 779 2517 Sardiniam
805 2448 1009 2538 confugeret,
1039 2458 1075 2517 ut
1100 2446 1258 2540 impedito
1283 2458 1469 2517 commeatu
1494 2447 1654 2539 populum

454 2574 639 2641 Romanum
673 2572 828 2662 fatigaret
865 2572 978 2665 iuopia
1011 2595 1049 2642 ac
1080 2595 1155 2642 suas
1186 2573 1274 2642 vires
1303 2573 1404 2642 mmis
1430 2573 1601 2665 copiisque
1625 2580 1655 2640 et

453 2697 544 2765 omni
576 2695 793 2766 instrumento
824 2695 987 2767 reliceret.
1029 2699 1138 2790 Atque
1170 2697 1217 2766 ibi
1253 2695 1419 2766 contrario
1452 2707 1654 2790 pmpraetore

453 2821 553 2892 variis
570 2820 696 2914 praeliis
720 2819 942 2914 gravibusque
963 2821 1123 2891 conflixit.
1167 2823 1252 2892 Nam
1269 2821 1495 2891 sollertissime
1521 2821 1654 2896 tutando

455 2945 660 3038 provinciam
694 2945 815 3026 effecit,
848 2956 885 3015 ut
909 2945 1028 3037 Lepidi
1062 2944 1200 3015 consilia
1231 2925 1324 3016 vana
1341 2945 1461 3015 iurent.
1503 2944 1653 3037 Undique

456 3068 547 3138 euim
580 3068 766 3160 prohibitus
800 3079 834 3137 et
870 3069 1108 3139 munitionibus
1142 3093 1163 3138 a
1196 3069 1375 3140 civitatium
1410 3069 1654 3162 expugnatione

455 3192 622 3285 depulsus,
660 3192 811 3284 nequivit
840 3192 982 3283 cogitata
1019 3192 1197 3285 perlicere3
1234 3215 1274 3262 ae
1307 3192 1385 3262 dum
1414 3193 1519 3263 multa
1550 3201 1652 3286 parat,

453 3317 572 3386 morbo
610 3316 703 3408 gravi
742 3316 917 3409 obpressus
955 3341 995 3386 ac
1032 3329 1181 3388 mortuus
1223 3330 1282 3388 est.
1334 3317 1436 3389 Cuius
1476 3317 1587 3387 socius
1625 3327 1655 3386 et

455 3440 649 3511 administer
674 3442 859 3533 Perpenna,
903 3441 946 3510 ob
976 3441 1132 3512 delictum
1163 3442 1244 3513 tanti
1277 3441 1433 3512 facinoris
1457 3441 1655 3535 supplicium

455 3565 586 3646 timeus,
631 3588 672 3634 ex
711 3565 865 3636 Sardinia
902 3567 937 3635 in
976 3565 1171 3658 Hispaniam
1211 3577 1413 3637 transvectus
1452 3577 1500 3636 est
1540 3589 1581 3638 ac
1621 3587 1654 3634 se

455 3689 601 3760 Sertorio
640 3690 792 3771 sociavit,
834 3690 893 3784 qui
932 3700 1001 3760 urm
1043 3691 1200 3761 Romanis
1239 3691 1340 3761 armis
1373 3691 1551 3785 quassabat
1592 3691 1655 3760 im·

455 3816 597 3909 perium.
644 3815 727 3884 Nam
753 3813 807 3885 bic
832 3815 997 3885 Sertorius
1023 3815 1063 3886 de
1089 3815 1188 3886 Marii
1211 3816 1358 3908 partibus
1389 3817 1461 3886 fuit.
1500 3816 1654 3887 Norbano

350 3929 354 3938 '
455 3949 489 4008 ct
514 3937 668 4032 Scipione
699 3937 789 4008 Coss.
823 3961 900 4008 eum
932 3961 974 4007 ex
1006 3939 1086 4008 Asia
1115 3939 1207 4031 Sylla
1238 3949 1352 4009 eontm
1379 3939 1523 4010 llarium
1556 3953 1653 4032 atque

455 4062 632 4132 factionem
656 4062 786 4132 veniret
809 4062 959 4144 infestus,
985 4062 1105 4132 timens
1130 4073 1263 4134 senatus
1287 4064 1384 4145 uam,
1410 4087 1453 4135 ue
1477 4067 1568 4137 malo
1592 4089 1654 4160 pu-

454 4187 543 4257 blico
569 4186 750 4257 certamina
768 4187 854 4256 inter
870 4186 972 4256 duces
989 4187 1165 4269 orirentur,
1191 4188 1312 4270 statuit,
1340 4201 1376 4259 ut
1400 4201 1556 4262 curarent
1573 4212 1653 4262 con-

453 4313 554 4392 sules,
593 4335 636 4381 ne
668 4313 708 4382 R.
732 4312 767 4379 P.
802 4312 969 4403 acciperet
1002 4310 1247 4382 detrimentum.
1289 4315 1366 4384 Hoc
1389 4313 1498 4407 itaque
1523 4325 1652 4384 senatus

454 4437 604 4507 consulto
628 4436 760 4506 excitati
785 4436 936 4505 consules
961 4445 1074 4505 contra
1100 4407 1288 4506 venientem
1314 4437 1440 4530 Syllam
1464 4447 1565 4532 atque
1581 4460 1652 4508 om-

454 4560 553 4632 nibus
578 4560 714 4630 exitium
740 4557 947 4628 minitantem
971 4557 1125 4651 praesidia
1150 4559 1212 4629 sibi
1237 4559 1398 4654 cuiusque
1429 4561 1561 4652 generis
1592 4583 1651 4654 pa·

454 4706 530 4754 rare
555 4691 737 4775 cteperuut,
763 4693 795 4751 et
818 4681 919 4752 duces
946 4681 1093 4766 idoneos,
1119 4683 1328 4778 adquorum
1355 4683 1550 4755 industriam
1576 4709 1649 4778 per-
