3702 5600
432 659 503 725 512

430 858 511 916 tiam.
536 863 637 932 petunt
656 855 736 915 enim
764 856 816 930 qui
843 853 962 929 aliquid
986 855 1152 931 impetrare
1179 855 1310 931 cupiunt,
1356 862 1489 932 oppetunt
1517 856 1568 929 qui
1591 854 1642 913 vel

430 964 496 1023 iure
519 965 549 1022 id
572 963 632 1021 sibi
654 962 750 1022 tribui
771 965 914 1036 statuunt,
937 961 989 1020 vel
1011 965 1126 1020 tantum
1149 963 1244 1020 studii
1265 963 1420 1038 adhibent,
1442 967 1474 1022 ut
1495 963 1643 1037 precibus

431 1089 535 1131 eorum
557 1071 671 1130 cedere
692 1070 901 1129 necessarium
930 1085 1003 1127 esse
1024 1068 1175 1128 videatur.
1207 1069 1263 1127 sed
1286 1071 1313 1128 si
1334 1071 1387 1144 qui
1408 1076 1487 1144 sunt,
1509 1071 1560 1145 qui
1584 1087 1642 1128 ne-

430 1185 510 1256 gent,
533 1185 665 1254 oppetere
687 1177 797 1254 aliquid
816 1176 851 1235 ab
873 1176 970 1252 aliqum
998 1173 1105 1234 Latine
1132 1176 1194 1234 dici
1216 1177 1365 1251 potuisse,
1394 1178 1416 1235 ii
1437 1177 1530 1235 velim
1553 1177 1642 1253 cogi-

430 1289 495 1346 tent
516 1292 650 1361 oppetere
671 1285 698 1343 si
720 1284 817 1343 minus
840 1283 976 1356 eandem,
998 1282 1098 1340 tamen
1122 1280 1250 1340 similem
1273 1281 1526 1360 significationem
1549 1301 1640 1358 quam

429 1393 557 1451 verbum
579 1391 709 1467 simplex
730 1390 847 1448 babere
874 1389 1063 1464 eandemque
1090 1391 1178 1464 sequi
1204 1395 1397 1450 structuram.
1437 1391 1499 1450 Sed
1521 1408 1560 1449 ne
1583 1407 1640 1449 ne-

431 1517 518 1559 cesse
540 1499 662 1575 quidem
677 1498 742 1572 luit,
764 1501 798 1557 ut
812 1497 909 1556 verba
926 1513 945 1555 o
956 1513 1021 1570 pop.
1040 1497 1117 1554 llom.
1137 1499 1251 1556 arctius
1274 1515 1340 1556 cum
1354 1505 1489 1572 oppetere
1509 1498 1640 1556 coniun-

430 1610 582 1684 gerentur,
606 1605 661 1663 sed
676 1607 805 1680 possunt
821 1603 874 1661 illa
888 1605 991 1679 posita
1007 1622 1078 1664 esse
1095 1609 1128 1664 ut
1141 1606 1221 1682 apud
1235 1605 1351 1664 Livium
1369 1625 1429 1664 xxi.
1443 1611 1469 1664 5.
1485 1603 1641 1664 silentium

431 1713 469 1771 ab
489 1711 631 1770 hostibus
654 1708 718 1768 luit.
742 1712 788 1767 13.
805 1726 894 1768 occa
915 1709 1059 1770 Romanis
1074 1711 1138 1770 ulla
1153 1713 1243 1770 vobis
1265 1729 1337 1788 spes
1355 1715 1412 1769 est.
1431 1729 1449 1769 1.
1470 1713 1521 1769 5⁰:
1548 1727 1588 1769 ne
1608 1712 1640 1769 id

430 1819 552 1895 quidem
576 1819 614 1875 ab
633 1818 733 1876 Turno
754 1816 865 1876 tulisse
884 1819 1009 1876 tacitum
1032 1816 1150 1893 lerunt;
1173 1837 1210 1877 xn
1234 1821 1285 1888 3l3
1307 1835 1413 1895 pacem
1429 1835 1495 1877 curu
1518 1817 1558 1876 iis
1580 1834 1640 1894 po-

430 1927 518 2003 pulus
545 1924 697 1984 Romanus
724 1939 783 1982 non
813 1940 831 1982 a
861 1941 896 1982 se
927 1927 1042 1982 tantum
1071 1925 1127 1983 sed
1158 1925 1197 1983 ab
1228 1941 1303 2000 rege
1334 1925 1425 1984 etiam
1458 1923 1640 1983 Massinissa

429 2032 582 2111 praestitit.

508 2158 532 2199 c.
555 2141 603 2198 65.
627 2137 777 2213 poulolron
797 2141 937 2197 inminuto
957 2135 1027 2195 Bas.
1055 2136 1155 2196 Paris.
1177 2141 1195 2196 b
1218 2155 1234 2196 c
1255 2156 1325 2198 xz.
1345 2138 1463 2213 paulurn
1484 2137 1547 2196 alii.
1565 2143 1592 2197 si
1612 2143 1641 2197 ci

429 2246 565 2324 inportbo
585 2244 654 2304 Bas.
677 2245 784 2303 vitium
806 2261 844 2301 ex
864 2241 1051 2318 repetitione
1073 2245 1177 2320 primae
1204 2243 1334 2320 syllabae
1357 2251 1465 2319 ortum,
1496 2247 1579 2320 quod
1601 2263 1640 2305 eo

430 2354 551 2414 laoilius
579 2353 647 2426 luit,
680 2353 761 2428 quod
788 2369 819 2410 ut
844 2352 875 2408 in
902 2350 962 2408 fine
987 2349 1076 2408 lineae
1103 2353 1237 2427 positum
1264 2357 1296 2410 et
1323 2353 1460 2427 impartio
1489 2355 1519 2411 in
1551 2354 1639 2412 initio

430 2461 597 2536 sequentis.
618 2459 853 2518 contumeliorum
874 2459 1041 2531 imperatori
1061 2473 1125 2514 curn
1146 2473 1200 2515 coo
1222 2458 1335 2515 ouotlio
1347 2475 1450 2532 poenos
1466 2466 1552 2533 pelol.
1569 2458 1640 2519 Bas.

430 2572 463 2628 et
484 2585 589 2628 omnes
611 2568 684 2626 boni
705 2566 789 2640 libri3
812 2564 894 2640 quod
908 2563 964 2622 alii
978 2564 1008 2620 in
1023 2567 1213 2638 imperatoris,
1236 2564 1291 2622 alii
1306 2569 1336 2623 ic
1350 2567 1553 2650 imperatorem
1570 2585 1639 2626 mu-

431 2678 541 2750 tarunt,
564 2690 669 2751 parum
691 2671 739 2730 illi
761 2687 914 2730 memores
935 2669 1093 2728 liberioris
1115 2669 1212 2727 dativi
1234 2687 1308 2729 osus
1331 2678 1361 2730 et
1378 2673 1458 2749 apud
1474 2671 1639 2732 Salustium

431 2785 463 2841 et
476 2781 556 2857 apud
568 2781 711 2838 Tacitum.
731 2793 829 2851 noque
846 2776 917 2835 illos
930 2780 1092 2836 moverunt
1107 2778 1214 2852 quaein
1231 2777 1362 2837 Catilina
1377 2781 1527 2857 leguntur,
1550 2798 1574 2838 o.
1591 2783 1639 2839 32.

430 2905 521 2964 nequo
542 2887 654 2945 incidie
674 2884 787 2944 consoli
805 2883 1009 2958 procedebant,
1031 2886 1061 2942 et
1082 2884 1203 2942 insidias
1224 2883 1337 2943 amiculi
1358 2893 1514 2960 incurrero,-
1540 2904 1639 2962 neque

430 2994 525 3054 'laciti
548 2991 717 3051 auctoritas
740 3006 794 3048 eos
817 3007 834 3048 a
858 2989 1024 3049 temerario
1047 2989 1229 3048 emendandi
1251 2991 1354 3051 studio
1374 2993 1510 3052 retinere
1524 2994 1638 3069 potuit;

430 3102 486 3161 cir.
515 3097 622 3158 Annal.
652 3115 702 3156 xri.
733 3099 780 3154 55.
808 3096 870 3154 viru
899 3094 1070 3155 cultoribus
1098 3098 1130 3154 et
1152 3098 1312 3173 oppidanis
1340 3117 1376 3157 ac
1402 3100 1582 3175 plerumque
1607 3099 1638 3157 in

430 3211 616 3265 mercatores
638 3221 673 3262 ao
695 3202 901 3261 navicularios
923 3201 1091 3275 audebant;
1116 3221 1179 3260 xm.
1197 3205 1232 3261 21
1257 3203 1404 3263 ultionem
1427 3205 1457 3262 iu
1479 3204 1639 3264 delatores

430 3318 462 3372 et
482 3313 605 3389 pramis
628 3310 734 3369 amicis
755 3309 892 3368 obtinuit.
928 3307 989 3366 Sed
1006 3309 1063 3367 iem
1082 3309 1133 3368 diu
1148 3309 1438 3370 Draolrenborcbius
1462 3313 1501 3372 ad
1515 3310 1581 3370 Liv.
1596 3331 1639 3372 nu

431 3420 477 3478 to.
500 3421 531 3492 ‘25
554 3415 783 3490 animadvertit,
803 3412 921 3472 Livium
943 3414 1078 3473 dativum
1099 3431 1157 3491 pro
1178 3417 1317 3491 genitivo
1333 3419 1507 3478 nominibus
1521 3419 1638 3479 addere

431 3529 544 3601 solere;
566 3526 647 3601 quod
669 3528 701 3584 ut
723 3541 815 3600 supra
838 3523 978 3597 vidimus,
1008 3523 1090 3599 apud
1112 3523 1247 3583 Tacitum
1276 3523 1558 3600 frequentissimum
1580 3530 1639 3585 est.

430 3635 511 3708 Alia,
534 3637 639 3693 contra
661 3631 844 3708 optimorum
869 3630 1006 3688 codicum
1029 3631 1242 3690 auctoritatem
1264 3633 1377 3692 mutata
1399 3633 1464 3692 bueo
1486 3637 1571 3692 sunt:
1598 3639 1640 3693 uti

429 3741 530 3802 sellom
544 3757 600 3818 pro
615 3745 653 3813 ot,
676 3740 784 3797 iterum
805 3739 846 3795 oli
865 3735 1022 3808 contitinet,
1044 3739 1075 3794 in
1096 3753 1146 3795 eos
1161 3740 1233 3814 post
1246 3739 1478 3799 contumeliosum
1493 3740 1639 3814 deletum,

430 3852 462 3909 et
487 3867 554 3924 spes
579 3849 663 3922 pacis
691 3846 769 3904 ordo
798 3845 962 3902 verborum
991 3847 1107 3902 temere
1135 3848 1282 3920 mutatus;
1314 3863 1381 3921 quae
1410 3847 1512 3906 omnia
1538 3848 1639 3908 lusius

429 3956 566 4017 refutare
594 3956 716 4031 longum
744 3959 801 4026 est,
830 3970 929 4026 neque
960 3953 1145 4028 optimorum
1170 3953 1320 4013 librorum
1342 3956 1509 4014 auotoritas
1530 3961 1639 4014 contra

431 4081 536 4124 omnes
562 4063 757 4122 audaciorem
788 4061 941 4119 hominum
975 4061 1137 4136 scrupulos
1168 4061 1360 4121 defendenda
1391 4067 1448 4122 est.
1491 4063 1639 4121 Metilium

430 4171 500 4229 Bas.
523 4169 591 4229 Par.
614 4187 639 4228 c.
661 4167 824 4227 mamillium
845 4165 914 4225 Par.
936 4165 964 4223 b.
986 4166 1139 4225 montilium
1160 4166 1229 4226 Par.
1251 4187 1276 4226 z.

513 4294 537 4336 o.
560 4277 607 4335 66.
629 4291 767 4334 nocentes
789 4303 826 4312 -
848 4277 949 4349 volpm
969 4305 1010 4318 —
1030 4277 1149 4333 tercium
1163 4307 1204 4316 —-
1215 4273 1321 4348 plebes.
1342 4275 1412 4336 Bas.
1428 4261 1551 4353 alioque,
1574 4295 1639 4353 poce

430 4385 522 4458 idem;
545 4383 600 4442 sed
618 4381 688 4442 Par.
710 4381 777 4456 olio,
799 4399 870 4459 pooe.
893 4381 978 4440 cuius
1000 4383 1184 4441 auctoritate
1204 4381 1326 4457 impulsi
1342 4383 1479 4441 nonnulli
1500 4383 1639 4442 editores

430 4508 485 4568 pue
506 4491 670 4549 eiecerunt.
693 4489 749 4548 sed
766 4507 854 4564 quam
870 4487 962 4548 facile
976 4489 1128 4565 particula
1147 4489 1292 4548 excidere
1309 4491 1451 4566 potuerit,
1473 4507 1561 4548 nemo
1577 4507 1637 4550 oou

430 4596 583 4673 intelligit.
607 4597 723 4672 alioque
743 4595 820 4653 satis
842 4593 988 4669 frequens
1011 4597 1092 4671 apud
1113 4595 1277 4654 Salustium
1300 4593 1364 4652 Cat.
1386 4612 1411 4653 c.
1434 4597 1480 4653 32.
1503 4597 1551 4654 52.
1575 4595 1652 4671 1ης.Ι

431 4706 458 4762 3.
480 4705 527 4761 36.
550 4709 635 4779 otpoe
656 4702 715 4760 olio
737 4703 783 4760 oo.
806 4701 913 4760 etalio
934 4703 982 4760 85.
