3610 5592
484 650 531 720 28

483 860 579 920 notus
604 859 688 933 erat,
720 859 884 942 postremo
918 849 1050 919 timidus
1075 871 1114 920 ao
1146 849 1219 918 vitoe
1244 847 1399 920 diffidens
1424 847 1513 920 velut
1538 847 1674 916 hostibus

484 993 555 1042 sese
580 972 774 1064 praetoribus
799 971 899 1042 dedit
1048 997 1053 1008 ·

557 1119 649 1167 xnvr.
700 1095 828 1180 Quibus
854 1096 953 1168 rebus
976 1096 1146 1178 conlectis,
1172 1095 1284 1165 omnia
1300 1115 1440 1188 propere
1466 1116 1526 1187 per
1551 1095 1675 1166 nuntios

484 1220 612 1290 consuli
635 1219 855 1291 declarantur.
894 1221 938 1290 At
962 1219 1057 1289 illum
1075 1219 1192 1309 ingens
1217 1240 1296 1289 cura
1321 1228 1420 1311 atque
1446 1217 1560 1288 laetitia
1584 1219 1676 1288 simul

484 1367 702 1437 occuparem
735 1365 813 1416 nam
842 1343 1015 1415 letabatur
1045 1343 1233 1434 intelligens
1267 1342 1492 1414 coniuratione
1526 1344 1678 1434 patefacta

485 1471 648 1542 civitatem
681 1471 838 1564 periculis
876 1481 1021 1563 ereptam
1056 1491 1142 1549 essm
1179 1490 1279 1561 porro
1312 1479 1422 1539 autem
1460 1468 1578 1540 anxius
1614 1479 1681 1538 erat

485 1594 655 1678 dubitans,
688 1594 721 1664 in
747 1614 902 1664 maxumo
933 1593 1058 1664 scelere
1089 1591 1185 1662 tantis
1210 1591 1336 1662 civibus
1360 1590 1572 1684 deprebensis
1603 1591 1680 1686 quid

485 1721 569 1791 lacto
594 1741 676 1811 opus
701 1729 802 1800 csset;
828 1741 961 1812 poeuam
984 1716 1117 1787 illorum
1141 1715 1205 1785 sibi
1220 1717 1332 1798 oneri,
1359 1717 1582 1811 impunitatem
1607 1739 1681 1809 per-

485 1845 605 1918 dundae
638 1845 689 1915 rei
722 1843 863 1938 publioae
901 1845 971 1914 lore
1003 1842 1167 1913 credebat.
1218 1843 1322 1934 Igitur
1356 1843 1549 1914 confirmato
1574 1842 1682 1912 animo

484 1969 596 2040 vocari
622 1969 664 2039 ad
688 1991 761 2038 sese
786 1967 877 2038 iubet
901 1966 1096 2048 Lentulum,
1131 1965 1330 2058 Cethegum,
1367 1966 1549 2050 Statilium,
1584 1965 1684 2036 Gabi-

484 2093 593 2176 nium,
635 2093 781 2187 itemque
819 2091 1006 2185 Caeparium
1036 2091 1326 2174 Terracinensem,
1364 2090 1423 2184 qui
1462 2090 1496 2160 in
1531 2090 1683 2183 Apuliam

486 2218 528 2289 ad
566 2217 757 2290 concitanda
788 2216 920 2287 servitia
956 2215 1120 2309 proficisci
1156 2215 1303 2308 parabat
1354 2215 1464 2286 Ceteri
1496 2215 1568 2284 sine
1593 2237 1686 2284 mora

485 2345 637 2428 veniunt,
670 2343 839 2437 Caeparius
871 2343 971 2436 paulo
1004 2351 1083 2412 anto
1115 2341 1213 2412 domo
1247 2363 1397 2432 egressus
1434 2340 1567 2432 cognito
1598 2339 1687 2410 indi-

486 2472 538 2542 cio
575 2493 618 2541 ex
661 2470 743 2541 urbe
780 2470 981 2563 profugerat.
1044 2468 1168 2539 Consul
1201 2467 1397 2550 Lentulum,
1441 2466 1530 2561 quod
1566 2476 1688 2560 praetor

487 2607 573 2680 erat,
599 2596 668 2689 ipse
694 2619 794 2666 manu
818 2605 934 2666 tenens
951 2595 986 2664 in
1011 2605 1161 2665 senatum
1177 2595 1338 2688 perducit,
1357 2594 1504 2689 reliquos
1527 2615 1602 2663 cum
1627 2615 1689 2662 cu-

485 2719 632 2790 stodibus
656 2722 691 2790 in
716 2720 821 2790 aedem
838 2718 1031 2790 Concordiae
1056 2719 1171 2790 venire
1196 2719 1297 2790 iubet.
1336 2721 1386 2790 llo
1410 2729 1560 2790 senatum
1584 2719 1690 2790 advo-

487 2855 540 2915 cat
570 2865 755 2938 magnaque
780 2843 966 2937 frequentia
991 2842 1061 2914 eius
1086 2842 1210 2913 ordinis
1238 2843 1445 2914 Volturcium
1471 2863 1546 2912 cum
1571 2843 1691 2932 legatis

486 2967 680 3047 introducit;
716 2967 870 3038 Flaccum
895 2977 1070 3058 praetorem
1102 2967 1259 3037 scrinium
1289 2988 1365 3037 oum
1391 2965 1523 3048 litteris,
1561 2989 1646 3059 quas
1671 2990 1693 3035 a

487 3089 604 3182 legatis
628 3101 815 3183 acceperat,
842 3089 958 3161 eodem
983 3091 1105 3160 afferre
1132 3089 1233 3160 iubet.

560 3235 663 3283 xnvn.
714 3213 900 3284 Volturcius
941 3213 1162 3305 interrogatus
1203 3212 1245 3282 de
1287 3213 1421 3294 itinere,
1470 3211 1511 3282 de
1554 3213 1693 3294 litteris,

486 3347 652 3431 postremo
685 3336 766 3431 qrrid
817 3347 873 3408 aut
903 3337 1039 3430 quade
1069 3347 1168 3408 causa
1207 3337 1336 3408 consilii
1361 3337 1547 3420 habuisset,
1582 3337 1696 3429 primo

488 3461 614 3553 lingere
639 3461 722 3543 alia,
748 3460 955 3532 dissimulare
980 3461 1021 3531 de
1047 3461 1289 3539 coniuratione;
1316 3471 1403 3552 post,
1430 3460 1487 3531 nbi
1513 3460 1578 3530 tide
1604 3462 1697 3554 pub-

487 3587 552 3658 lica
577 3586 686 3657 dicere
712 3588 818 3657 iussus
843 3597 901 3669 est,
927 3587 1058 3668 omnia,
1084 3586 1131 3657 nti
1148 3597 1240 3677 gesta
1257 3598 1370 3670 eraut,
1396 3586 1503 3680 aperit
1528 3585 1698 3680 docetque

488 3735 524 3781 se
548 3712 662 3801 paucis
686 3721 761 3782 ante
786 3711 901 3782 diebus
926 3733 946 3782 a
972 3710 1112 3782 Gabinio
1133 3721 1165 3780 et
1190 3711 1340 3804 Caepario
1365 3711 1492 3781 socium
1517 3711 1698 3792 adscitum,

488 3837 573 3907 nibil
598 3839 739 3930 amplius
764 3837 847 3909 scire
872 3861 972 3931 quarn
998 3839 1141 3930 legatum
1167 3837 1393 3908 tantummodo
1416 3837 1532 3908 audire
1557 3837 1700 3907 solitum

489 3986 532 4032 ex
549 3962 709 4044 Gabinio,
735 3965 771 4033 P.
788 3963 1005 4044 Autronium,
1033 3963 1184 4033 Servium
1210 3962 1357 4044 Sullam,
1384 3965 1422 4033 L.
1437 3962 1701 4053 Vargunteium,

488 4088 607 4159 multos
631 4096 792 4179 praetcrea
817 4088 850 4156 in
877 4110 916 4157 ea
941 4087 1166 4158 coniuratione
1192 4109 1274 4157 esse.
1319 4086 1444 4158 Eadem
1471 4087 1558 4157 Galli
1584 4087 1703 4156 laten-

487 4222 542 4281 tur
566 4234 605 4281 ac
629 4211 808 4280 Lentulum
833 4209 1091 4280 dissimulantem
1118 4220 1302 4301 coarguunt
1325 4221 1444 4303 praeter
1469 4209 1594 4280 litteras
1621 4233 1705 4280 ser-

488 4333 660 4414 monibus,
694 4355 777 4425 quos
806 4333 862 4403 ille
896 4332 1018 4402 babere
1050 4332 1164 4403 solitus
1199 4343 1287 4403 erat:
1328 4356 1370 4402 ex
1402 4334 1495 4404 libris
1521 4333 1705 4426 Sibyllinis

489 4479 630 4548 regnum
656 4459 769 4528 Romae
787 4457 892 4528 tribus
909 4456 1073 4528 Corneliis
1089 4457 1257 4550 portendi:
1284 4458 1424 4529 Cinnam
1441 4469 1539 4552 atque
1565 4459 1706 4529 Sullam

490 4591 604 4663 autea,
631 4603 666 4650 se
692 4580 823 4650 tertium
850 4602 936 4659 esse,
964 4579 1017 4650 cni
1043 4580 1146 4651 latum
1164 4581 1247 4651 loret
1273 4582 1364 4652 urbis
1388 4582 1504 4675 potiri;
1532 4595 1707 4676 praeterea

490 4704 532 4774 nb
569 4705 704 4778 incenso
739 4707 899 4801 Capitolio
939 4705 1032 4777 illum
1071 4729 1142 4777 esse
1176 4708 1368 4779 vicesimum
1406 4732 1546 4792 annum,
1592 4733 1707 4802 quem
