3582 5594
1293 681 1334 748 81

134 877 229 946 lectis
266 874 453 948 cohortium
487 876 731 970 dispertiverat,
775 887 809 947 ut
838 899 913 946 cum
945 873 997 946 bis
1026 877 1180 968 permixti
1213 878 1338 956 velites,

134 1023 347 1094 quocumque
373 1001 585 1083 accederent,
612 1001 774 1093 equitatus
801 1000 945 1071 bostium
970 1001 1211 1094 propulsarent.
1255 1002 1339 1070 Nam

133 1125 168 1195 in
197 1122 358 1218 Iugurtha
382 1132 489 1193 tantus
515 1122 610 1194 dolus
635 1134 791 1217 tantaque
817 1123 942 1217 peritia
968 1123 1114 1194 locorum
1150 1133 1182 1193 et
1214 1123 1339 1193 militiae

133 1261 217 1330 erat,
243 1260 279 1319 ut
305 1250 424 1319 absens
450 1272 493 1319 an
520 1272 675 1342 praesens,
706 1272 822 1343 pacem
847 1271 888 1318 an
915 1250 1040 1321 bellum
1067 1272 1197 1341 gerens,
1227 1249 1340 1341 pemi-

133 1375 255 1444 ciosior
281 1382 382 1453 esset,
415 1361 461 1441 in
476 1372 601 1443 incerto
626 1371 816 1444 baberetur.

209 1521 315 1568 xsrrr.
365 1501 447 1570 Erat
471 1497 560 1569 baud
586 1498 687 1590 longe
712 1500 755 1569 ab
781 1522 821 1568 eo
847 1499 976 1581 itinere,
1004 1521 1069 1591 quo
1086 1500 1237 1570 Metellus
1261 1523 1339 1594 per-

134 1624 245 1716 gebat,
271 1621 432 1715 oppidum
449 1623 678 1706 Numidarum,
704 1623 838 1693 nomine
864 1625 984 1706 Vacca,
1010 1623 1118 1695 lorum
1143 1645 1254 1694 rerum
1280 1647 1339 1695 ve-

133 1747 262 1818 nalium
288 1748 386 1819 totius
410 1749 506 1840 regni
532 1772 686 1820 maxume
721 1750 939 1831 celebratum,
974 1748 1031 1819 nbi
1065 1759 1098 1818 et
1131 1749 1275 1820 incolere
1307 1762 1340 1819 et

133 1872 279 1942 mercari
296 1883 534 1942 consueverant
550 1873 656 1943 Italici
681 1872 814 1965 generis
835 1872 931 1942 multi
947 1873 1114 1942 mortales.
1167 1875 1241 1944 lluc
1258 1897 1338 1944 oon-

134 1996 185 2065 snl
211 1996 312 2066 simul
338 1996 517 2089 temptandi
544 1997 718 2088 gratiam,
750 1997 778 2066 si
803 2007 1003 2089 paterentur,
1029 1996 1249 2088 oportunitate
1274 1999 1339 2069 loci

134 2120 328 2211 praesidium
363 2120 526 2214 inposuit;
566 2132 726 2214 praeterea
759 2120 931 2214 imperavit
965 2121 1166 2191 frumentum
1196 2132 1228 2192 et
1260 2121 1337 2206 alia,

135 2267 209 2336 qnae
235 2245 326 2315 bello
351 2245 424 2314 usui
451 2245 570 2326 lorent,
601 2257 805 2338 conportare,
837 2254 926 2315 ratus
952 2244 997 2326 id,
1030 2245 1119 2338 qnod
1143 2269 1196 2316 res
1220 2269 1338 2316 mone-

135 2367 200 2449 bat,
237 2369 457 2460 frequentiam
483 2369 723 2460 negotiatorum
760 2381 792 2440 et
817 2380 1001 2440 commeatu
1028 2369 1214 2440 iuvaturum
1240 2393 1338 2440 exer-

136 2493 236 2564 citum
262 2502 295 2562 et
320 2491 386 2562 iam
418 2492 540 2584 paratis
573 2492 672 2564 rebus
697 2493 902 2563 munimento
927 2494 1008 2564 lore.
1060 2495 1148 2564 lnter
1173 2493 1245 2564 baec
1275 2517 1337 2565 ne·

137 2617 224 2710 gotia
242 2617 402 2708 lugurtba
427 2617 595 2710 inpensius
620 2616 717 2687 ruodo
734 2617 859 2710 legatos
876 2618 1039 2710 supplices
1056 2617 1196 2701 mittere,
1223 2641 1337 2712 pacem

136 2764 242 2823 orare,
270 2749 390 2833 praeter
414 2763 508 2810 suam
533 2741 782 2834 liberorumque
804 2741 904 2811 vitam
925 2740 1038 2810 omnia
1053 2741 1187 2811 bletello
1204 2741 1335 2813 dedere.

137 2865 227 2950 Quos
253 2865 332 2935 item
359 2867 406 2936 uti
431 2866 557 2958 priores
583 2867 698 2937 consul
731 2866 866 2936 inlectos
893 2866 933 2936 ad
958 2866 1178 2957 proditionem
1203 2869 1337 2939 domum

137 2990 337 3070 dimittebat;
364 2992 438 3081 regi
462 3013 589 3084 pacem,
620 3014 720 3082 mam
744 2991 943 3083 postulabat,
968 3013 1079 3082 nequa
1102 2991 1250 3062 abnuere
1275 3015 1337 3062 ne-

137 3138 200 3207 que
219 3114 372 3208 polliceri
398 3123 431 3184 et
455 3114 540 3184 inter
564 3136 621 3183 eas
641 3136 750 3185 moras
773 3114 934 3207 promissa
950 3115 1135 3206 legatorum
1152 3127 1335 3209 expectare.

207 3261 326 3309 nun.
378 3238 538 3330 lugurtba
566 3238 623 3309 nbi
649 3237 774 3308 Metelli
808 3238 895 3308 dicta
928 3260 1003 3308 cum
1035 3238 1128 3308 iactis
1157 3242 1338 3334 composuit

136 3387 175 3434 ac
198 3387 234 3434 se
261 3362 330 3434 suis
356 3362 481 3434 artibus
498 3361 649 3455 temptari
667 3361 917 3440 animadvortit3
943 3362 1065 3456 quippe
1083 3363 1136 3434 cui
1149 3364 1258 3434 verbis
1272 3387 1336 3457 pax

136 3489 360 3569 nuntiabatur,
378 3499 525 3558 ceterum
538 3510 575 3556 re
588 3485 713 3556 bellum
727 3507 956 3579 asperrumum
975 3496 1060 3555 erat:
1088 3487 1166 3556 urbs
1182 3508 1336 3558 maxuma

136 3612 289 3692 alienata,
321 3633 402 3704 ager
434 3610 581 3680 hostibus
607 3609 767 3701 cognitus,
798 3609 900 3679 animi
929 3608 1138 3702 popularium
1172 3613 1335 3704 temptati;

137 3749 266 3807 mactus
291 3759 405 3806 rerum
430 3733 668 3806 necessitudine
698 3733 808 3803 statuit
832 3733 933 3803 armis
960 3744 1096 3803 certare.
1147 3735 1253 3826 Igitur
1276 3759 1336 3806 ex-

136 3861 262 3954 plorato
289 3859 432 3930 bostium
458 3858 575 3930 itinere
601 3859 635 3926 in
662 3880 755 3950 spem
781 3857 926 3928 victoriae
953 3857 1109 3928 adductus
1135 3881 1176 3928 ex
1202 3870 1338 3952 oportu-

137 3987 235 4056 nitate
265 3984 332 4056 loci
365 4005 465 4077 mam
496 4003 669 4052 maxumas
705 3991 811 4075 potest
844 3981 956 4074 copias
990 3982 1138 4053 omnium
1177 4005 1337 4074 generum

137 4122 239 4202 parat,
274 4131 315 4178 ac
346 4130 407 4200 per
439 4107 583 4177 tramites
616 4106 761 4176 occultos
792 4105 974 4174 exercitum
1003 4106 1127 4176 Metelli
1160 4107 1337 4178 antevenit.

137 4237 216 4305 Erat
241 4235 275 4304 in
302 4256 345 4302 ea
369 4241 461 4326 parte
486 4229 662 4312 Numidia,
695 4251 794 4322 wem
820 4228 989 4300 Adherbal
1015 4229 1048 4298 in
1075 4228 1235 4300 divisione
1261 4253 1338 4323 pos-

137 4358 277 4441 sederat,
305 4357 430 4426 llumen
448 4355 558 4425 oriens
575 4378 596 4424 a
612 4352 763 4437 meridie,
781 4353 916 4423 nomine
934 4353 1079 4433 Mutbul;
1105 4376 1207 4447 aquo
1225 4354 1339 4425 aberat

136 4507 229 4554 mons
254 4483 360 4553 ferme
386 4479 491 4570 millia
516 4501 670 4572 passuum
696 4477 826 4570 viginti,
852 4486 957 4548 tractu
974 4476 1057 4570 pari,
1084 4486 1192 4547 vastus
1211 4476 1254 4546 ab
1277 4500 1340 4548 na-

137 4621 208 4678 tura
233 4621 267 4679 ct
293 4608 439 4678 burnano
465 4606 565 4676 cultu.
610 4604 674 4676 Sed
700 4627 742 4674 ex
767 4625 808 4671 eo
835 4602 944 4672 medio
969 4602 1064 4696 quasi
1090 4603 1183 4672 collis
1208 4601 1341 4673 orieba-

138 4741 204 4812 tnr,
242 4733 277 4802 in
312 4731 497 4800 inmensum
532 4728 740 4821 pertingens,
779 4726 913 4796 vestitus
947 4725 1089 4796 oleastro
1123 4747 1161 4794 ac
1196 4728 1342 4797 murtetis

1111 4851 1130 4909 6
