<?xml version="1.0" encoding="UTF-8"?>
<!DOCTYPE html PUBLIC "-//W3C//DTD XHTML 1.0 Transitional//EN"
    "http://www.w3.org/TR/xhtml1/DTD/xhtml1-transitional.dtd">
<html xmlns="http://www.w3.org/1999/xhtml" xml:lang="en" lang="en">
 <head>
  <title>
</title>
<meta http-equiv="Content-Type" content="text/html;charset=utf-8" />
  <meta name='ocr-system' content='tesseract 3.04.00' />
  <meta name='ocr-capabilities' content='ocr_page ocr_carea ocr_par ocr_line ocrx_word'/>
</head>
<body>
  <div class='ocr_page' id='page_1' title='image "./gaisalustiicris00rothgoog_0050.png"; bbox 0 0 3610 5592; ppageno 0'>
   <div class='ocr_carea' id='block_1_1' title="bbox 1308 693 1350 761">
    <p class='ocr_par' dir='ltr' id='par_1_1' title="bbox 1308 693 1350 761">
     <span class='ocr_line' id='line_1_1' title="bbox 1308 693 1350 761; baseline 0.048 -2"><span class='ocrx_word' id='word_1_1' title='bbox 1308 693 1350 761; x_wconf 88' lang='grc'><strong>13</strong></span> 
     </span>
    </p>
   </div>
   <div class='ocr_carea' id='block_1_2' title="bbox 150 883 1353 2598">
    <p class='ocr_par' dir='ltr' id='par_1_2' title="bbox 151 883 1352 1586">
     <span class='ocr_line' id='line_1_2' title="bbox 151 883 1352 962; baseline 0.007 -8"><span class='ocrx_word' id='word_1_2' title='bbox 151 883 347 954; x_wconf 80' lang='lat' dir='ltr'><strong>Februarias</strong></span> <span class='ocrx_word' id='word_1_3' title='bbox 365 885 536 955; x_wconf 91' lang='lat' dir='ltr'><strong>consilium</strong></span> <span class='ocrx_word' id='word_1_4' title='bbox 564 885 663 955; x_wconf 80' lang='lat' dir='ltr'><strong>cadis</strong></span> <span class='ocrx_word' id='word_1_5' title='bbox 689 887 932 958; x_wconf 75' lang='lat' dir='ltr'><strong>transtulerant.</strong></span> <span class='ocrx_word' id='word_1_6' title='bbox 986 890 1054 958; x_wconf 88' lang='lat' dir='ltr'><strong>lam</strong></span> <span class='ocrx_word' id='word_1_7' title='bbox 1081 901 1150 960; x_wconf 86' lang='lat' dir='ltr'><strong>tum</strong></span> <span class='ocrx_word' id='word_1_8' title='bbox 1175 913 1242 961; x_wconf 90' lang='lat' dir='ltr'><strong>non</strong></span> <span class='ocrx_word' id='word_1_9' title='bbox 1270 915 1352 962; x_wconf 90' lang='lat' dir='ltr'><strong>con-</strong></span> 
     </span>
     <span class='ocr_line' id='line_1_3' title="bbox 151 1009 1352 1106; baseline 0.007 -29"><span class='ocrx_word' id='word_1_10' title='bbox 151 1009 275 1078; x_wconf 87' lang='lat' dir='ltr'><strong>sulibus</strong></span> <span class='ocrx_word' id='word_1_11' title='bbox 301 1009 417 1090; x_wconf 91' lang='lat' dir='ltr'><strong>modo,</strong></span> <span class='ocrx_word' id='word_1_12' title='bbox 452 1012 507 1081; x_wconf 91' lang='lat' dir='ltr'><strong>sed</strong></span> <span class='ocrx_word' id='word_1_13' title='bbox 539 1011 706 1104; x_wconf 91' lang='lat' dir='ltr'><strong>plerisque</strong></span> <span class='ocrx_word' id='word_1_14' title='bbox 735 1011 939 1081; x_wconf 91' lang='lat' dir='ltr'><strong>senatoribus</strong></span> <span class='ocrx_word' id='word_1_15' title='bbox 973 1013 1152 1106; x_wconf 91' lang='lat' dir='ltr'><strong>perniciem</strong></span> <span class='ocrx_word' id='word_1_16' title='bbox 1179 1015 1352 1085; x_wconf 87' lang='lat' dir='ltr'><strong>machina-</strong></span> 
     </span>
     <span class='ocr_line' id='line_1_4' title="bbox 152 1133 1351 1229; baseline 0.007 -28"><span class='ocrx_word' id='word_1_17' title='bbox 152 1133 280 1202; x_wconf 79' lang='lat' dir='ltr'><strong>bantur.</strong></span> <span class='ocrx_word' id='word_1_18' title='bbox 331 1135 429 1218; x_wconf 85' lang='lat' dir='ltr'><strong>Quod</strong></span> <span class='ocrx_word' id='word_1_19' title='bbox 447 1135 482 1204; x_wconf 91' lang='lat' dir='ltr'><strong>ni</strong></span> <span class='ocrx_word' id='word_1_20' title='bbox 508 1133 649 1204; x_wconf 81' lang='lat' dir='ltr'><strong>Catilina</strong></span> <span class='ocrx_word' id='word_1_21' title='bbox 675 1144 868 1204; x_wconf 75' lang='lat' dir='ltr'><strong>maturasset</strong></span> <span class='ocrx_word' id='word_1_22' title='bbox 893 1159 953 1228; x_wconf 93' lang='lat' dir='ltr'><strong>pro</strong></span> <span class='ocrx_word' id='word_1_23' title='bbox 979 1137 1072 1207; x_wconf 93' lang='lat' dir='ltr'><strong>curia</strong></span> <span class='ocrx_word' id='word_1_24' title='bbox 1098 1140 1229 1229; x_wconf 81' lang='lat' dir='ltr'><strong>signum</strong></span> <span class='ocrx_word' id='word_1_25' title='bbox 1255 1140 1351 1209; x_wconf 90' lang='lat' dir='ltr'><strong>sociis</strong></span> 
     </span>
     <span class='ocr_line' id='line_1_5' title="bbox 152 1257 1352 1354; baseline 0.006 -28"><span class='ocrx_word' id='word_1_26' title='bbox 152 1257 249 1336; x_wconf 90' lang='lat' dir='ltr'><strong>dare,</strong></span> <span class='ocrx_word' id='word_1_27' title='bbox 288 1281 330 1326; x_wconf 93' lang='lat' dir='ltr'><strong>eo</strong></span> <span class='ocrx_word' id='word_1_28' title='bbox 355 1257 410 1327; x_wconf 92' lang='lat' dir='ltr'><strong>die</strong></span> <span class='ocrx_word' id='word_1_29' title='bbox 434 1269 506 1350; x_wconf 89' lang='lat' dir='ltr'><strong>post</strong></span> <span class='ocrx_word' id='word_1_30' title='bbox 530 1259 696 1328; x_wconf 89' lang='lat' dir='ltr'><strong>conditam</strong></span> <span class='ocrx_word' id='word_1_31' title='bbox 721 1257 839 1328; x_wconf 89' lang='lat' dir='ltr'><strong>urbem</strong></span> <span class='ocrx_word' id='word_1_32' title='bbox 866 1261 1005 1330; x_wconf 86' lang='lat' dir='ltr'><strong>Romam</strong></span> <span class='ocrx_word' id='word_1_33' title='bbox 1041 1285 1230 1354; x_wconf 88' lang='lat' dir='ltr'><strong>pessumum</strong></span> <span class='ocrx_word' id='word_1_34' title='bbox 1270 1263 1352 1332; x_wconf 85' lang='lat' dir='ltr'><strong>laci-</strong></span> 
     </span>
     <span class='ocr_line' id='line_1_6' title="bbox 153 1381 1352 1477; baseline 0.006 -27"><span class='ocrx_word' id='word_1_35' title='bbox 153 1403 211 1451; x_wconf 86' lang='lat' dir='ltr'><strong>nus</strong></span> <span class='ocrx_word' id='word_1_36' title='bbox 236 1393 399 1474; x_wconf 88' lang='lat' dir='ltr'><strong>patratum</strong></span> <span class='ocrx_word' id='word_1_37' title='bbox 427 1383 518 1452; x_wconf 85' lang='lat' dir='ltr'><strong>loret.</strong></span> <span class='ocrx_word' id='word_1_38' title='bbox 571 1382 658 1465; x_wconf 83' lang='lat' dir='ltr'><strong>Quia</strong></span> <span class='ocrx_word' id='word_1_39' title='bbox 674 1381 823 1452; x_wconf 92' lang='lat' dir='ltr'><strong>nondum</strong></span> <span class='ocrx_word' id='word_1_40' title='bbox 841 1384 1028 1477; x_wconf 82' lang='lat' dir='ltr'><strong>frequentes</strong></span> <span class='ocrx_word' id='word_1_41' title='bbox 1045 1387 1163 1456; x_wconf 91' lang='lat' dir='ltr'><strong>armati</strong></span> <span class='ocrx_word' id='word_1_42' title='bbox 1184 1409 1352 1457; x_wconf 88' lang='lat' dir='ltr'><strong>convene-</strong></span> 
     </span>
     <span class='ocr_line' id='line_1_7' title="bbox 153 1507 752 1586; baseline 0 -12"><span class='ocrx_word' id='word_1_43' title='bbox 153 1519 238 1586; x_wconf 87' lang='lat' dir='ltr'><strong>rant,</strong></span> <span class='ocrx_word' id='word_1_44' title='bbox 265 1529 305 1576; x_wconf 87' lang='lat' dir='ltr'><strong>ea</strong></span> <span class='ocrx_word' id='word_1_45' title='bbox 331 1529 384 1576; x_wconf 89' lang='lat' dir='ltr'><strong>res</strong></span> <span class='ocrx_word' id='word_1_46' title='bbox 411 1507 583 1578; x_wconf 87' lang='lat' dir='ltr'><strong>consilium</strong></span> <span class='ocrx_word' id='word_1_47' title='bbox 610 1507 752 1577; x_wconf 84' lang='lat' dir='ltr'><strong>diremit.</strong></span> 
     </span>
    </p>

    <p class='ocr_par' dir='ltr' id='par_1_3' title="bbox 150 1631 1353 2598">
     <span class='ocr_line' id='line_1_8' title="bbox 224 1631 1353 1729; baseline 0.005 -30"><span class='ocrx_word' id='word_1_48' title='bbox 224 1653 297 1700; x_wconf 72' lang='lat' dir='ltr'><strong>xta.</strong></span> <span class='ocrx_word' id='word_1_49' title='bbox 348 1633 464 1700; x_wconf 82' lang='lat' dir='ltr'><strong>Postea</strong></span> <span class='ocrx_word' id='word_1_50' title='bbox 501 1631 575 1701; x_wconf 92' lang='lat' dir='ltr'><strong>Piso</strong></span> <span class='ocrx_word' id='word_1_51' title='bbox 601 1631 635 1700; x_wconf 94' lang='lat' dir='ltr'><strong>in</strong></span> <span class='ocrx_word' id='word_1_52' title='bbox 673 1631 859 1702; x_wconf 82' lang='lat' dir='ltr'><strong>citeriorem</strong></span> <span class='ocrx_word' id='word_1_53' title='bbox 894 1633 1088 1725; x_wconf 86' lang='lat' dir='ltr'><strong>Hispaniam</strong></span> <span class='ocrx_word' id='word_1_54' title='bbox 1123 1645 1267 1728; x_wconf 79' lang='lat' dir='ltr'><strong>quaestor</strong></span> <span class='ocrx_word' id='word_1_55' title='bbox 1293 1660 1353 1729; x_wconf 93' lang='lat' dir='ltr'><strong>pro</strong></span> 
     </span>
     <span class='ocr_line' id='line_1_9' title="bbox 151 1755 1353 1851; baseline 0.005 -27"><span class='ocrx_word' id='word_1_56' title='bbox 151 1765 289 1846; x_wconf 76' lang='lat' dir='ltr'><strong>praetore</strong></span> <span class='ocrx_word' id='word_1_57' title='bbox 316 1756 434 1825; x_wconf 90' lang='lat' dir='ltr'><strong>missus</strong></span> <span class='ocrx_word' id='word_1_58' title='bbox 459 1766 523 1837; x_wconf 91' lang='lat' dir='ltr'><strong>est,</strong></span> <span class='ocrx_word' id='word_1_59' title='bbox 558 1756 725 1826; x_wconf 87' lang='lat' dir='ltr'><strong>adnitente</strong></span> <span class='ocrx_word' id='word_1_60' title='bbox 743 1755 878 1837; x_wconf 86' lang='lat' dir='ltr'><strong>Crasso,</strong></span> <span class='ocrx_word' id='word_1_61' title='bbox 904 1759 992 1851; x_wconf 93' lang='lat' dir='ltr'><strong>quod</strong></span> <span class='ocrx_word' id='word_1_62' title='bbox 1019 1773 1096 1830; x_wconf 92' lang='lat' dir='ltr'><strong>eum</strong></span> <span class='ocrx_word' id='word_1_63' title='bbox 1114 1759 1268 1830; x_wconf 82' lang='lat' dir='ltr'><strong>infestum</strong></span> <span class='ocrx_word' id='word_1_64' title='bbox 1287 1761 1353 1830; x_wconf 92' lang='lat' dir='ltr'><strong>ini-</strong></span> 
     </span>
     <span class='ocr_line' id='line_1_10' title="bbox 151 1879 1353 1977; baseline 0.005 -29"><span class='ocrx_word' id='word_1_65' title='bbox 151 1879 273 1949; x_wconf 90' lang='lat' dir='ltr'><strong>micum</strong></span> <span class='ocrx_word' id='word_1_66' title='bbox 300 1880 363 1949; x_wconf 88' lang='lat' dir='ltr'><strong>Gn.</strong></span> <span class='ocrx_word' id='word_1_67' title='bbox 389 1880 547 1973; x_wconf 92' lang='lat' dir='ltr'><strong>Pompeio</strong></span> <span class='ocrx_word' id='word_1_68' title='bbox 573 1889 782 1972; x_wconf 78' lang='lat' dir='ltr'><strong>cognoverat.</strong></span> <span class='ocrx_word' id='word_1_69' title='bbox 833 1881 950 1975; x_wconf 87' lang='lat' dir='ltr'><strong>Neque</strong></span> <span class='ocrx_word' id='word_1_70' title='bbox 976 1895 1087 1954; x_wconf 91' lang='lat' dir='ltr'><strong>tamen</strong></span> <span class='ocrx_word' id='word_1_71' title='bbox 1117 1895 1248 1954; x_wconf 90' lang='lat' dir='ltr'><strong>senatus</strong></span> <span class='ocrx_word' id='word_1_72' title='bbox 1274 1907 1353 1977; x_wconf 91' lang='lat' dir='ltr'><strong>pro-</strong></span> 
     </span>
     <span class='ocr_line' id='line_1_11' title="bbox 150 2003 1353 2102; baseline 0.006 -30"><span class='ocrx_word' id='word_1_73' title='bbox 150 2003 292 2073; x_wconf 89' lang='lat' dir='ltr'><strong>vinciam</strong></span> <span class='ocrx_word' id='word_1_74' title='bbox 320 2003 440 2075; x_wconf 89' lang='lat' dir='ltr'><strong>invitus</strong></span> <span class='ocrx_word' id='word_1_75' title='bbox 465 2005 619 2085; x_wconf 89' lang='lat' dir='ltr'><strong>dederat;</strong></span> <span class='ocrx_word' id='word_1_76' title='bbox 646 2010 767 2102; x_wconf 88' lang='lat' dir='ltr'><strong>quippe</strong></span> <span class='ocrx_word' id='word_1_77' title='bbox 793 2004 918 2076; x_wconf 85' lang='lat' dir='ltr'><strong>loedum</strong></span> <span class='ocrx_word' id='word_1_78' title='bbox 932 2008 1103 2078; x_wconf 90' lang='lat' dir='ltr'><strong>hominem</strong></span> <span class='ocrx_word' id='word_1_79' title='bbox 1129 2009 1353 2100; x_wconf 83' lang='lat' dir='ltr'><strong>erepublica</strong></span> 
     </span>
     <span class='ocr_line' id='line_1_12' title="bbox 150 2128 1351 2226; baseline 0.003 -28"><span class='ocrx_word' id='word_1_80' title='bbox 150 2129 264 2220; x_wconf 88' lang='lat' dir='ltr'><strong>procul</strong></span> <span class='ocrx_word' id='word_1_81' title='bbox 291 2151 362 2198; x_wconf 90' lang='lat' dir='ltr'><strong>esse</strong></span> <span class='ocrx_word' id='word_1_82' title='bbox 387 2128 534 2210; x_wconf 83' lang='lat' dir='ltr'><strong>volebat;</strong></span> <span class='ocrx_word' id='word_1_83' title='bbox 563 2131 661 2201; x_wconf 90' lang='lat' dir='ltr'><strong>simul</strong></span> <span class='ocrx_word' id='word_1_84' title='bbox 686 2134 765 2226; x_wconf 89' lang='lat' dir='ltr'><strong>quia</strong></span> <span class='ocrx_word' id='word_1_85' title='bbox 790 2130 871 2204; x_wconf 88' lang='lat' dir='ltr'><strong>boni</strong></span> <span class='ocrx_word' id='word_1_86' title='bbox 897 2134 1072 2226; x_wconf 86' lang='lat' dir='ltr'><strong>conplures</strong></span> <span class='ocrx_word' id='word_1_87' title='bbox 1099 2133 1291 2225; x_wconf 76' lang='lat' dir='ltr'><strong>praesidinm</strong></span> <span class='ocrx_word' id='word_1_88' title='bbox 1318 2133 1351 2202; x_wconf 95' lang='lat' dir='ltr'><strong>in</strong></span> 
     </span>
     <span class='ocr_line' id='line_1_13' title="bbox 151 2253 1352 2350; baseline 0.004 -29"><span class='ocrx_word' id='word_1_89' title='bbox 151 2275 191 2321; x_wconf 90' lang='lat' dir='ltr'><strong>eo</strong></span> <span class='ocrx_word' id='word_1_90' title='bbox 215 2253 396 2346; x_wconf 88' lang='lat' dir='ltr'><strong>putabant,</strong></span> <span class='ocrx_word' id='word_1_91' title='bbox 432 2265 464 2323; x_wconf 90' lang='lat' dir='ltr'><strong>et</strong></span> <span class='ocrx_word' id='word_1_92' title='bbox 490 2253 556 2323; x_wconf 90' lang='lat' dir='ltr'><strong>iam</strong></span> <span class='ocrx_word' id='word_1_93' title='bbox 587 2266 657 2324; x_wconf 94' lang='lat' dir='ltr'><strong>tum</strong></span> <span class='ocrx_word' id='word_1_94' title='bbox 691 2258 835 2350; x_wconf 89' lang='lat' dir='ltr'><strong>potentia</strong></span> <span class='ocrx_word' id='word_1_95' title='bbox 861 2258 998 2350; x_wconf 82' lang='lat' dir='ltr'><strong>Pompei</strong></span> <span class='ocrx_word' id='word_1_96' title='bbox 1034 2257 1246 2327; x_wconf 80' lang='lat' dir='ltr'><strong>formidolosa</strong></span> <span class='ocrx_word' id='word_1_97' title='bbox 1272 2267 1352 2326; x_wconf 90' lang='lat' dir='ltr'><strong>erat.</strong></span> 
     </span>
     <span class='ocr_line' id='line_1_14' title="bbox 152 2376 1353 2474; baseline 0.002 -28"><span class='ocrx_word' id='word_1_98' title='bbox 152 2376 214 2446; x_wconf 89' lang='lat' dir='ltr'><strong>Sed</strong></span> <span class='ocrx_word' id='word_1_99' title='bbox 253 2377 281 2446; x_wconf 90' lang='lat' dir='ltr'><strong>is</strong></span> <span class='ocrx_word' id='word_1_100' title='bbox 324 2377 399 2447; x_wconf 89' lang='lat' dir='ltr'><strong>Piso</strong></span> <span class='ocrx_word' id='word_1_101' title='bbox 446 2379 479 2446; x_wconf 93' lang='lat' dir='ltr'><strong>in</strong></span> <span class='ocrx_word' id='word_1_102' title='bbox 520 2379 689 2471; x_wconf 89' lang='lat' dir='ltr'><strong>provincia</strong></span> <span class='ocrx_word' id='word_1_103' title='bbox 720 2379 764 2450; x_wconf 91' lang='lat' dir='ltr'><strong>ab</strong></span> <span class='ocrx_word' id='word_1_104' title='bbox 798 2381 962 2474; x_wconf 88' lang='lat' dir='ltr'><strong>equitibus</strong></span> <span class='ocrx_word' id='word_1_105' title='bbox 996 2380 1168 2473; x_wconf 87' lang='lat' dir='ltr'><strong>Hispanis,</strong></span> <span class='ocrx_word' id='word_1_106' title='bbox 1203 2401 1286 2474; x_wconf 90' lang='lat' dir='ltr'><strong>quos</strong></span> <span class='ocrx_word' id='word_1_107' title='bbox 1319 2379 1353 2449; x_wconf 94' lang='lat' dir='ltr'><strong>in</strong></span> 
     </span>
     <span class='ocr_line' id='line_1_15' title="bbox 152 2501 1352 2598; baseline 0.004 -29"><span class='ocrx_word' id='word_1_108' title='bbox 152 2501 296 2570; x_wconf 84' lang='lat' dir='ltr'><strong>exercitu</strong></span> <span class='ocrx_word' id='word_1_109' title='bbox 315 2501 483 2583; x_wconf 81' lang='lat' dir='ltr'><strong>ductabat,</strong></span> <span class='ocrx_word' id='word_1_110' title='bbox 510 2502 713 2572; x_wconf 78' lang='lat' dir='ltr'><strong>iterfaciens</strong></span> <span class='ocrx_word' id='word_1_111' title='bbox 729 2505 857 2574; x_wconf 90' lang='lat' dir='ltr'><strong>occisus</strong></span> <span class='ocrx_word' id='word_1_112' title='bbox 874 2515 932 2574; x_wconf 90' lang='lat' dir='ltr'><strong>est.</strong></span> <span class='ocrx_word' id='word_1_113' title='bbox 973 2505 1056 2574; x_wconf 90' lang='lat' dir='ltr'><strong>Sunt</strong></span> <span class='ocrx_word' id='word_1_114' title='bbox 1072 2505 1130 2598; x_wconf 92' lang='lat' dir='ltr'><strong>qui</strong></span> <span class='ocrx_word' id='word_1_115' title='bbox 1156 2505 1201 2574; x_wconf 88' lang='lat' dir='ltr'><strong>ita</strong></span> <span class='ocrx_word' id='word_1_116' title='bbox 1226 2505 1352 2587; x_wconf 90' lang='lat' dir='ltr'><strong>dicunt,</strong></span> 
     </span>
    </p>
   </div>
   <div class='ocr_carea' id='block_1_3' title="bbox 2 2625 1355 2736">
    <p class='ocr_par' dir='ltr' id='par_1_4' title="bbox 2 2625 1355 2736">
     <span class='ocr_line' id='line_1_16' title="bbox 2 2625 1355 2736; baseline 0.004 -44"><span class='ocrx_word' id='word_1_117' title='bbox 2 2659 3 2736; x_wconf 15' lang='grc' dir='ltr'><em>ᾗ</em></span> <span class='ocrx_word' id='word_1_118' title='bbox 153 2625 289 2718; x_wconf 88' lang='lat' dir='ltr'><strong>imperia</strong></span> <span class='ocrx_word' id='word_1_119' title='bbox 325 2625 395 2696; x_wconf 90' lang='lat' dir='ltr'><strong>eius</strong></span> <span class='ocrx_word' id='word_1_120' title='bbox 428 2625 565 2707; x_wconf 84' lang='lat' dir='ltr'><strong>iniusta,</strong></span> <span class='ocrx_word' id='word_1_121' title='bbox 604 2627 760 2719; x_wconf 89' lang='lat' dir='ltr'><strong>superba,</strong></span> <span class='ocrx_word' id='word_1_122' title='bbox 801 2627 947 2698; x_wconf 83' lang='lat' dir='ltr'><strong>crudelia</strong></span> <span class='ocrx_word' id='word_1_123' title='bbox 975 2628 1132 2698; x_wconf 89' lang='lat' dir='ltr'><strong>barbaros</strong></span> <span class='ocrx_word' id='word_1_124' title='bbox 1166 2629 1355 2722; x_wconf 82' lang='lat' dir='ltr'><strong>nequivisse</strong></span> 
     </span>
    </p>
   </div>
   <div class='ocr_carea' id='block_1_4' title="bbox 151 2751 1357 4827">
    <p class='ocr_par' dir='ltr' id='par_1_5' title="bbox 151 2751 1356 3318">
     <span class='ocr_line' id='line_1_17' title="bbox 152 2751 1354 2847; baseline 0.003 -29"><span class='ocrx_word' id='word_1_125' title='bbox 152 2751 233 2841; x_wconf 87' lang='lat' dir='ltr'><strong>pati;</strong></span> <span class='ocrx_word' id='word_1_126' title='bbox 268 2751 327 2821; x_wconf 90' lang='lat' dir='ltr'><strong>alii</strong></span> <span class='ocrx_word' id='word_1_127' title='bbox 357 2761 467 2820; x_wconf 88' lang='lat' dir='ltr'><strong>autem</strong></span> <span class='ocrx_word' id='word_1_128' title='bbox 501 2751 628 2844; x_wconf 88' lang='lat' dir='ltr'><strong>equites</strong></span> <span class='ocrx_word' id='word_1_129' title='bbox 654 2752 746 2832; x_wconf 93' lang='lat' dir='ltr'><strong>illos,</strong></span> <span class='ocrx_word' id='word_1_130' title='bbox 782 2752 844 2822; x_wconf 88' lang='lat' dir='ltr'><strong>Gn.</strong></span> <span class='ocrx_word' id='word_1_131' title='bbox 881 2753 1015 2845; x_wconf 85' lang='lat' dir='ltr'><strong>Pompei</strong></span> <span class='ocrx_word' id='word_1_132' title='bbox 1046 2763 1173 2822; x_wconf 89' lang='lat' dir='ltr'><strong>veteres</strong></span> <span class='ocrx_word' id='word_1_133' title='bbox 1206 2753 1354 2847; x_wconf 86' lang='lat' dir='ltr'><strong>fidosque</strong></span> 
     </span>
     <span class='ocr_line' id='line_1_18' title="bbox 152 2874 1356 2970; baseline 0.004 -29"><span class='ocrx_word' id='word_1_134' title='bbox 152 2874 302 2956; x_wconf 89' lang='lat' dir='ltr'><strong>clientes,</strong></span> <span class='ocrx_word' id='word_1_135' title='bbox 329 2875 497 2945; x_wconf 89' lang='lat' dir='ltr'><strong>voluntate</strong></span> <span class='ocrx_word' id='word_1_136' title='bbox 515 2875 585 2945; x_wconf 90' lang='lat' dir='ltr'><strong>eius</strong></span> <span class='ocrx_word' id='word_1_137' title='bbox 603 2875 755 2945; x_wconf 90' lang='lat' dir='ltr'><strong>Pisonem</strong></span> <span class='ocrx_word' id='word_1_138' title='bbox 774 2897 965 2967; x_wconf 57' lang='lat' dir='ltr'><strong>aggressam</strong></span> <span class='ocrx_word' id='word_1_139' title='bbox 992 2899 1172 2970; x_wconf 91' lang='lat' dir='ltr'><strong>numquam</strong></span> <span class='ocrx_word' id='word_1_140' title='bbox 1190 2877 1356 2969; x_wconf 87' lang='lat' dir='ltr'><strong>Hispanos</strong></span> 
     </span>
     <span class='ocr_line' id='line_1_19' title="bbox 153 2999 1354 3092; baseline 0.002 -24"><span class='ocrx_word' id='word_1_141' title='bbox 153 3010 312 3090; x_wconf 78' lang='lat' dir='ltr'><strong>praterea</strong></span> <span class='ocrx_word' id='word_1_142' title='bbox 336 2999 402 3068; x_wconf 90' lang='lat' dir='ltr'><strong>tale</strong></span> <span class='ocrx_word' id='word_1_143' title='bbox 436 2999 563 3070; x_wconf 86' lang='lat' dir='ltr'><strong>lacinus</strong></span> <span class='ocrx_word' id='word_1_144' title='bbox 597 3000 732 3080; x_wconf 82' lang='lat' dir='ltr'><strong>iecisse,</strong></span> <span class='ocrx_word' id='word_1_145' title='bbox 767 2999 825 3070; x_wconf 93' lang='lat' dir='ltr'><strong>sed</strong></span> <span class='ocrx_word' id='word_1_146' title='bbox 851 3001 991 3092; x_wconf 89' lang='lat' dir='ltr'><strong>imperia</strong></span> <span class='ocrx_word' id='word_1_147' title='bbox 1016 3023 1102 3071; x_wconf 85' lang='lat' dir='ltr'><strong>saeva</strong></span> <span class='ocrx_word' id='word_1_148' title='bbox 1127 3003 1231 3071; x_wconf 88' lang='lat' dir='ltr'><strong>multa</strong></span> <span class='ocrx_word' id='word_1_149' title='bbox 1257 3012 1354 3070; x_wconf 90' lang='lat' dir='ltr'><strong>antea</strong></span> 
     </span>
     <span class='ocr_line' id='line_1_20' title="bbox 154 3123 1355 3218; baseline 0 -24"><span class='ocrx_word' id='word_1_150' title='bbox 154 3145 337 3216; x_wconf 86' lang='lat' dir='ltr'><strong>perpessos.</strong></span> <span class='ocrx_word' id='word_1_151' title='bbox 377 3125 444 3193; x_wconf 85' lang='lat' dir='ltr'><strong>Nos</strong></span> <span class='ocrx_word' id='word_1_152' title='bbox 469 3143 543 3193; x_wconf 92' lang='lat' dir='ltr'><strong>eam</strong></span> <span class='ocrx_word' id='word_1_153' title='bbox 561 3145 633 3192; x_wconf 92' lang='lat' dir='ltr'><strong>rem</strong></span> <span class='ocrx_word' id='word_1_154' title='bbox 652 3123 685 3192; x_wconf 94' lang='lat' dir='ltr'><strong>in</strong></span> <span class='ocrx_word' id='word_1_155' title='bbox 703 3123 813 3193; x_wconf 91' lang='lat' dir='ltr'><strong>medio</strong></span> <span class='ocrx_word' id='word_1_156' title='bbox 830 3125 1066 3217; x_wconf 86' lang='lat' dir='ltr'><strong>relinquemus.</strong></span> <span class='ocrx_word' id='word_1_157' title='bbox 1109 3127 1160 3195; x_wconf 89' lang='lat' dir='ltr'><strong>De</strong></span> <span class='ocrx_word' id='word_1_158' title='bbox 1185 3125 1355 3218; x_wconf 89' lang='lat' dir='ltr'><strong>superiore</strong></span> 
     </span>
     <span class='ocr_line' id='line_1_21' title="bbox 151 3246 639 3318; baseline 0 -2"><span class='ocrx_word' id='word_1_159' title='bbox 151 3247 376 3318; x_wconf 88' lang='lat' dir='ltr'><strong>coniuratione</strong></span> <span class='ocrx_word' id='word_1_160' title='bbox 401 3248 479 3316; x_wconf 87' lang='lat' dir='ltr'><strong>satis</strong></span> <span class='ocrx_word' id='word_1_161' title='bbox 503 3246 639 3318; x_wconf 89' lang='lat' dir='ltr'><strong>dictum.</strong></span> 
     </span>
    </p>

    <p class='ocr_par' dir='ltr' id='par_1_6' title="bbox 152 3371 1357 4827">
     <span class='ocr_line' id='line_1_22' title="bbox 220 3371 1355 3466; baseline -0.001 -25"><span class='ocrx_word' id='word_1_162' title='bbox 220 3395 282 3441; x_wconf 83' lang='lat' dir='ltr'><strong>xx.</strong></span> <span class='ocrx_word' id='word_1_163' title='bbox 335 3371 498 3452; x_wconf 85' lang='lat' dir='ltr'><strong>Catilina,</strong></span> <span class='ocrx_word' id='word_1_164' title='bbox 525 3372 582 3442; x_wconf 87' lang='lat' dir='ltr'><strong>uhi</strong></span> <span class='ocrx_word' id='word_1_165' title='bbox 608 3395 680 3453; x_wconf 90' lang='lat' dir='ltr'><strong>eos,</strong></span> <span class='ocrx_word' id='word_1_166' title='bbox 707 3393 789 3466; x_wconf 95' lang='lat' dir='ltr'><strong>quos</strong></span> <span class='ocrx_word' id='word_1_167' title='bbox 815 3372 914 3466; x_wconf 90' lang='lat' dir='ltr'><strong>paulo</strong></span> <span class='ocrx_word' id='word_1_168' title='bbox 940 3383 1014 3442; x_wconf 91' lang='lat' dir='ltr'><strong>ante</strong></span> <span class='ocrx_word' id='word_1_169' title='bbox 1040 3373 1237 3453; x_wconf 83' lang='lat' dir='ltr'><strong>memoravi,</strong></span> <span class='ocrx_word' id='word_1_170' title='bbox 1273 3394 1355 3440; x_wconf 91' lang='lat' dir='ltr'><strong>con-</strong></span> 
     </span>
     <span class='ocr_line' id='line_1_23' title="bbox 152 3495 1354 3588; baseline 0 -25"><span class='ocrx_word' id='word_1_171' title='bbox 152 3497 277 3566; x_wconf 74' lang='lat' dir='ltr'><strong>venisse</strong></span> <span class='ocrx_word' id='word_1_172' title='bbox 304 3495 407 3577; x_wconf 88' lang='lat' dir='ltr'><strong>videt,</strong></span> <span class='ocrx_word' id='word_1_173' title='bbox 435 3495 562 3566; x_wconf 88' lang='lat' dir='ltr'><strong>tametsi</strong></span> <span class='ocrx_word' id='word_1_174' title='bbox 588 3517 664 3564; x_wconf 93' lang='lat' dir='ltr'><strong>cum</strong></span> <span class='ocrx_word' id='word_1_175' title='bbox 681 3495 821 3586; x_wconf 84' lang='lat' dir='ltr'><strong>singulis</strong></span> <span class='ocrx_word' id='word_1_176' title='bbox 846 3498 950 3565; x_wconf 87' lang='lat' dir='ltr'><strong>multa</strong></span> <span class='ocrx_word' id='word_1_177' title='bbox 974 3517 1061 3588; x_wconf 87' lang='lat' dir='ltr'><strong>saepe</strong></span> <span class='ocrx_word' id='word_1_178' title='bbox 1087 3505 1219 3587; x_wconf 82' lang='lat' dir='ltr'><strong>egerat,</strong></span> <span class='ocrx_word' id='word_1_179' title='bbox 1246 3505 1354 3564; x_wconf 92' lang='lat' dir='ltr'><strong>tamen</strong></span> 
     </span>
     <span class='ocr_line' id='line_1_24' title="bbox 154 3616 1355 3713; baseline -0.001 -25"><span class='ocrx_word' id='word_1_180' title='bbox 154 3620 185 3688; x_wconf 91' lang='lat' dir='ltr'><strong>in</strong></span> <span class='ocrx_word' id='word_1_181' title='bbox 208 3643 281 3690; x_wconf 89' lang='lat' dir='ltr'><strong>rem</strong></span> <span class='ocrx_word' id='word_1_182' title='bbox 307 3621 379 3689; x_wconf 87' lang='lat' dir='ltr'><strong>lore</strong></span> <span class='ocrx_word' id='word_1_183' title='bbox 405 3620 542 3690; x_wconf 84' lang='lat' dir='ltr'><strong>credens</strong></span> <span class='ocrx_word' id='word_1_184' title='bbox 568 3619 737 3689; x_wconf 90' lang='lat' dir='ltr'><strong>universos</strong></span> <span class='ocrx_word' id='word_1_185' title='bbox 764 3620 930 3713; x_wconf 88' lang='lat' dir='ltr'><strong>appellare</strong></span> <span class='ocrx_word' id='word_1_186' title='bbox 957 3629 989 3688; x_wconf 93' lang='lat' dir='ltr'><strong>et</strong></span> <span class='ocrx_word' id='word_1_187' title='bbox 1015 3617 1198 3698; x_wconf 87' lang='lat' dir='ltr'><strong>cohortari,</strong></span> <span class='ocrx_word' id='word_1_188' title='bbox 1234 3616 1267 3686; x_wconf 97' lang='lat' dir='ltr'><strong>in</strong></span> <span class='ocrx_word' id='word_1_189' title='bbox 1293 3617 1355 3687; x_wconf 90' lang='lat' dir='ltr'><strong>ab·</strong></span> 
     </span>
     <span class='ocr_line' id='line_1_25' title="bbox 153 3741 1355 3837; baseline -0.002 -25"><span class='ocrx_word' id='word_1_190' title='bbox 153 3743 247 3814; x_wconf 88' lang='lat' dir='ltr'><strong>ditam</strong></span> <span class='ocrx_word' id='word_1_191' title='bbox 287 3755 417 3837; x_wconf 86' lang='lat' dir='ltr'><strong>partem</strong></span> <span class='ocrx_word' id='word_1_192' title='bbox 458 3743 579 3813; x_wconf 87' lang='lat' dir='ltr'><strong>aedium</strong></span> <span class='ocrx_word' id='word_1_193' title='bbox 621 3743 754 3812; x_wconf 89' lang='lat' dir='ltr'><strong>secessit</strong></span> <span class='ocrx_word' id='word_1_194' title='bbox 783 3753 882 3836; x_wconf 91' lang='lat' dir='ltr'><strong>atque</strong></span> <span class='ocrx_word' id='word_1_195' title='bbox 920 3741 984 3824; x_wconf 87' lang='lat' dir='ltr'><strong>ibi,</strong></span> <span class='ocrx_word' id='word_1_196' title='bbox 1032 3741 1185 3810; x_wconf 90' lang='lat' dir='ltr'><strong>omnibus</strong></span> <span class='ocrx_word' id='word_1_197' title='bbox 1224 3741 1355 3813; x_wconf 89' lang='lat' dir='ltr'><strong>arbitris</strong></span> 
     </span>
     <span class='ocr_line' id='line_1_26' title="bbox 153 3864 1355 3959; baseline -0.004 -21"><span class='ocrx_word' id='word_1_198' title='bbox 153 3868 265 3959; x_wconf 88' lang='lat' dir='ltr'><strong>procul</strong></span> <span class='ocrx_word' id='word_1_199' title='bbox 309 3869 444 3949; x_wconf 89' lang='lat' dir='ltr'><strong>amotis,</strong></span> <span class='ocrx_word' id='word_1_200' title='bbox 483 3869 665 3937; x_wconf 89' lang='lat' dir='ltr'><strong>orationem</strong></span> <span class='ocrx_word' id='word_1_201' title='bbox 704 3864 931 3937; x_wconf 88' lang='lat' dir='ltr'><strong>huiuscemodi</strong></span> <span class='ocrx_word' id='word_1_202' title='bbox 978 3865 1103 3936; x_wconf 89' lang='lat' dir='ltr'><strong>habuit.</strong></span> <span class='ocrx_word' id='word_1_203' title='bbox 1158 3866 1221 3935; x_wconf 83' lang='lat' dir='ltr'><strong>«Ni</strong></span> <span class='ocrx_word' id='word_1_204' title='bbox 1252 3865 1355 3936; x_wconf 90' lang='lat' dir='ltr'><strong>virtus</strong></span> 
     </span>
     <span class='ocr_line' id='line_1_27' title="bbox 153 3986 1357 4086; baseline -0.002 -27"><span class='ocrx_word' id='word_1_205' title='bbox 153 3989 299 4086; x_wconf 88' lang='lat' dir='ltr'><strong>lidesqne</strong></span> <span class='ocrx_word' id='word_1_206' title='bbox 333 4003 440 4062; x_wconf 89' lang='lat' dir='ltr'><strong>vestra</strong></span> <span class='ocrx_word' id='word_1_207' title='bbox 469 4002 613 4084; x_wconf 89' lang='lat' dir='ltr'><strong>spectata</strong></span> <span class='ocrx_word' id='word_1_208' title='bbox 641 3989 724 4060; x_wconf 83' lang='lat' dir='ltr'><strong>milri</strong></span> <span class='ocrx_word' id='word_1_209' title='bbox 758 3991 883 4072; x_wconf 80' lang='lat' dir='ltr'><strong>forent,</strong></span> <span class='ocrx_word' id='word_1_210' title='bbox 927 3988 1151 4083; x_wconf 85' lang='lat' dir='ltr'><strong>nequicquam</strong></span> <span class='ocrx_word' id='word_1_211' title='bbox 1194 3986 1357 4082; x_wconf 85' lang='lat' dir='ltr'><strong>oportuna</strong></span> 
     </span>
     <span class='ocr_line' id='line_1_28' title="bbox 153 4112 1355 4207; baseline -0.003 -23"><span class='ocrx_word' id='word_1_212' title='bbox 153 4137 204 4184; x_wconf 86' lang='lat' dir='ltr'><strong>res</strong></span> <span class='ocrx_word' id='word_1_213' title='bbox 228 4114 415 4194; x_wconf 57' lang='lat' dir='ltr'><strong>cecidissem</strong></span> <span class='ocrx_word' id='word_1_214' title='bbox 441 4137 515 4207; x_wconf 92' lang='lat' dir='ltr'><strong>spes</strong></span> <span class='ocrx_word' id='word_1_215' title='bbox 532 4137 670 4205; x_wconf 82' lang='lat' dir='ltr'><strong>magna,</strong></span> <span class='ocrx_word' id='word_1_216' title='bbox 697 4113 875 4185; x_wconf 91' lang='lat' dir='ltr'><strong>dominatio</strong></span> <span class='ocrx_word' id='word_1_217' title='bbox 901 4113 935 4182; x_wconf 93' lang='lat' dir='ltr'><strong>in</strong></span> <span class='ocrx_word' id='word_1_218' title='bbox 948 4112 1102 4183; x_wconf 88' lang='lat' dir='ltr'><strong>manibus</strong></span> <span class='ocrx_word' id='word_1_219' title='bbox 1128 4113 1247 4182; x_wconf 87' lang='lat' dir='ltr'><strong>lrustra</strong></span> <span class='ocrx_word' id='word_1_220' title='bbox 1272 4112 1355 4182; x_wconf 85' lang='lat' dir='ltr'><strong>fuis-</strong></span> 
     </span>
     <span class='ocr_line' id='line_1_29' title="bbox 154 4235 1355 4333; baseline -0.001 -27"><span class='ocrx_word' id='word_1_221' title='bbox 154 4249 233 4308; x_wconf 72' lang='lat' dir='ltr'><strong>sent</strong></span> <span class='ocrx_word' id='word_1_222' title='bbox 298 4239 415 4333; x_wconf 87' lang='lat' dir='ltr'><strong>Neque</strong></span> <span class='ocrx_word' id='word_1_223' title='bbox 448 4259 511 4330; x_wconf 85' lang='lat' dir='ltr'><strong>ego</strong></span> <span class='ocrx_word' id='word_1_224' title='bbox 553 4260 612 4331; x_wconf 91' lang='lat' dir='ltr'><strong>per</strong></span> <span class='ocrx_word' id='word_1_225' title='bbox 646 4238 811 4330; x_wconf 83' lang='lat' dir='ltr'><strong>ignaviam</strong></span> <span class='ocrx_word' id='word_1_226' title='bbox 844 4248 901 4307; x_wconf 91' lang='lat' dir='ltr'><strong>aut</strong></span> <span class='ocrx_word' id='word_1_227' title='bbox 945 4257 1031 4306; x_wconf 86' lang='lat' dir='ltr'><strong>vana</strong></span> <span class='ocrx_word' id='word_1_228' title='bbox 1064 4235 1197 4328; x_wconf 81' lang='lat' dir='ltr'><strong>ingenia</strong></span> <span class='ocrx_word' id='word_1_229' title='bbox 1231 4235 1355 4305; x_wconf 88' lang='lat' dir='ltr'><strong>incerta</strong></span> 
     </span>
     <span class='ocr_line' id='line_1_30' title="bbox 153 4360 1355 4456; baseline -0.003 -24"><span class='ocrx_word' id='word_1_230' title='bbox 153 4385 212 4454; x_wconf 89' lang='lat' dir='ltr'><strong>pro</strong></span> <span class='ocrx_word' id='word_1_231' title='bbox 236 4364 334 4432; x_wconf 89' lang='lat' dir='ltr'><strong>certis</strong></span> <span class='ocrx_word' id='word_1_232' title='bbox 351 4372 529 4455; x_wconf 90' lang='lat' dir='ltr'><strong>captarem.</strong></span> <span class='ocrx_word' id='word_1_233' title='bbox 569 4361 635 4433; x_wconf 91' lang='lat' dir='ltr'><strong>Sed</strong></span> <span class='ocrx_word' id='word_1_234' title='bbox 660 4361 740 4456; x_wconf 92' lang='lat' dir='ltr'><strong>qnia</strong></span> <span class='ocrx_word' id='word_1_235' title='bbox 760 4362 872 4432; x_wconf 90' lang='lat' dir='ltr'><strong>multis</strong></span> <span class='ocrx_word' id='word_1_236' title='bbox 898 4370 931 4430; x_wconf 90' lang='lat' dir='ltr'><strong>et</strong></span> <span class='ocrx_word' id='word_1_237' title='bbox 954 4360 1085 4450; x_wconf 78' lang='lat' dir='ltr'><strong>magnis</strong></span> <span class='ocrx_word' id='word_1_238' title='bbox 1110 4360 1355 4452; x_wconf 85' lang='lat' dir='ltr'><strong>tempestatibus</strong></span> 
     </span>
     <span class='ocr_line' id='line_1_31' title="bbox 153 4483 1356 4581; baseline -0.001 -26"><span class='ocrx_word' id='word_1_239' title='bbox 153 4509 209 4556; x_wconf 87' lang='lat' dir='ltr'><strong>vos</strong></span> <span class='ocrx_word' id='word_1_240' title='bbox 234 4487 375 4578; x_wconf 80' lang='lat' dir='ltr'><strong>cognovi</strong></span> <span class='ocrx_word' id='word_1_241' title='bbox 401 4486 492 4556; x_wconf 88' lang='lat' dir='ltr'><strong>lortis</strong></span> <span class='ocrx_word' id='word_1_242' title='bbox 517 4485 665 4581; x_wconf 84' lang='lat' dir='ltr'><strong>fidosque</strong></span> <span class='ocrx_word' id='word_1_243' title='bbox 691 4484 791 4567; x_wconf 87' lang='lat' dir='ltr'><strong>mihi,</strong></span> <span class='ocrx_word' id='word_1_244' title='bbox 818 4483 1012 4555; x_wconf 88' lang='lat' dir='ltr'><strong>enauimus</strong></span> <span class='ocrx_word' id='word_1_245' title='bbox 1038 4505 1137 4554; x_wconf 90' lang='lat' dir='ltr'><strong>ausus</strong></span> <span class='ocrx_word' id='word_1_246' title='bbox 1163 4493 1211 4552; x_wconf 90' lang='lat' dir='ltr'><strong>est</strong></span> <span class='ocrx_word' id='word_1_247' title='bbox 1234 4506 1356 4554; x_wconf 87' lang='lat' dir='ltr'><strong>maxu-</strong></span> 
     </span>
     <span class='ocr_line' id='line_1_32' title="bbox 154 4605 1356 4703; baseline -0.001 -25"><span class='ocrx_word' id='word_1_248' title='bbox 154 4631 244 4680; x_wconf 89' lang='lat' dir='ltr'><strong>mum</strong></span> <span class='ocrx_word' id='word_1_249' title='bbox 270 4622 368 4703; x_wconf 91' lang='lat' dir='ltr'><strong>atque</strong></span> <span class='ocrx_word' id='word_1_250' title='bbox 395 4610 666 4703; x_wconf 87' lang='lat' dir='ltr'><strong>pulcherrumum</strong></span> <span class='ocrx_word' id='word_1_251' title='bbox 688 4609 815 4678; x_wconf 84' lang='lat' dir='ltr'><strong>lacinus</strong></span> <span class='ocrx_word' id='word_1_252' title='bbox 840 4607 1011 4701; x_wconf 90' lang='lat' dir='ltr'><strong>incipere,</strong></span> <span class='ocrx_word' id='word_1_253' title='bbox 1038 4605 1137 4677; x_wconf 91' lang='lat' dir='ltr'><strong>simul</strong></span> <span class='ocrx_word' id='word_1_254' title='bbox 1161 4607 1238 4699; x_wconf 90' lang='lat' dir='ltr'><strong>quia</strong></span> <span class='ocrx_word' id='word_1_255' title='bbox 1263 4607 1356 4677; x_wconf 89' lang='lat' dir='ltr'><strong>vobis</strong></span> 
     </span>
     <span class='ocr_line' id='line_1_33' title="bbox 155 4730 1355 4827; baseline 0.001 -27"><span class='ocrx_word' id='word_1_256' title='bbox 155 4735 271 4804; x_wconf 88' lang='lat' dir='ltr'><strong>eadem</strong></span> <span class='ocrx_word' id='word_1_257' title='bbox 297 4755 372 4827; x_wconf 82' lang='lat' dir='ltr'><strong>qnae</strong></span> <span class='ocrx_word' id='word_1_258' title='bbox 389 4733 473 4804; x_wconf 92' lang='lat' dir='ltr'><strong>milri</strong></span> <span class='ocrx_word' id='word_1_259' title='bbox 491 4735 580 4804; x_wconf 86' lang='lat' dir='ltr'><strong>bona</strong></span> <span class='ocrx_word' id='word_1_260' title='bbox 604 4734 758 4826; x_wconf 92' lang='lat' dir='ltr'><strong>malaque</strong></span> <span class='ocrx_word' id='word_1_261' title='bbox 777 4755 847 4802; x_wconf 90' lang='lat' dir='ltr'><strong>esse</strong></span> <span class='ocrx_word' id='word_1_262' title='bbox 863 4731 1026 4811; x_wconf 87' lang='lat' dir='ltr'><strong>intellexi;</strong></span> <span class='ocrx_word' id='word_1_263' title='bbox 1054 4753 1130 4800; x_wconf 90' lang='lat' dir='ltr'><strong>nam</strong></span> <span class='ocrx_word' id='word_1_264' title='bbox 1156 4730 1244 4800; x_wconf 92' lang='lat' dir='ltr'><strong>idem</strong></span> <span class='ocrx_word' id='word_1_265' title='bbox 1270 4732 1355 4801; x_wconf 90' lang='lat' dir='ltr'><strong>velle</strong></span> 
     </span>
    </p>
   </div>
   <div class='ocr_carea' id='block_1_5' title="bbox 0 0 1816 5592">
    <p class='ocr_par' dir='ltr' id='par_1_7' title="bbox 0 0 1816 5592">
     <span class='ocr_line' id='line_1_34' title="bbox 0 0 1816 5592; baseline 0 0"><span class='ocrx_word' id='word_1_266' title='bbox 0 0 1816 5592; x_wconf 95' lang='lat' dir='ltr'><strong> </strong></span> 
     </span>
    </p>
   </div>
  </div>
 </body>
</html>
