3526 5604
423 577 494 646 28l

422 800 462 846 ea
478 801 515 846 re
532 776 701 869 publicum
719 777 887 847 decretum
905 776 1026 844 lactum
1045 785 1103 842 est.
1146 775 1190 843 At
1209 773 1266 843 ubi
1283 775 1399 842 Perses
1422 773 1527 842 victus
1544 795 1617 864 cap-

422 914 540 995 tusque
566 912 624 984 est,
659 901 865 998 Rhodienses
901 899 1102 992 pertimuere
1127 898 1170 968 oh
1197 919 1246 980 ea,
1281 920 1368 989 quae
1400 897 1618 990 compluriens

422 1028 457 1096 in
490 1027 638 1097 coetibus
671 1024 786 1117 populi
818 1035 891 1092 acta
922 1022 1075 1113 dictaque
1110 1031 1214 1102 erant,
1253 1021 1448 1114 legatosque
1483 1021 1618 1089 Romam

422 1153 603 1232 miserunt,
643 1151 700 1244 qui
738 1149 956 1218 temeritatem
994 1145 1201 1238 quorundam
1240 1145 1452 1238 popdlarium
1489 1167 1620 1215 suorum

423 1276 682 1369 deprecarentur
714 1286 747 1344 et
778 1273 879 1344 fidem
912 1270 1155 1363 consiliumque
1187 1271 1358 1362 publicum
1387 1281 1619 1362 expurgarent.
1745 1265 1746 1278 ¹

423 1399 540 1490 Legati
573 1410 747 1491 postquam
782 1398 920 1465 Romam
945 1405 1108 1465 venerunt
1136 1404 1168 1461 et
1200 1393 1235 1462 iu
1266 1405 1417 1463 senatum
1447 1392 1622 1464 intromissi

423 1533 499 1592 sunt
524 1521 700 1613 verbisque
726 1518 917 1612 suppliciter
942 1541 1001 1610 pro
1027 1539 1125 1587 causa
1151 1540 1209 1588 sua
1236 1519 1327 1588 lactis
1353 1519 1482 1589 ecnria
1508 1541 1622 1588 exces-
1746 1581 1747 1586 ,

423 1657 547 1728 serunt,
575 1697 640 1715 ...
668 1655 737 1714 tum
763 1645 806 1714 Μ.
834 1641 915 1712 Cato
940 1641 1161 1732 exurgit...
1188 1643 1441 1735 orationemque
1467 1644 1622 1714 inclutam

423 1772 516 1852 dixit,
543 1792 630 1862 quae
656 1779 689 1838 et
713 1788 861 1836 seorsum
888 1766 990 1834 fertur
1015 1764 1237 1858 inscriptaque
1267 1777 1316 1834 est
1339 1767 1402 1836 Pro
1428 1766 1624 1837 Rhodiensi-
1682 1776 1686 1784 ’

423 1898 497 1977 bus,
533 1906 565 1964 et
598 1895 631 1962 in
668 1890 803 1985 quintae
828 1888 977 1980 Originis
1006 1887 1092 1958 libro
1117 1889 1238 1981 scripta
1265 1900 1323 1959 est.
1373 1883 1492 1983 [lpsius
1520 1891 1623 1961 oratio
1747 1871 1748 1888 ¹

426 2021 548 2113 scripta
560 2028 649 2088 extat
661 2016 842 2106 Originum
855 2015 971 2106 quinto
985 2012 1071 2082 lrhrn
1084 2014 1222 2084 inclusa.
1260 2017 1372 2086 Liuius
1380 2011 1440 2097 45,
1451 2014 1512 2098 25,
1527 2013 1563 2099 3]

424 2144 582 2237 Principii
599 2143 700 2214 verba
718 2141 802 2211 haec
823 2150 917 2210 sunt:
952 2139 1028 2208 Scio
1054 2141 1161 2210 solere
1186 2140 1353 2234 plerisque
1379 2140 1623 2211 hominibusin

424 2271 523 2340 rebus
541 2268 693 2339 secundis
710 2278 809 2357 atque
828 2263 966 2356 prolixis
983 2273 1083 2356 atque
1101 2265 1265 2357 prosperis
1282 2265 1433 2336 animum
1450 2265 1624 2344 excellere,

425 2404 524 2486 atque
541 2391 729 2485 superbiam
748 2402 846 2482 atque
865 2389 1023 2459 ferociam
1041 2411 1220 2480 augescere
1248 2387 1383 2472 [Gellius
1403 2384 1459 2470 13,
1483 2386 1545 2468 24,
1569 2381 1624 2477 14]

425 2527 526 2610 atque
544 2538 704 2586 crescere.
748 2512 845 2597 Quod
865 2510 949 2581 milri
966 2534 1055 2582 nnnc
1072 2534 1215 2603 magnae
1232 2535 1331 2582 curae
1353 2523 1411 2590 est,
1438 2513 1528 2605 quod
1547 2512 1625 2582 llaec

425 2665 478 2712 res
500 2653 566 2712 tam
592 2639 737 2710 secunde
762 2638 931 2731 processit,
958 2659 999 2705 ne
1022 2637 1102 2728 quid
1128 2638 1162 2708 in
1185 2637 1386 2708 consulendo
1403 2637 1534 2708 advorsi
1550 2659 1627 2706 evc-

427 2766 511 2847 niat,
547 2764 636 2857 quod
661 2774 788 2833 nostras
815 2759 975 2830 secundas
1001 2783 1053 2830 res
1080 2762 1243 2844 coulutet,
1282 2785 1365 2830 neve
1397 2761 1480 2830 lraec
1505 2762 1626 2832 laetitia

425 2890 523 2959 nimis
557 2887 726 2958 luxuriose
758 2885 899 2954 eveniat.
948 2883 1117 2954 Advorsae
1143 2908 1257 2955 resse
1283 2886 1419 2957 domant
1449 2897 1481 2955 et
1512 2887 1628 2956 docent

426 3014 506 3106 quid
532 3034 614 3104 opus
639 3011 680 3080 sit
705 3011 805 3088 lacto,
831 3008 996 3078 secundae
1021 3029 1074 3077 res
1100 3009 1233 3094 laetitia,
1250 3019 1471 3081 transvorsum
1496 3013 1626 3082 trudere

427 3139 535 3208 solent
552 3161 572 3206 a
590 3147 678 3207 recte
696 3133 898 3204 consulendo
915 3144 1014 3224 atque
1033 3133 1260 3225 intelligendo.
1295 3135 1371 3218 Quo
1388 3136 1512 3206 maiore
1530 3159 1627 3228 opere

427 3262 501 3331 dico
526 3260 727 3352 suadeoque,
755 3259 802 3328 uti
828 3256 912 3327 haec
936 3279 989 3326 res
1015 3258 1141 3350 aliquot
1166 3258 1236 3328 dies
1261 3259 1458 3351 proseratur,
1483 3259 1565 3331 dum
1587 3283 1628 3329 ex

427 3393 517 3453 tanto
541 3381 665 3474 gaudio
691 3381 726 3450 in
746 3391 939 3474 potestatem
966 3391 1111 3451 nostram
1126 3382 1301 3453 redeamus
1321 3434 1329 3450 .
1350 3435 1386 3452 ..
1413 3379 1470 3473 [cf.
1486 3385 1629 3477 Sulpicio

427 3510 527 3578 sotira
554 3505 602 3578 l&
629 3530 675 3598 sq.
706 3503 941 3574 Paciscendum
967 3527 1043 3574 cum
1068 3507 1188 3575 Poenis
1213 3507 1282 3599 ipse
1308 3507 1407 3578 etiam
1432 3510 1468 3577 P.
1498 3509 1629 3579 Africa·

427 3653 488 3700 nus
514 3629 657 3712 censuit,
692 3626 779 3720 quod
811 3627 979 3698 aemulam
1012 3629 1154 3698 llomani
1190 3630 1320 3722 imperii
1351 3631 1469 3700 urbem
1495 3655 1628 3704 servan·

428 3755 504 3825 dam
530 3752 749 3834 existimabat,
783 3752 876 3822 cuius
902 3763 993 3821 metu
1019 3751 1121 3822 nimia
1149 3754 1324 3824 insolentia
1356 3756 1507 3826 fortunae
1534 3769 1628 3850 atque

428 3879 645 3949 immoderata
672 3878 803 3948 licentia
825 3888 1044 3948 coerceretur.
1088 3880 1174 3949 Sane
1193 3880 1379 3973 Scipionem
1406 3881 1451 3950 ita
1469 3881 1629 3950 iudicasse

430 4004 512 4074 Cato
538 4004 638 4097 paulo
663 4014 736 4095 post
760 4001 879 4084 edixit,
909 4025 985 4073 cum
1012 4001 1257 4074 Rhodiensibus
1282 4005 1438 4074 adversus
1462 4006 1631 4075 Romano·

427 4151 502 4200 rum
527 4129 610 4198 iram
636 4126 907 4219 patrocinaretur.
953 4127 1119 4219 Appioaus
1151 4129 1279 4196 Pontou
1318 4125 1395 4214 65]
1524 4133 1629 4222 Atque

431 4274 494 4344 ego
528 4251 663 4346 quidem
698 4249 840 4321 arbitror
864 4249 1067 4320 Rhodienses
1099 4252 1243 4322 noluisse
1275 4275 1334 4322 uos
1360 4253 1403 4322 ita
1428 4253 1629 4347 depugnare,

432 4378 479 4447 uti
505 4377 740 4470 depugnatum,
766 4398 876 4467 neque
902 4396 1014 4466 regem
1041 4379 1162 4446 Persen
1188 4376 1316 4446 vicisse.
1362 4377 1436 4447 Non
1463 4378 1630 4450 Rhodien-

433 4527 483 4572 ses
510 4503 609 4573 modo
636 4503 667 4572 id
695 4504 851 4582 noluere,
888 4501 946 4570 sed
978 4503 1097 4572 multos
1128 4504 1266 4594 populos
1296 4513 1395 4595 atque
1426 4504 1547 4574 multas
1573 4526 1629 4572 ua-

432 4627 535 4697 tiones
571 4628 658 4696 idem
693 4627 835 4696 noluisse
869 4627 1021 4696 arbitror.
1069 4631 1176 4718 Atque
1208 4627 1296 4698 baud
1323 4627 1407 4706 scio,
1448 4651 1490 4696 aa
1518 4628 1637 4722 partim·
