3582 5594
461 670 530 740 lto

459 869 516 940 alii
541 868 644 938 creati
670 890 729 960 pro
754 868 827 938 iure
851 877 961 936 vestro
992 865 1060 934 vim
1091 873 1243 936 cunctam
1275 873 1307 935 et
1332 863 1470 956 imperia
1496 885 1557 933 sua
1582 865 1663 954 'gra-

459 995 505 1066 tia
528 1005 584 1065 ant
608 1017 665 1088 spe
695 1005 752 1064 ant
776 992 920 1085 praemiis
946 993 980 1061 in
1008 1015 1066 1063 vos
1095 1002 1299 1073 convortere,
1334 991 1518 1084 meliusque
1539 988 1665 1058 habent

459 1119 614 1190 mercede
641 1118 837 1210 delinquere
862 1138 963 1208 quam
989 1116 1090 1206 gratis
1118 1126 1206 1186 recte
1236 1115 1357 1185 lacere.
1406 1116 1521 1205 ltaque
1546 1133 1665 1179 omnes

459 1265 652 1313 concessere
678 1243 746 1313 iam
772 1243 806 1311 in
831 1263 1014 1334 paucorum
1041 1239 1310 1320 dominationem,
1343 1238 1402 1330 qui
1434 1261 1494 1331 per
1518 1235 1665 1304 militare

460 1390 583 1437 nornen
609 1367 775 1448 aerarium,
810 1365 984 1444 exercitus,
1018 1385 1134 1455 regna,
1168 1363 1356 1456 provincias
1380 1385 1596 1455 occupavere,
1634 1372 1667 1429 et

462 1512 573 1560 arcem
599 1491 721 1560 habent
746 1514 788 1560 ex
813 1490 925 1583 spoliis
950 1489 1087 1559 vestris:
1126 1510 1202 1558 cnm
1227 1488 1360 1557 interim
1386 1510 1478 1556 more
1505 1509 1665 1579 pecorum

461 1635 520 1684 vos
544 1613 720 1684 multitudo
745 1614 888 1704 singulis
918 1611 1087 1684 babendos
1120 1613 1340 1704 fruendosque
1369 1611 1533 1704 praebens,
1574 1611 1665 1679 cnuti

462 1736 628 1819 omnibus,
655 1757 729 1830 quac
755 1737 896 1806 maiores
921 1738 1108 1831 reliquere:
1134 1737 1198 1807 nisi
1223 1737 1304 1831 qnia
1329 1735 1489 1804 vobismet
1506 1735 1586 1827 ipsis
1603 1757 1667 1827 per

464 1859 633 1951 suffragia,
669 1871 707 1931 ut
730 1861 886 1954 praesides
915 1861 1007 1943 olim,
1040 1885 1127 1932 nunc
1153 1861 1303 1931 dominos
1328 1859 1507 1930 destinatis.
1550 1860 1666 1952 ltaque

464 2006 656 2054 concessere
682 1985 763 2056 illuc
787 2007 916 2066 omnes:
951 1995 984 2055 et
1007 2009 1097 2068 mox,
1124 1987 1152 2054 si
1177 1997 1286 2054 restra
1309 1984 1512 2077 receperitis,
1539 1982 1582 2052 ad
1607 2007 1667 2051 vos

463 2109 627 2202 plerique.
669 2108 766 2177 Raris
791 2108 881 2177 enirn
907 2109 1037 2178 animus
1062 2109 1177 2179 estad
1204 2131 1254 2188 ea,
1280 2131 1354 2202 quac
1378 2107 1521 2200 placent,
1548 2106 1668 2174 delen-

465 2233 583 2304 denda.
639 2232 748 2302 Ceteri
781 2231 976 2303 validiorum
1010 2244 1095 2303 sunt.
1146 2235 1199 2304 An
1233 2233 1371 2303 dubium
1400 2230 1546 2311 habetis,
1585 2253 1667 2299 num

464 2357 599 2428 officere
624 2357 705 2451 quid
729 2357 821 2427 vobis
842 2380 908 2427 uno
925 2358 1037 2428 animo
1054 2359 1269 2452 pergentibus
1285 2357 1398 2450 possit,
1432 2379 1515 2451 quos
1533 2356 1670 2447 langui·

466 2481 524 2552 dos
549 2481 768 2573 socordesque
793 2482 1018 2574 pertimuerat
1050 2483 1114 2552 nisi
1142 2484 1224 2552 lorte
1250 2483 1290 2554 G.
1318 2483 1422 2566 Cotta,
1455 2507 1497 2552 ex
1524 2481 1668 2551 factione

465 2606 578 2676 media
603 2605 729 2686 consul,
756 2605 852 2675 aliter
876 2627 977 2699 quam
1001 2617 1091 2676 metu
1118 2606 1191 2677 iura
1217 2607 1370 2699 quadam
1395 2607 1536 2677 tribunis
1555 2605 1669 2699 plebei

466 2729 622 2810 restituit3
649 2739 682 2798 et
698 2751 900 2823 quamquam
919 2731 958 2799 L.
977 2730 1131 2812 Sicinius,
1156 2732 1284 2824 primus
1310 2731 1351 2800 de
1375 2740 1534 2824 potestate
1559 2731 1668 2800 tribu-

466 2855 556 2924 nicia
580 2854 670 2946 loqui
696 2875 805 2937 ausus,
831 2855 1053 2925 mussantibus
1073 2855 1168 2926 vobis
1189 2857 1430 2925 circumventus
1447 2864 1530 2936 erat,
1555 2864 1668 2924 tamen

467 2978 559 3072 prins
584 2977 634 3048 illi
660 2978 818 3047 invidiam
843 2989 1003 3060 metuere,
1038 3001 1139 3071 quam
1164 3000 1222 3048 vos
1247 2978 1377 3049 iniuriae
1402 2987 1579 3071 pertaesum
1608 2987 1669 3046 est.

469 3101 566 3186 Quod
592 3124 655 3193 ego
680 3124 811 3194 nequeo
836 3102 913 3172 satis
938 3103 1065 3182 mirari,
1104 3102 1261 3186 Quirites.
1309 3105 1392 3173 Nam
1425 3126 1517 3196 spem
1547 3103 1671 3172 frustra

470 3227 571 3296 fuisse
601 3225 820 3295 intellexistis.
879 3227 973 3296 Sulla
1000 3237 1142 3308 mortuo,
1181 3227 1239 3319 qui
1273 3228 1448 3297 scelestum
1480 3228 1672 3320 inposuerat

469 3351 650 3432 servitium,
677 3350 778 3420 finem
802 3350 883 3420 mali
908 3351 1103 3422 credebatis.
1144 3354 1244 3424 Ortus
1269 3364 1318 3423 est
1341 3355 1442 3444 longe
1467 3352 1585 3422 saevior
1602 3351 1672 3420 Ca-

469 3474 569 3544 tulus.
611 3475 784 3544 Tumultus
809 3474 992 3544 intercessit
1008 3477 1110 3546 bruto
1127 3487 1159 3544 et
1175 3479 1343 3547 Mamerco
1360 3476 1564 3557 consulibus;
1591 3473 1669 3544 dein

471 3599 510 3670 G.
542 3598 643 3670 Curio
680 3599 721 3668 ad
753 3599 892 3670 exitium
926 3623 1032 3694 nsque
1064 3602 1202 3671 insontis
1235 3603 1360 3674 tribuni
1391 3602 1577 3672 dominatus
1609 3611 1670 3671 est.

471 3721 631 3792 Lucullus
656 3724 825 3816 superiore
851 3746 938 3792 anno
958 3727 1090 3817 quantis
1115 3726 1234 3796 animis
1259 3727 1335 3796 ierit
1364 3727 1399 3795 in
1423 3727 1463 3796 L.
1482 3725 1670 3810 Quintium,

471 3844 613 3916 vidistis:
646 3858 777 3940 quamae
804 3848 947 3940 denique
971 3872 1062 3920 nunc
1085 3849 1169 3920 mibi
1195 3849 1299 3919 turbae
1325 3849 1550 3920 concitantur!
1585 3849 1672 3930 Quae

471 3971 619 4063 prolecto
654 3971 819 4043 incassum
853 3971 1047 4064 agebantur,
1089 3973 1117 4043 si
1150 3973 1242 4066 prius
1274 3995 1375 4066 quam
1406 3995 1464 4042 vos
1502 3972 1673 4042 serviundi

472 4093 585 4177 linem,
610 4094 662 4165 illi
678 4094 911 4166 dominationis
937 4098 1054 4168 lacturi
1072 4107 1180 4168 erant:
1205 4097 1388 4191 praesertim
1413 4119 1490 4167 cnm
1516 4096 1568 4165 his
1587 4097 1674 4164 civi-

471 4218 558 4289 libus
583 4219 684 4290 arnus
709 4220 795 4291 dicta
821 4222 898 4304 alia,
924 4222 982 4292 sed
1007 4231 1167 4292 certaturn
1191 4220 1358 4314 utrimque
1384 4219 1425 4290 de
1447 4219 1674 4290 dominatione

472 4343 508 4414 in
528 4344 622 4415 vobis
648 4345 699 4414 sit.
743 4347 858 4438 ltaque
883 4356 993 4416 cetera
1018 4369 1061 4416 ex
1094 4345 1226 4415 licentia
1258 4357 1316 4415 aut
1339 4344 1417 4414 odio
1451 4357 1509 4416 aut
1534 4347 1675 4416 avaritia

473 4468 509 4537 in
540 4479 669 4562 tempus
699 4491 820 4550 arsere,
859 4470 1039 4562 permansit
1066 4493 1134 4541 una
1167 4491 1220 4540 res
1250 4469 1361 4550 modo,
1396 4492 1472 4564 quae
1504 4471 1676 4562 utrimque

474 4595 609 4684 quaesita
642 4604 691 4664 cst
726 4606 758 4665 et
790 4604 903 4689 erepta
933 4597 965 4665 in
995 4607 1174 4688 posterum,
1213 4595 1261 4666 vis
1295 4595 1486 4678 tribunicia,
1525 4597 1625 4666 telum
1654 4620 1674 4664 a

473 4716 654 4788 maioribus
682 4718 824 4789 libertati
852 4732 1013 4813 paratum.
1059 4720 1156 4802 Quod
1184 4743 1247 4810 ego
1273 4743 1330 4790 vos
1346 4743 1468 4790 moneo
1494 4743 1675 4812 quaesoque
