3702 5600
1351 643 1416 712 48¹

213 837 272 896 bae
286 853 320 896 re
336 835 458 911 oiiendi,
480 835 563 912 quod
583 853 650 912 quae
669 836 772 910 lectio,
795 839 828 896 nt
849 835 975 897 illorum
996 841 1045 897 est
1063 838 1216 915 iudicium,
1236 841 1300 898 tam
1314 846 1422 917 aperta

212 943 279 1016 fuit,
302 947 335 1002 ut
356 943 394 1002 de
417 944 483 1003 eius
504 943 638 1002 veritate
660 943 743 1003 nulla
765 947 875 1021 posset
896 945 1013 1004 moveri
1034 944 1194 1019 dubitatio,
1222 946 1261 1005 ab
1283 947 1422 1033 omnibus

211 1048 350 1109 librariis
378 1050 487 1108 relicta
516 1049 617 1124 luerit,
653 1049 714 1125 vel,
746 1053 773 1109 ni
797 1051 825 1108 io
858 1035 1031 1132 ἀρχετύπῳ
1061 1069 1169 1112 errore
1195 1053 1327 1128 quodam
1347 1071 1423 1114 vera

212 1155 307 1216 lectio
329 1160 474 1233 corrupta
489 1156 599 1231 suerat,
620 1173 659 1215 ne
682 1174 757 1216 unus
779 1156 902 1232 quidem
924 1174 963 1216 ex
984 1157 1121 1218 librariis
1143 1159 1202 1220 boc
1219 1160 1325 1221 vitium
1341 1161 1422 1222 odo-

212 1267 297 1324 ratus
328 1266 378 1324 sit.
421 1263 550 1340 Exque
573 1266 694 1340 quidem
721 1280 756 1322 re
786 1265 863 1323 satis
885 1265 1091 1342 probabiliter
1112 1266 1225 1342 aliquis
1255 1268 1424 1329 coniecerit

211 1373 415 1449 corruptelam
440 1372 522 1432 illam
545 1389 604 1432 non
624 1372 716 1449 plane
731 1372 827 1431 luisse
841 1372 1013 1432 absurdam.
1048 1373 1206 1434 Praeterea
1226 1392 1331 1434 omnes
1346 1392 1423 1435 con·

211 1479 347 1538 sentiunt
368 1478 524 1537 decretum
545 1477 630 1552 illud,
661 1480 694 1536 ut
721 1477 828 1537 decem
853 1478 950 1555 legati
974 1494 1102 1556 regnum
1123 1479 1273 1540 Numidia
1296 1481 1420 1542 divide·

211 1591 288 1660 rent,
310 1602 350 1644 ex
365 1585 522 1644 voluntate
538 1599 650 1657 eorum,
674 1583 726 1658 qui
745 1581 901 1660 lugurtbae
922 1585 1016 1644 rebus
1040 1585 1194 1663 favebant,
1215 1587 1236 1647 i.
1251 1603 1276 1646 c.
1298 1589 1422 1649 maioris

210 1693 308 1769 partis
328 1697 463 1767 senatus,
488 1707 559 1750 esse
579 1691 700 1749 iactum
740 1690 827 1759 Quod
849 1693 876 1750 si
896 1708 1003 1750 verum
1021 1697 1077 1766 est,
1102 1694 1255 1768 quomodo
1277 1695 1346 1754 lieri
1363 1713 1422 1772 po-

211 1799 276 1876 tuit,
298 1803 332 1858 ui
353 1797 419 1856 eius
439 1796 606 1872 legationis
628 1795 772 1872 princeps
793 1797 822 1855 is
843 1802 1011 1872 crearetur,
1035 1799 1087 1873 qui
1107 1798 1262 1876 Iugurthae
1282 1799 1422 1859 inimicus

211 1921 283 1964 esse
310 1906 498 1982 putabaturi
537 1904 600 1963 lam
622 1905 683 1964 boc
706 1904 825 1979 quidem
853 1905 931 1966 satis
958 1909 1195 1967 consentaneum
1221 1915 1279 1982 est,
1307 1909 1422 1968 amicos

210 2011 275 2071 coli
297 2009 336 2074 iet
363 2012 535 2086 observari,
566 2010 622 2070 scd
650 2010 803 2070 hominem
832 2027 909 2072 auro
939 2016 1117 2090 corruptum
1145 2013 1197 2073 vel
1225 2021 1422 2075 contemnere

209 2117 292 2194 licet,
315 2119 428 2196 quippe
451 2118 503 2193 qui
524 2117 712 2177 necessitate
734 2118 865 2192 quadam
886 2125 1012 2180 coactus
1036 2125 1094 2195 est,
1117 2126 1151 2180 ut
1172 2139 1218 2200 ea,
1240 2139 1307 2198 quae
1330 2121 1422 2182 volu·

208 2241 283 2298 mus,
305 2223 464 2300 suscipiat,
486 2223 641 2300 defendat,
669 2223 805 2283 adiuvet.
849 2224 955 2285 Potuit
983 2227 1078 2302 igitur
1105 2229 1165 2288 hoc
1187 2226 1421 2288 admirationem

208 2345 344 2404 movere,
373 2331 455 2406 quod
480 2331 626 2408 Iugurtha
654 2330 816 2406 hominem,
847 2348 936 2407 quem
959 2332 1017 2392 iam
1040 2333 1134 2392 multo
1157 2337 1229 2393 aute
1250 2352 1325 2395 auro
1348 2352 1420 2394 cor-

207 2443 342 2514 ruperat,
363 2439 452 2497 novis
469 2436 582 2497 officiis
598 2436 717 2496 coleret
735 2439 768 2495 et
783 2454 864 2497 nova
878 2437 1041 2514 largitione
1059 2439 1119 2500 sibi
1142 2441 1331 2502 conciliaret.
1354 2442 1419 2502 Ne·

207 2561 267 2619 que
288 2543 434 2618 Iugurtha
456 2542 518 2602 boc
538 2542 653 2602 secisse
673 2543 826 2619 putandus
848 2546 905 2618 est,
934 2545 994 2603 nisi
1018 2549 1050 2605 ut
1069 2546 1185 2604 maiora
1207 2546 1308 2622 etiam,
1331 2564 1420 2623 quam

207 2651 307 2712 adbuc
328 2654 488 2711 assecutus
514 2655 590 2725 erat,
623 2649 662 2709 ab
688 2666 727 2709 eo
755 2649 937 2725 postularet.
974 2651 1090 2720 Quodsi
1116 2653 1195 2712 enim
1225 2655 1323 2713 maior
1343 2671 1417 2731 pars

207 2758 381 2835 legatorum
404 2775 421 2816 a
443 2755 598 2834 lugurtbae
619 2756 760 2833 partibus
782 2757 894 2832 stabat,
919 2757 1007 2817 unius
1028 2757 1160 2818 hominis
1181 2759 1282 2836 gratia
1304 2760 1419 2838 negligi

206 2868 315 2944 potuit
355 2864 426 2940 Sed,
454 2865 484 2923 ni
511 2863 616 2936 fallor,
646 2863 798 2922 Aemilius
819 2863 952 2922 Scaurus
974 2864 1053 2925 banc
1083 2865 1181 2942 ipsam
1203 2867 1243 2925 ob
1265 2883 1329 2926 rem
1351 2868 1419 2944 regi

205 2973 390 3033 adversatus
413 2975 471 3046 est,
502 2971 584 3046 quod
606 2970 742 3047 Opimius
763 2969 852 3028 nimis
873 2970 997 3029 facilem
1018 2987 1054 3030 se
1080 2973 1109 3030 ei
1130 2971 1313 3047 prebuerat.
1354 2972 1418 3033 Ne-

206 3097 266 3156 que
295 3079 467 3157 putaverim
505 3076 668 3137 Aemilium
705 3075 852 3135 Scaurum
881 3081 991 3152 postea
1021 3094 1060 3136 ex
1092 3077 1255 3153 rogatione
1284 3079 1418 3140 Mamilia

205 3187 288 3246 inter
309 3187 493 3260 quaesitores
514 3182 613 3245 fuisse
635 3184 779 3258 electum,
802 3183 862 3242 nisi
884 3200 951 3242 euin
966 3183 1080 3260 Opimii
1094 3185 1307 3244 adversarium
1325 3192 1418 3262 atque

204 3293 360 3352 inimicum
381 3292 522 3351 homines
539 3295 709 3369 putassent.
738 3290 831 3349 lmmo
849 3289 877 3348 si
891 3289 1027 3367 Opimius
1047 3295 1137 3350 antea
1159 3291 1312 3368 Iugurtha
1333 3293 1417 3370 regis

205 3400 335 3460 consilia
364 3401 585 3476 oppugnasset,
618 3401 687 3457 erat
713 3397 768 3456 ille
795 3415 856 3457 nou
883 3398 981 3456 miuus
1002 3397 1122 3474 dignus,
1151 3415 1238 3473 quem
1263 3398 1417 3460 Salustius

205 3507 365 3583 exciperet
387 3522 476 3580 quam
497 3503 647 3563 Aemilius
669 3502 812 3579 Scaurus,
841 3521 949 3580 nequa,
971 3503 1091 3580 Opimio
1118 3502 1312 3581 adversante,
1342 3507 1417 3567 illud

206 3617 331 3676 senatus
354 3614 510 3673 decretum
542 3613 570 3671 in
593 3612 746 3689 iugurthae
767 3612 896 3689 gratiam
918 3612 988 3673 lieri
1012 3612 1151 3689 potuisse
1174 3613 1304 3673 videtur.
1343 3613 1415 3682 Ouce

205 3723 326 3798 quidem
349 3723 447 3782 omnia
470 3721 512 3780 ita
535 3726 605 3779 sunt
626 3724 813 3795 comparata,
845 3722 878 3779 ut
898 3718 1012 3778 homini
1038 3735 1102 3778 rem
1128 3718 1221 3795 paulo
1243 3722 1414 3781 accuratius

204 3828 391 3890 examinanti
412 3827 632 3887 dubitationem
649 3825 776 3885 iniicere
796 3826 926 3903 possint,
948 3827 1018 3885 utra
1038 3825 1132 3885 lectio
1153 3828 1184 3884 io
1204 3829 1305 3886 amicta
1325 3843 1362 3884 an
1384 3829 1415 3884 iu

203 3938 326 3993 inimicia
347 3935 389 3994 sit
409 3932 615 4010 praeferenda.

286 4056 311 4098 c.
336 4042 382 4097 17.
418 4039 583 4098 Variantes
610 4038 676 4097 eod.
701 4035 772 4096 Bas.
794 4039 926 4096 amicicie
946 4069 986 4080 -
1007 4035 1186 4094 catabatmon
1205 4067 1246 4076 —
1265 4040 1352 4098 tuicio
1375 4068 1412 4078 -—

204 4147 359 4208 nemeaea.
403 4147 521 4206 Verba:
553 4163 645 4223 penus
670 4147 814 4204 bominum
841 4145 954 4204 colubri
978 4161 1110 4219 corpore,
1140 4143 1228 4202 coloe
1244 4147 1414 4222 patiensque

204 4257 333 4315 laborum
357 4258 384 4314 in
407 4257 545 4332 margine
567 4256 734 4331 adscripta.
765 4271 820 4331 que
848 4271 905 4332 per
926 4253 1143 4330 negligentiam
1165 4271 1184 4312 a
1205 4253 1332 4313 librario
1354 4253 1412 4312 ad·

202 4363 312 4423 iactum
329 4381 401 4423 esse
417 4363 549 4422 videtur.
575 4361 718 4423 Ceterum
741 4361 843 4421 arderi
863 4360 1037 4438 infecundus
1054 4362 1185 4438 optimus
1200 4361 1330 4435 quisque
1344 4359 1411 4419 cod.

203 4469 363 4529 confirmat
384 4468 454 4529 Bas.
476 4470 546 4530 Par.
561 4468 627 4527 llio.
651 4469 718 4529 Tur.
740 4465 828 4527 Leid.
850 4484 1016 4542 omnesque
1038 4466 1185 4526 meliores
1206 4465 1303 4526 Cortii
1324 4465 1407 4542 libri;

201 4575 377 4652 refragatur
406 4575 592 4634 Arrusianus
621 4573 743 4634 Messes
773 4591 801 4650 p.
828 4575 894 4632 230.
932 4573 981 4632 ed.
1011 4571 1097 4632 Lind.
1129 4570 1191 4631 Sed
1219 4573 1346 4648 primum
1372 4589 1412 4632 ex

202 4683 263 4743 boc
285 4685 439 4760 scriptore
461 4701 520 4742 noo
540 4687 646 4760 potest
663 4683 780 4760 colligi,
804 4700 872 4742 eum
895 4682 1029 4742 dativum
1051 4697 1167 4759 ponere
1189 4680 1334 4754 noluisse,
1357 4696 1411 4738 se·

1208 4791 1243 4845 :m
