3582 5594
445 638 513 707 156

516 838 581 908 Sed
607 840 764 932 quoniam
792 841 853 910 Gn.
875 841 1050 933 Pompeius
1075 850 1132 911 aut
1156 842 1258 911 animi
1284 843 1453 936 pravitate,
1489 853 1546 912 aut
1566 843 1637 934 quia

442 964 525 1034 nibil
553 988 594 1034 eo
618 943 736 1035 maluit
764 965 852 1059 quod
880 965 939 1036 tibi
964 965 1104 1046 obesset,
1139 967 1183 1037 ita
1208 967 1319 1060 lapsus
1345 977 1404 1048 est,
1435 978 1471 1037 ut
1495 965 1638 1037 hostibus

442 1087 507 1158 telo
534 1088 567 1158 iu
594 1112 712 1160 manus
737 1090 876 1160 iaceret:
917 1091 1037 1183 quibus
1062 1091 1119 1160 ille
1144 1090 1243 1161 rebus
1273 1091 1538 1185 rempublicam
1564 1112 1639 1158 con-

441 1212 597 1294 turbavit,
625 1213 750 1284 eisdem
775 1214 834 1284 tibi
856 1215 1096 1285 restituendum
1115 1225 1173 1284 est.
1215 1214 1364 1285 Primum
1385 1214 1534 1284 omnium
1552 1237 1641 1282 sum-

443 1357 533 1404 mam
560 1345 754 1430 potestatem
779 1337 978 1408 moderandi
1003 1338 1044 1408 de
1070 1338 1298 1429 vectigalibus,
1329 1335 1525 1431 sumptibus,
1557 1336 1641 1405 indi-

442 1461 513 1542 ciis,
549 1463 753 1532 seuatoribus
783 1464 898 1556 paucis
930 1464 1081 1544 tradidit;
1125 1465 1257 1558 plebem
1292 1467 1487 1544 Romanam,
1526 1461 1641 1554 quoius

442 1595 540 1655 antea
564 1609 694 1656 summa
719 1598 860 1680 potestas
886 1601 967 1670 erat,
1002 1613 1044 1658 ne
1070 1590 1193 1683 aequeis
1215 1590 1350 1684 quidem
1376 1589 1506 1680 legibus
1522 1587 1555 1656 in
1574 1608 1641 1654 ser-

443 1710 543 1780 uitute
570 1711 715 1804 reliquit.
761 1711 888 1782 Iudicia
914 1714 1053 1796 tametsi,
1092 1713 1177 1782 sicut
1200 1722 1309 1794 antea,
1343 1712 1449 1784 tribus
1474 1711 1642 1780 ordinibus

443 1833 562 1904 tradita
587 1848 673 1916 sunt,
708 1848 819 1906 tamen
846 1837 935 1906 idem
960 1837 1011 1906 illi
1036 1836 1164 1906 factiosi
1193 1847 1340 1927 regunt„
1359 1835 1448 1918 dant,
1482 1835 1641 1914 adimunt,

443 1961 653 2052 quaelubet:
693 1961 877 2030 innocentis
909 1961 1189 2041 circumveniunt3
1224 1981 1301 2031 suos
1331 1958 1374 2029 ad
1398 1958 1559 2029 bonorem
1586 1981 1643 2026 ex-

442 2084 572 2154 tollunt.
620 2087 694 2155 Nou
722 2085 859 2168 facinus,
886 2109 952 2155 nou
979 2085 1139 2179 probrum
1165 2096 1222 2156 aut
1247 2085 1410 2177 flagitium
1436 2085 1552 2166 obstat,
1579 2105 1642 2176 quo

442 2209 552 2279 minus
578 2211 785 2301 magistratus
810 2211 961 2304 capiant;
988 2233 1071 2304 quos
1097 2210 1308 2281 commodum
1334 2221 1393 2293 est,
1418 2209 1564 2291 trabunt,
1590 2231 1643 2276 ra-

442 2333 550 2426 piunt:
577 2345 753 2427 postremo,
780 2346 937 2427 tanquam
963 2335 1045 2406 urbe
1071 2346 1178 2428 capta,
1205 2335 1352 2406 lubidine
1379 2358 1418 2404 ac
1438 2335 1572 2404 licentia
1588 2355 1642 2402 sna

442 2481 503 2550 pro
529 2459 659 2550 legibus
685 2468 831 2529 utuntur.
874 2460 924 2530 Ac
940 2481 995 2528 me
1020 2458 1155 2552 quidem
1181 2457 1358 2529 mediocris
1383 2459 1477 2528 dolor
1496 2467 1642 2550 angeret,

443 2581 470 2650 si
503 2583 625 2652 virtute
656 2595 783 2676 partam
816 2583 990 2653 victoriam
1014 2606 1108 2653 more
1141 2606 1202 2654 suo
1229 2607 1291 2676 per
1314 2584 1483 2654 servitium
1509 2607 1645 2655 exerce-

442 2719 527 2778 rent.
571 2708 635 2780 Sed
663 2710 813 2780 homines
846 2711 1059 2793 inertissumi,
1093 2733 1237 2805 quornm
1268 2711 1375 2780 omnis
1405 2711 1452 2781 vis
1477 2710 1644 2802 virtusque

444 2831 478 2900 iu
505 2832 621 2923 lingua
646 2834 707 2902 sita
733 2844 792 2916 est,
818 2835 901 2904 sorte
927 2845 1026 2928 atque
1052 2835 1186 2905 alterius
1211 2835 1362 2905 socordia
1388 2834 1644 2904 dominationem

444 2955 590 3026 oblatam
608 2958 784 3030 insolentes
806 2961 942 3052 agitant.
985 2962 1069 3031 Num
1093 2985 1168 3055 quae
1190 2961 1308 3031 seditio
1332 2972 1389 3030 aut
1414 2959 1574 3030 dissensio
1598 2958 1646 3027 ci-

442 3081 518 3150 uilis
532 3091 578 3150 tot
595 3091 660 3151 tam
679 3082 825 3153 inlustris
842 3083 986 3153 familias
1004 3084 1046 3154 ab
1063 3085 1164 3178 stirpe
1182 3084 1319 3156 evertitl
1344 3096 1402 3155 aut
1414 3105 1555 3178 quorum
1571 3104 1646 3152 nm-

444 3227 546 3297 quam
566 3207 598 3274 in
617 3205 754 3276 victoria
771 3207 902 3276 animus
921 3216 987 3276 tam
1009 3228 1156 3300 praeceps
1174 3216 1307 3300 tamque
1326 3206 1551 3277 inmoderatos
1568 3204 1647 3275 iuitl

519 3331 557 3398 L.
584 3329 689 3409 Sulla,
716 3329 795 3420 quoi
820 3329 934 3400 omnia
960 3330 994 3398 in
1019 3331 1155 3400 uictoria
1186 3331 1261 3422 lege
1285 3330 1367 3400 belli
1393 3330 1570 3411 licuerunt,
1596 3339 1647 3398 ta·

443 3453 541 3523 metsi
558 3453 721 3546 supplicio
737 3452 883 3523 bostium
908 3455 1010 3548 partis
1033 3477 1109 3525 suas
1132 3455 1257 3524 muniri
1275 3454 1498 3546 intellegebat,
1526 3467 1645 3536 tamen,

442 3579 556 3672 paucis
581 3579 772 3661 interiectis,
808 3591 936 3650 ceteros
967 3579 1131 3650 beneficio
1163 3603 1263 3673 quam
1289 3592 1379 3650 metu
1404 3581 1549 3650 retinere
1575 3602 1647 3649 ma-

443 3703 514 3772 luit.
566 3706 610 3774 At
635 3705 772 3776 hercule
797 3707 843 3776 Μ.
869 3705 999 3788 Catoni,
1034 3707 1073 3775 L.
1102 3705 1260 3788 Domitio,
1290 3707 1474 3798 ceterisque
1499 3703 1647 3775 eiusdem

444 3831 606 3912 factionis,
634 3832 853 3924 quadraginta
872 3841 1051 3915 senatores,
1078 3832 1173 3902 multi
1191 3841 1352 3926 praeterea
1377 3854 1453 3902 cum
1480 3853 1537 3924 spe
1562 3829 1648 3899 bona

443 3953 681 4038 adulescentes,
716 3956 831 4026 sicutei
857 3954 984 4038 hostiae,
1018 3955 1151 4024 mactati
1176 3965 1263 4038 snut,
1299 3978 1400 4048 quom
1432 3955 1560 4025 interea
1585 3954 1649 4023 im-

443 4079 687 4170 portunissuma
712 4102 836 4171 genera
862 4079 1036 4150 bominum
1063 4088 1110 4149 tot
1128 4079 1326 4149 miserorum
1348 4078 1469 4150 ciuium
1486 4077 1648 4167 sauguine

443 4201 557 4270 satiari
581 4202 795 4294 nequierunt:
824 4226 889 4272 non
908 4203 979 4273 orbi
998 4202 1107 4286 liberi,
1133 4224 1202 4272 non
1227 4213 1381 4296 parentes
1410 4210 1526 4272 exacta
1543 4210 1648 4281 atate,

443 4347 508 4394 nou
535 4324 653 4407 luctus,
684 4325 828 4416 gemitus
849 4327 1008 4409 virorum,
1035 4327 1227 4410 mulierum,
1254 4326 1424 4396 inmanem
1441 4347 1558 4396 eorum
1576 4325 1650 4394 ani-

441 4469 536 4520 mum
553 4449 693 4532 inllexit,
727 4451 828 4542 quein
855 4450 1006 4522 acerbius
1033 4451 1066 4520 in
1088 4451 1159 4522 dies
1180 4450 1428 4521 malefaciuudo
1452 4461 1485 4520 et
1509 4449 1652 4520 dicundo

444 4571 601 4665 dignitate
627 4575 723 4656 alios,
758 4576 840 4645 alios
870 4575 1002 4645 civitate
1033 4599 1184 4647 evorsum
1210 4575 1308 4647 irent.
1360 4577 1444 4645 Nam
1481 4574 1561 4668 qnid
1587 4596 1650 4665 ego

444 4695 483 4765 de
515 4708 546 4764 te
581 4697 698 4780 dicam,
739 4699 856 4790 quoius
890 4700 1122 4770 coutumeliam
1153 4701 1304 4770 homines
1336 4701 1549 4790 ignavissumi
1584 4699 1650 4766 vita
