3554 5600
1264 662 1327 732 llll

121 890 223 938 mane
269 867 335 936 isto
378 867 445 936 iam
483 877 597 935 coacto
634 874 751 936 senatu
790 863 1121 955 redundantibusque
1166 863 1334 934 subselliis

120 994 230 1064 serios
247 994 282 1062 in
300 1004 464 1073 senatum,
491 1002 611 1084 praeter
628 990 914 1070 consuetudinem,
943 975 1109 1060 venisses:
1139 988 1227 1081 qood
1247 987 1335 1058 nulli

122 1141 189 1186 noo
215 1117 306 1188 oculi
333 1126 365 1186 te
390 1128 581 1187 senatorum
606 1115 716 1186 statim
742 1115 982 1206 consignarunt
1007 1113 1249 1204 ingredientem
1275 1111 1336 1182 de-

122 1240 225 1310 misso
258 1239 365 1320 vulto,
403 1239 530 1331 pallore
564 1237 719 1318 terribili,
760 1236 942 1308 luminibus
973 1236 1160 1306 errantibus
1184 1259 1224 1306 ac
1250 1235 1335 1306 lucie

124 1364 325 1456 praelerente
349 1365 462 1434 nescio
487 1364 568 1458 quid
595 1363 760 1434 inusitate
778 1363 993 1434 crudelitatis.
1037 1364 1201 1433 Praeterea
1219 1364 1336 1434 Satur-

124 1485 260 1557 nulibus
285 1487 439 1579 proxime
465 1487 584 1557 futuris
609 1509 679 1557 rem
706 1487 829 1557 adoriri
863 1487 1011 1580 placuitz
1050 1487 1195 1580 quodie
1222 1487 1336 1557 civitas

124 1611 237 1682 omnis
265 1612 382 1682 leriata
408 1611 544 1705 publico
574 1611 681 1682 edicto
714 1611 868 1682 conterre
893 1633 965 1681 sese
991 1612 1024 1680 in
1051 1623 1195 1682 montem
1221 1613 1337 1682 Aven-

125 1737 233 1807 tinum
267 1757 307 1805 oc
323 1735 492 1806 rusticari
526 1735 773 1827 quodammodo
804 1735 900 1805 solita
927 1748 991 1804 cst:
1032 1757 1107 1805 com
1136 1748 1170 1805 tu
1197 1755 1335 1805 manum

125 1861 250 1932 luroris
287 1859 334 1930 tui
366 1858 544 1950 diligenter
568 1871 731 1929 armatam
756 1869 856 1952 atque
881 1860 1084 1941 instructam,
1123 1860 1267 1953 primum
1293 1859 1336 1929 ad

124 1985 256 2054 cedem
284 1995 481 2054 senatusue
507 1984 693 2065 consulum,
720 1983 842 2053 deinde
868 1985 910 2055 ad
936 1984 1161 2078 occupandam
1181 1983 1335 2077 Capitolii

125 2131 239 2178 arcem
267 2107 520 2178 munitissimam
547 2108 658 2177 fueras
687 2106 911 2177 immissurus:
950 2119 1050 2200 atquc
1085 2106 1137 2176 lais
1171 2107 1336 2200 perlectis,

126 2233 263 2304 daturos
299 2254 436 2326 oporam
468 2255 543 2303 cum
577 2231 755 2324 direptioni
789 2233 947 2324 publicae,
987 2243 1056 2304 tum
1091 2231 1339 2302 inflammandis

126 2355 255 2428 aedibus
273 2367 374 2450 atque
402 2354 453 2426 lais
472 2356 687 2437 trucidandis,
715 2357 771 2449 qui
795 2380 866 2426 rem
884 2359 1052 2450 publicam
1073 2357 1251 2428 delendere
1276 2380 1337 2426 vo-

127 2481 278 2551 luissent.

200 2627 297 2675 xvrn.
350 2601 488 2684 Videtis,
514 2601 657 2684 ludices,
679 2603 788 2672 locem
805 2602 1021 2673 clarissimam
1039 2604 1217 2687 rationum,
1236 2627 1337 2698 mam

128 2751 191 2820 ego
216 2729 365 2821 prolecto
384 2748 506 2796 censeo
524 2727 625 2797 nullis
644 2726 823 2797 involucris
842 2727 1051 2798 tenebrarum
1069 2753 1204 2801 suarum
1220 2731 1338 2801 obrui-

128 2867 219 2926 toros
244 2877 329 2936 esse,
355 2876 419 2924 nec
443 2855 489 2926 ll.
511 2855 656 2933 Laecam,
683 2854 880 2945 preclaram
906 2855 1018 2936 sedem
1043 2866 1142 2947 atque
1168 2855 1336 2926 officinam

129 2979 304 3051 teterrime
342 2980 595 3060 coniurationis,
635 3003 698 3049 nec
732 2981 841 3071 ipsum
878 2980 1069 3051 detestabile
1101 2992 1200 3074 capot
1237 2993 1337 3075 atque

129 3106 324 3174 obscaenum
349 3103 512 3172 artificem
531 3103 722 3174 Catilinam.
768 3102 919 3194 Cumque
945 3102 1017 3172 lraec
1040 3104 1153 3174 omnia
1177 3115 1336 3186 constent,

129 3229 460 3299 animadvertendum
488 3239 547 3310 est,
582 3229 706 3321 paritor
731 3251 798 3298 uno
825 3227 981 3298 maleficii
1010 3251 1134 3320 genere
1160 3230 1337 3301 Catilinam

129 3375 194 3421 non
222 3351 325 3421 modo
349 3353 439 3422 Deos
464 3373 503 3422 ac
528 3353 682 3443 patriam,
708 3375 824 3422 verum
852 3353 951 3422 etiam
978 3375 1099 3434 mores,
1124 3353 1228 3446 loges,
1255 3376 1338 3424 con·

129 3476 338 3547 suetudinem
365 3475 457 3546 urbis
482 3487 581 3568 atque
608 3476 755 3546 instituta
782 3478 946 3547 maiorum
973 3478 1124 3548 violasse.

202 3623 276 3670 ιιι.
329 3597 476 3668 Primum
503 3621 562 3668 xn.
595 3599 715 3669 tabulis
747 3610 880 3670 cautum
915 3623 987 3670 esse
1021 3603 1261 3693 cognoscimus,
1295 3625 1338 3674 ns

131 3743 202 3801 oms
228 3745 263 3792 nr
288 3743 375 3792 unns
398 3743 525 3792 coenos
547 3743 741 3792 nocronnos
758 3743 938 3793 sorranus:
965 3724 1083 3793 deinde
1102 3726 1177 3817 lege
1195 3726 1338 3798 Gabinia

131 3847 380 3938 promulgatum
407 3865 492 3926 esse,
518 3865 572 3923 om
599 3865 774 3916 cormones
800 3867 903 3915 mons
928 3867 1173 3918 consessurus
1198 3869 1232 3918 nt
1251 3871 1338 3919 onos

130 3987 386 4046 consensisses,
420 3987 517 4036 raone
541 3987 697 4038 marcaon
722 3988 876 4044 carinam
906 3989 1075 4040 sucronem
1100 3993 1337 4043 mansuerus.

132 4093 181 4160 lle
204 4103 239 4161 te
263 4089 375 4183 itaque
394 4087 537 4159 Catilina
561 4089 721 4170 sciscitor,
747 4100 825 4160 tone
850 4101 954 4160 cetus
980 4091 1057 4162 istos
1074 4093 1338 4164 commilitonum

131 4224 263 4286 tuorom
289 4225 405 4285 contm
430 4225 594 4308 praecepta
619 4237 679 4286 xri.
708 4215 905 4298 tabularum,
936 4229 1052 4288 contra
1078 4219 1169 4310 leges
1194 4229 1336 4303 nostras,

132 4350 244 4410 contra
275 4349 409 4408 senatus
442 4361 482 4408 oc
515 4338 620 4431 plebia
654 4338 893 4420 auctoritatem,
931 4350 1031 4410 noctu
1065 4341 1232 4433 cogendos
1266 4367 1338 4414 csse

131 4461 307 4554 putavisti?
331 4460 463 4532 Deinde
488 4483 613 4554 quaero,
640 4461 815 4556 siquando
842 4463 876 4532 in
898 4462 1005 4534 lucem
1025 4465 1250 4558 sepulchrales
1268 4467 1338 4539 iste
1454 4529 1458 4546 .

132 4585 360 4656 conciunculae
386 4597 451 4656 tuae
477 4584 687 4679 prodiissent,
713 4585 795 4677 quid
815 4609 1034 4680 responsurus
1057 4590 1173 4660 luisses
1196 4593 1338 4676 senatui,

133 4708 213 4800 qnid
250 4709 441 4780 consulibus
474 4720 532 4779 aut
569 4709 649 4801 quid
684 4709 762 4780 viris
796 4711 929 4803 optimis
966 4723 1065 4805 atquc
1106 4715 1339 4788 amantissimis
