3582 5594
1304 655 1352 726 97

214 869 310 922 cm.
361 849 427 924 Sed
454 872 529 920 cum
556 849 608 920 lsae
635 849 739 921 litere
772 851 893 932 allatae,
930 851 1014 921 torte
1042 851 1219 934 Nabdalsa,
1252 877 1352 924 exer-

139 973 204 1044 cito
231 997 372 1068 corpore
398 975 514 1058 lessus,
550 975 584 1046 iu
610 976 697 1048 lecto
722 976 932 1070 quiescebat,
968 976 1026 1048 ubi
1059 977 1199 1069 cognitis
1224 979 1353 1048 Bomil-

139 1099 226 1168 caris
256 1100 368 1170 verbis
399 1100 508 1193 primo
542 1123 633 1181 cura,
672 1100 804 1183 deinde,
841 1103 890 1172 uti
923 1124 1050 1194 aegrum
1084 1103 1232 1172 animum
1258 1103 1351 1184 solet,

139 1219 277 1294 somnus
310 1225 409 1318 cepit.
461 1227 541 1296 Erat
575 1225 607 1294 ei
631 1225 778 1296 Numida
806 1226 944 1320 quidam
970 1228 1181 1319 negotiorum
1207 1240 1351 1311 curator,

140 1346 229 1419 [idus
245 1359 467 1442 acceptusque
488 1361 521 1419 et
545 1349 696 1420 omnium
717 1350 946 1434 consiliorum,
972 1352 1037 1422 uisi
1055 1353 1247 1435 novissumi,
1273 1377 1353 1446 par-

140 1473 257 1567 ticeps.
309 1472 377 1557 Qut
403 1483 577 1566 postquam
602 1474 718 1545 allatas
743 1476 868 1546 litteras
894 1476 1020 1548 audivit
1045 1488 1144 1548 etex
1175 1487 1353 1548 consuetu-

141 1597 220 1668 dine
244 1607 337 1668 ratus
361 1621 462 1690 opera
488 1606 544 1667 aut
569 1597 706 1690 ingenio
731 1621 791 1668 suo
816 1622 899 1692 opus
925 1623 1006 1684 esse,
1040 1601 1075 1669 in
1100 1599 1352 1672 tabernaculum

141 1723 290 1803 introiit;
319 1721 506 1792 dormiente
532 1722 591 1792 illo
617 1723 801 1816 epistolem,
832 1745 932 1816 snper
957 1735 1055 1818 caput
1081 1725 1116 1795 iu
1140 1726 1276 1818 pulvino
1301 1739 1352 1797 te·

142 1871 236 1918 mere
262 1845 414 1940 positam,
449 1847 549 1916 sumit
574 1869 613 1916 ac
638 1846 797 1940 perlegit:
831 1847 908 1918 dein
935 1869 1077 1941 propere
1103 1849 1244 1942 cognitis
1271 1851 1354 1922 insi-

142 1972 206 2043 diis
233 1973 275 2043 ad
300 1996 417 2066 regem
441 1973 561 2067 pergit.
612 1972 791 2053 Nabdalsa,
818 1973 919 2066 paulo
944 1984 1017 2066 post
1042 1984 1264 2068 experrectus,
1294 1976 1353 2046 ubi

142 2119 255 2192 neque
280 2099 453 2191 epistolam
478 2097 625 2191 repperit
657 2107 689 2166 et
720 2119 792 2166 rem
826 2120 973 2180 omnem,
1006 2097 1056 2167 uti
1080 2109 1155 2168 acta
1179 2108 1261 2181 erat,
1298 2093 1353 2190 [ex

143 2219 307 2315 perfugis]
333 2223 498 2313 cognovit,
524 2223 633 2315 primo
653 2221 798 2292 indicem
822 2223 978 2317 persequi
1003 2233 1152 2306 conatus,
1177 2235 1352 2318 postquam

145 2347 178 2418 id
205 2347 326 2418 frustra
352 2348 424 2429 tuit,
451 2347 646 2440 Iugurtham
672 2347 827 2440 placandi
854 2347 963 2440 gratia
986 2347 1134 2429 accedit;
1161 2349 1251 2432 dicit,
1278 2371 1353 2443 quae

145 2475 217 2567 ipse
242 2472 424 2568 paravisset
449 2473 572 2555 tacere,
608 2471 747 2564 perfidia
779 2473 909 2544 clientis
939 2471 990 2542 sui
1020 2484 1207 2565 praeventa:
1242 2474 1354 2544 lacru-

146 2621 241 2670 mans
265 2598 447 2669 obtestatur
470 2618 532 2690 per
556 2595 738 2667 amicitiam
764 2619 891 2690 perque
915 2618 976 2668 sua
993 2607 1093 2668 antee
1108 2595 1251 2669 fideliter
1267 2609 1352 2680 acta,

147 2745 189 2794 ue
213 2745 315 2815 super
339 2721 397 2792 tali
422 2721 549 2790 scelere
574 2731 760 2814 suspectum
787 2741 859 2790 sese
885 2719 1035 2791 haberet.

220 2870 327 2918 nxxsr.
378 2847 431 2918 Ad
464 2869 504 2916 ea
529 2869 590 2916 rer
621 2845 730 2926 aliter,
764 2855 864 2936 atque
895 2846 1008 2915 animo
1042 2846 1190 2938 gerebat,
1224 2847 1354 2939 placide

147 2971 326 3066 respoudit.
376 2971 564 3042 Bomilcare
590 2970 731 3062 aliisque
762 2969 884 3051 multis,
919 2992 1002 3063 quos
1027 2968 1134 3040 socios
1160 2969 1354 3042 insidiarum
1461 3037 1473 3068 ‚

149 3107 358 3188 cognoverat,
385 3094 576 3176 intersectis,
603 3093 688 3164 iram
711 3102 930 3186 oppresserat,
956 3116 999 3162 nc
1024 3115 1090 3187 qna
1116 3115 1159 3162 ex
1184 3117 1223 3164 eo
1249 3115 1355 3186 nego-

149 3221 194 3292 tio
209 3220 327 3292 seditio
344 3219 498 3290 oriretur.
541 3219 658 3312 Neque
685 3228 759 3309 post
784 3215 818 3288 id
845 3218 994 3287 locorum
1020 3217 1188 3308 Iugurthae
1210 3218 1281 3288 dics
1298 3231 1354 3290 aut

149 3367 216 3416 nox
239 3344 310 3415 ulls
335 3344 449 3436 quieta
463 3309 694 3436 ‘luin'neque
720 3343 794 3412 loco
824 3365 933 3435 neque
959 3342 1092 3413 mortali
1116 3343 1273 3436 cuiqnam
1298 3357 1356 3414 aut

151 3470 289 3564 tempori
314 3467 393 3538 satis
418 3465 574 3536 credere:
601 3466 682 3537 civis
708 3465 884 3560 hostesque
910 3466 1003 3537 iuxtn
1024 3474 1184 3548 metuere,
1211 3465 1355 3536 circum·

151 3607 297 3687 spectare
323 3591 437 3662 omnia
459 3600 492 3660 et
515 3590 605 3661 omni
623 3590 760 3683 strepitu
776 3613 970 3684 pavescere:
997 3591 1064 3660 alio
1081 3601 1179 3684 atque
1196 3588 1264 3660 alio
1281 3590 1355 3660 loco

151 3737 235 3810 saepe
260 3728 378 3788 contra
403 3718 503 3788 decus
528 3714 658 3804 regium
683 3723 782 3784 noctu
800 3715 1029 3807 requiescere;
1056 3713 1222 3784 interdum
1238 3735 1356 3784 somno

153 3843 275 3914 excitus
300 3840 443 3934 arreptis
468 3839 570 3910 armis
603 3839 780 3910 tumultum
806 3839 936 3919 lacere;
975 3837 1021 3907 ita
1051 3837 1230 3908 tormidine
1260 3838 1356 3930 quasi

152 3967 304 4040 vecordia
330 3964 505 4056 exagitari.

224 4111 344 4161 unm.
395 4089 500 4180 lgitur
516 4087 679 4170 lletellus,
705 4086 764 4157 uhi
789 4085 832 4156 de
857 4107 936 4156 casu
952 4084 1150 4155 Bomilcaris
1176 4093 1209 4152 et
1234 4083 1358 4155 iudicio

154 4215 313 4308 patefacto
340 4237 383 4284 ex
407 4213 557 4307 perfugis
584 4212 749 4303 cognovit,
789 4233 902 4282 rursus
928 4219 1096 4301 tamquam
1122 4209 1164 4278 sd
1191 4209 1357 4300 integrum

154 4338 275 4411 bellum
302 4349 424 4409 cuncta
449 4349 543 4432 perat
569 4337 776 4429 festinatque.
820 4334 974 4416 llarium,
1002 4333 1194 4426 fatigantem
1220 4332 1261 4402 de
1279 4355 1359 4425 pro-

157 4464 304 4546 iectione,
343 4463 443 4534 simul
474 4475 507 4532 et
541 4462 679 4533 invitum
705 4472 737 4531 et
762 4459 926 4529 offensum
959 4457 1022 4528 sibi
1050 4479 1169 4551 parum
1201 4454 1358 4526 idoneum

157 4601 251 4672 ratus,
278 4589 414 4659 domum
440 4587 584 4696 dimittit.
628 4588 671 4655 Et
688 4587 802 4657 Romae
827 4583 953 4677 plebes,
981 4582 1110 4663 litteris,
1136 4602 1211 4674 quae
1229 4579 1269 4649 de
1288 4581 1361 4650 llle-

158 4714 232 4785 tello
256 4737 295 4784 nc
321 4711 428 4783 llario
454 4711 562 4781 missae
589 4719 692 4792 eruut,
732 4709 887 4799 cognitis,
922 4707 1045 4778 volenti
1076 4706 1188 4776 animo
1220 4703 1262 4776 de
1288 4727 1362 4776 am·

1141 4829 1159 4887 7
