3554 5600
408 635 480 702 264

408 844 521 924 captos
545 832 587 902 ad
614 831 706 902 mille
737 832 943 924 octingentos
975 832 1121 922 triginta,
1155 831 1313 924 praedam
1340 830 1508 920 ingentem
1533 853 1602 922 par-

409 967 492 1036 tam,
528 955 562 1024 in
588 979 628 1027 ea
653 955 753 1026 suase
785 956 929 1050 elipeum
961 968 1156 1047 argenteum
1181 955 1292 1048 pondo
1317 965 1451 1024 centum
1478 955 1604 1046 triginta

408 1088 484 1150 octo
510 1103 585 1150 cum
610 1079 755 1171 imagine
772 1081 905 1151 Barcini
925 1080 1154 1151 Hasdrubalis.
1180 1082 1293 1150 Livius
1313 1077 1372 1158 25.
1396 1076 1457 1161 39,
1482 1077 1603 1151 1213.

409 1205 444 1274 6.
462 1203 620 1275 Claudius
636 1216 766 1274 secutus
784 1205 929 1274 Graecos
947 1205 1116 1276 Acilianos
1133 1204 1236 1275 libros
1254 1207 1290 1274 P.
1305 1205 1503 1274 Alricanum
1520 1205 1553 1273 in
1569 1227 1605 1274 ea

410 1327 509 1398 luisse
542 1328 709 1420 legatione
738 1329 838 1400 tradit
866 1351 1010 1422 eumque
1035 1329 1161 1423 Ephesi
1187 1329 1389 1400 collocutum
1415 1351 1492 1398 cum
1518 1331 1607 1398 llan-

410 1452 534 1533 nihale,
560 1465 592 1524 et
617 1476 805 1524 sermonem
832 1453 932 1524 etiam
959 1476 1062 1524 unum
1088 1455 1199 1535 refert,
1233 1476 1300 1548 qno
1324 1453 1499 1546 quaerenti
1523 1453 1607 1523 am·-

410 1599 505 1656 cano,
530 1600 630 1669 quern
656 1578 757 1649 luisse
782 1579 968 1649 maximum
1000 1578 1232 1670 imperatorem
1258 1577 1428 1647 Hannibal
1454 1577 1606 1656 crederet,

411 1701 619 1793 respondisse
636 1702 865 1772 Alexandrum
882 1701 1103 1773 Macedonum
1118 1724 1245 1793 regem,
1272 1703 1360 1795 quod
1386 1725 1489 1794 parra
1513 1725 1608 1772 manu

412 1827 674 1898 innumerabiles
706 1827 870 1898 exercitus
897 1829 1034 1898 fudisset
1057 1828 1215 1921 qnodque
1245 1827 1379 1898 ultimas
1410 1849 1497 1907 oras,
1532 1849 1609 1920 quas

413 1951 519 2021 visere
553 1975 652 2046 supra
685 1976 777 2046 spem
812 1952 994 2023 humanam
1027 1964 1122 2034 esset,
1161 1963 1380 2047 peragrasset.
1432 1950 1610 2035 Quaerenti

413 2075 552 2158 deinde,
591 2100 692 2168 quem
721 2077 903 2148 secundnm
935 2089 1090 2170 poneret,
1132 2076 1294 2170 Pyrrhum
1326 2075 1466 2145 dixisset
1508 2085 1612 2144 castra

412 2202 532 2271 metari
566 2201 710 2292 primum
742 2200 904 2282 docuisse,
946 2200 987 2270 ad
1021 2200 1085 2270 lroe
1117 2200 1287 2270 neminem
1324 2200 1509 2291 elegantius
1542 2199 1612 2268 loca

414 2325 551 2417 cepisse,
586 2325 753 2418 praesidia
778 2325 998 2418 disposuisse;
1039 2336 1144 2396 artem
1179 2326 1278 2396 etiam
1313 2324 1514 2394 conciliandi
1552 2323 1613 2393 sibi

413 2447 567 2518 homiues
593 2471 666 2518 eam
693 2448 859 2530 hahuisse,
886 2461 921 2518 ut
946 2449 1079 2519 Italicae
1105 2461 1220 2540 gentes
1244 2451 1334 2540 regis
1360 2451 1487 2519 externi
1514 2470 1612 2541 qnam

415 2572 528 2665 populi
554 2573 694 2643 Romani
729 2573 855 2643 tamdiu
888 2572 1047 2666 principis
1078 2574 1112 2642 in
1147 2595 1187 2642 ea
1220 2585 1306 2643 terra
1340 2571 1516 2665 imperinm
1546 2593 1614 2640 esse

415 2697 560 2766 mallent.
603 2697 801 2790 Excqnenti‚
828 2721 929 2790 quem
956 2698 1087 2766 tertium
1113 2696 1250 2778 diceret,
1277 2696 1490 2767 hauddubie
1514 2707 1616 2766 semet

415 2819 523 2911 ipsum
552 2820 685 2891 dixisse.
737 2821 823 2892 Tum
854 2822 957 2892 risum
988 2823 1141 2892 ohortum
1172 2822 1318 2915 Scipioni
1353 2833 1385 2892 et
1416 2821 1614 2892 subiecisse:

416 2941 576 3033 quidnam
601 2955 635 3014 tn
661 2943 801 3026 diceres,
836 2946 943 3015 sime
975 2945 1129 3016 vicisses?
1168 2948 1253 3016 Tum
1282 2969 1335 3015 me
1369 2967 1459 3027 vcro,
1498 2945 1615 3037 inquit,

417 3075 450 3134 et
482 3077 558 3136 ante
589 3069 817 3140 Alexandrum
850 3082 881 3139 et
911 3080 988 3140 ante
1020 3069 1184 3163 Pyrrhum
1219 3083 1252 3140 et
1287 3081 1363 3140 ante
1396 3093 1512 3139 omnes
1536 3071 1617 3140 alios

417 3190 632 3283 imperatores
664 3215 746 3262 esse.
796 3195 839 3262 Et
871 3193 1065 3287 perplexum
1099 3193 1224 3264 Punico
1255 3203 1329 3263 astu
1360 3215 1558 3286 responsum
1588 3205 1619 3264 et
1763 3275 1764 3278 Ἴ

416 3316 630 3408 improvisum
665 3318 891 3388 assentationis
922 3341 1027 3409 genus
1061 3318 1251 3411 Scipionem
1284 3319 1439 3398 movisse,
1478 3319 1568 3411 quod
1600 3341 1618 3386 c

416 3461 519 3531 grege
544 3463 580 3509 se
605 3441 842 3534 imperatorum
871 3443 961 3512 velut
994 3442 1275 3512 inaestimabilem
1309 3443 1513 3512 secrevisset.
1564 3445 1620 3512 Lt-
1763 3451 1764 3456 ’

414 3562 561 3646 vint35,
591 3564 646 3646 14,
672 3564 815 3638 5-12.
916 3568 949 3634 t.
980 3567 1053 3657 Ego
1084 3587 1162 3634 sane
1193 3566 1227 3634 in
1259 3565 1362 3635 tribus
1398 3567 1618 3656 magnificen·
1763 3549 1764 3564 ἓ

415 3688 550 3760 tissimis
574 3691 666 3762 urbis
691 3692 817 3760 Romae
842 3691 998 3782 operibns
1017 3743 1025 3759 .
1046 3741 1082 3759 ..
1118 3711 1206 3782 pono
1232 3689 1420 3760 cloacarum
1445 3689 1620 3771 fabricam,

415 3828 571 3910 reputans
596 3840 662 3886 non
688 3816 794 3886 solnm
821 3815 997 3886 utilitatem
1024 3816 1143 3909 operis,
1179 3815 1363 3885 sedetiam
1396 3817 1621 3909 impensarum

416 3941 693 4034 magnitudinem,
722 3965 824 4033 quam
850 3941 970 4010 velex
997 3940 1059 4010 hoc
1083 3963 1151 4010 uno
1178 3940 1255 4009 licet
1280 3939 1452 4030 colligere,
1484 3941 1514 4009 si
1541 3941 1621 4012 Gaio
1763 3937 1764 3940 ’

415 4067 525 4137 Acilio
558 4067 683 4138 auctori
717 4066 798 4136 fides
832 4065 988 4135 habenda
1019 4075 1085 4144 est,
1120 4064 1209 4156 quod
1236 4066 1406 4155 neglectas
1440 4064 1622 4159 aliquando
1763 4117 1764 4128 ,

415 4192 544 4262 cloacas
570 4214 633 4260 nec
658 4189 801 4283 amplius
826 4211 945 4281 aquam
972 4186 1231 4258 transmittentes
1264 4209 1418 4256 censores
1444 4186 1623 4280 detergen-

415 4317 473 4385 das
499 4328 532 4386 et
555 4315 757 4408 reparandas
786 4314 978 4386 locaverunt
997 4312 1090 4382 mille
1117 4313 1258 4383 talentis.
1306 4311 1488 4402 Dionysius
1515 4314 1623 4385 Holic.

416 4438 451 4520 3,
478 4439 537 4510 tt.
555 4444 612 4533 cfr.
631 4442 700 4510 Lr'u.
717 4436 777 4520 39,
806 4435 866 4519 44,
893 4435 928 4508 5.
1031 4439 1064 4507 8.
1095 4438 1167 4508 Trea
1187 4438 1370 4530 philosophi
1385 4438 1625 4506 Atheniensium

415 4565 512 4655 legati
536 4568 572 4633 in
597 4579 738 4633 acnmnm
762 4562 935 4631 introducti
965 4564 1131 4653 interprete
1161 4563 1215 4630 uri
1238 4573 1311 4630 sont
1338 4561 1371 4630 0.
1398 4560 1505 4629 Acilio
1532 4583 1624 4630 onna-

415 4704 488 4768 torc,
526 4691 582 4778 qni
614 4689 650 4757 id
684 4687 823 4778 officinm
853 4687 964 4776 cnpidc
996 4687 1194 4776 maneant.
1234 4686 1421 4754 Plutarchus
1445 4687 1483 4754 in
1509 4685 1626 4754 wore
