3526 5604
1266 625 1337 696 305

122 831 324 914 conspectus
337 830 397 890 est.
431 823 553 892 Nonius
562 846 597 914 p.
616 820 697 903 194,
712 820 746 894 5.
773 824 909 894 Certum
923 835 972 893 est
986 823 1075 916 quod
1089 825 1250 895 Salustius
1264 825 1339 896 Cri-

124 967 206 1037 spus
231 943 390 1038 quodque
415 947 460 1016 M.
488 947 570 1017 Cato
596 957 628 1014 et
651 945 802 1038 Agellius
828 945 976 1016 historici
998 959 1059 1016 etc.
1086 971 1184 1040 supro
1200 971 1232 1039 p.
1253 946 1338 1019 269.

125 1067 161 1138 3.
189 1070 391 1161 Repertores
404 1069 588 1141 litterarum
603 1080 665 1139 etc.
679 1092 777 1162 supro
789 1094 822 1164 p.
836 1069 920 1142 259.
947 1071 1087 1142 Litteras
1104 1095 1236 1166 semper
1248 1072 1339 1143 arhi-

125 1195 358 1286 trorAssyrias
369 1194 480 1275 luisse,
494 1195 552 1264 sed
562 1194 619 1264 alii
634 1195 721 1287 apud
732 1197 911 1288 Aegyptios
924 1219 943 1265 a
955 1197 1133 1279 Mercurio,
1151 1207 1187 1267 ut
1199 1197 1339 1278 Gellius,

126 1316 187 1386 alii
213 1317 301 1408 apud
323 1318 423 1410 Syros
437 1328 583 1410 repertas
605 1319 737 1399 volunt;
766 1318 879 1410 utique
899 1319 933 1387 in
952 1320 1126 1390 Graeciam
1146 1319 1296 1389 intulisse
1321 1343 1339 1388 e

126 1439 296 1509 Phoenice
316 1440 477 1510 Cadmum
491 1439 636 1510 sedecim
654 1463 806 1523 numero,
833 1440 954 1532 quihus
972 1442 1116 1512 Troiano
1134 1442 1224 1513 hello
1240 1445 1340 1515 Pala·
1378 1463 1381 1470 '

127 1563 263 1632 medem
280 1563 439 1633 adiecisse
462 1575 619 1657 quattuor
641 1564 705 1634 hac
726 1563 835 1654 ligura
862 1575 1001 1654 ΘΞΦΧ,
1032 1565 1169 1635 totidem
1195 1577 1269 1658 post
1286 1566 1340 1636 Si-

127 1689 301 1758 monidem
325 1687 481 1756 melicum
502 1700 635 1765 ΖΗΨΩ
665 1738 704 1755 ..
737 1685 845 1756 Gellio
870 1686 1000 1757 Dohius
1026 1687 1120 1758 Caeli
1145 1687 1233 1758 lilius
1260 1688 1340 1758 lutei

127 1813 273 1884 aedilicii
293 1817 444 1886 inventor
461 1817 580 1909 placet,
600 1818 754 1909 exemplo
771 1828 900 1909 sumpto
914 1817 955 1885 ah
970 1816 1185 1887 hirundinum
1204 1817 1290 1888 nidis
1310 1869 1339 1888 ..

127 1939 213 2009 Auri
232 1940 368 2008 metalla
394 1951 426 2009 et
451 1939 672 2009 conllaturam
698 1939 844 2011 Cadmus
872 1939 1022 2008 Phoenix
1048 1935 1190 2023 [invenit
1212 1940 1263 2028 ..]
1283 1954 1341 2013 aut

129 2063 187 2132 Sol
198 2062 326 2132 Oceani
343 2061 442 2142 lilius,
469 2062 521 2131 cui
537 2063 664 2133 Gellius
686 2062 871 2131 medicinae
897 2085 1030 2156 quoque
1049 2062 1274 2133 inventionem
1296 2087 1339 2132 cx

128 2188 231 2258 melle
251 2187 397 2279 assignat
419 2239 452 2256 ..
474 2189 645 2258 Mensurae
672 2198 703 2256 et
724 2186 875 2279 pondera
895 2187 1022 2258 Phidon
1038 2187 1182 2278 Argivus
1200 2197 1256 2258 aut
1276 2190 1341 2257 Pa-

128 2312 287 2394 lamedes,
309 2323 347 2382 ut
362 2313 478 2382 maluit
495 2312 631 2383 Gellius.
674 2313 800 2381 Plinius
817 2327 883 2381 aot.
902 2313 974 2380 list.
995 2311 1028 2391 7,
1048 2309 1107 2392 56,
1130 2309 1335 2383 192-198.

129 2437 168 2506 a.
193 2439 486 2506 coaceruatorum
512 2439 555 2506 aa
572 2436 675 2505 arana
691 2459 723 2503 a.
740 2436 770 2503 a.
799 2437 853 2504 aa
877 2436 939 2504 ru
961 2436 1023 2506 un.
1043 2437 1164 2506 ueritus
1190 2409 1358 2527 refertor.‘

130 2561 165 2629 l.
192 2562 302 2632 Cacus
330 2559 489 2630 habitavit
526 2560 636 2629 locum
665 2558 719 2629 oui
744 2559 878 2628 Salinae
904 2582 1026 2628 nomeu
1052 2571 1111 2640 est,
1139 2560 1196 2630 uhi
1222 2560 1341 2651 Trige·

130 2685 222 2754 mina
246 2706 337 2754 nunc
371 2696 476 2775 porta.
530 2682 604 2766 llic,
639 2694 676 2752 nt
706 2682 833 2752 Gellius
867 2684 975 2766 tradit,
1010 2707 1087 2753 cum
1122 2682 1339 2754 aTarchonc

131 2808 317 2900 Tyrrheno,
343 2807 385 2877 ad
412 2831 512 2902 quem
539 2809 668 2899 legatus
693 2818 830 2877 venerat
856 2808 959 2878 missu
976 2811 1126 2901 Marsyae
1143 2807 1232 2899 regis
1249 2807 1340 2876 socio

130 2933 263 3023 Megale
297 2932 439 3024 Phryge,
479 2931 647 3001 custodiae
682 2933 767 3002 soret
792 2932 898 3015 datus,
938 2933 1111 3004 frustratus
1144 2932 1278 3001 vincula
1309 2941 1340 3001 et
1484 2943 1488 2954 “

131 3055 219 3126 unde
246 3068 382 3125 venerat
406 3058 523 3137 redux,
550 3056 723 3149 praesidiis
741 3057 958 3149 amplioribus
976 3066 1134 3149 occupato
1151 3055 1237 3125 circa
1256 3054 1341 3124 Vul-

130 3189 267 3249 turnum
293 3192 325 3249 et
350 3181 567 3274 Campaniam
593 3203 709 3272 regno,
737 3181 815 3250 dum
843 3181 942 3250 etiam
969 3203 1009 3250 ca
1034 3190 1209 3249 attrectare
1235 3177 1340 3247 aude-

130 3315 181 3372 ret
210 3327 298 3397 quae
332 3317 567 3375 concesserant
596 3305 629 3374 in
655 3306 825 3377 Arcadum
859 3306 944 3387 iura,
977 3305 1061 3376 duce
1088 3303 1246 3383 Hercule,
1282 3303 1339 3396 qui

130 3439 208 3498 tunc
233 3429 318 3498 sorte
342 3429 468 3509 aderat,
495 3451 670 3523 oppressus
697 3439 755 3498 cst.
800 3429 954 3520 Megalen
981 3427 1097 3498 Sahini
1131 3437 1338 3520 receperunt,

132 3551 343 3645 disciplinam
377 3553 564 3644 augurandi
599 3553 640 3624 ah
667 3577 707 3623 eo
733 3553 832 3622 docti.
883 3553 1013 3622 Solinus
1037 3555 1146 3644 Polylt.
1173 3553 1207 3624 2.
1259 3550 1340 3620 Gel-

131 3678 242 3748 lianus
273 3687 390 3748 auctor
423 3689 471 3747 cst
505 3679 579 3748 lacu
609 3677 736 3748 Fucino
769 3677 924 3747 haustum
959 3679 1143 3748 Marsorum
1179 3676 1338 3769 oppidum

132 3801 312 3894 Archippe,
331 3801 500 3872 conditum
518 3802 683 3899 aMarspa
700 3801 784 3870 duce
802 3801 969 3895 Lydorum
991 3795 1198 3894 [Archippen
1215 3801 1339 3872 aMar-

132 3951 190 4020 sya
216 3951 296 4018 rege
322 3929 491 4021 Lydorum
515 3922 633 4018 Solia]
677 3929 803 3997 Plinius
827 3941 894 3997 oct.
914 3929 987 3997 lu'st.
1012 3925 1046 4008 3,
1071 3927 1128 4008 12,
1154 3924 1234 3998 108.
1278 3927 1339 3994 So-

133 4053 219 4123 linus
244 4053 352 4143 Polyh.
378 4050 414 4123 8.
516 4051 549 4121 5.
578 4053 716 4122 Gentem
742 4054 927 4123 Marsorum
958 4051 1164 4142 serpentibus
1189 4049 1339 4119 illaesam

134 4199 218 4258 esse,
253 4177 337 4246 nihil
372 4177 505 4247 mirum.
556 4178 585 4247 A
613 4177 724 4247 Circes
750 4176 819 4246 lilio
847 4197 952 4266 genus
978 4174 1103 4244 ducunt
1128 4184 1160 4242 et
1185 4174 1225 4242 de
1252 4174 1339 4244 avita

133 4301 277 4396 potentia
302 4301 417 4372 deberi
440 4301 502 4371 sihi
529 4301 677 4370 sentiunt
692 4299 861 4371 servitium
879 4321 1094 4380 venenorum,
1121 4297 1262 4391 ideoque
1280 4322 1340 4368 ve-

134 4449 221 4495 nena
246 4437 471 4495 contemnunt.
523 4426 655 4496 Caelius
682 4421 866 4510 [Gelliust]
892 4424 1016 4494 Aeetae
1046 4433 1112 4492 tres
1138 4419 1223 4491 lilias
1247 4422 1339 4504 dicit,

134 4551 315 4644 Angitiam,
341 4552 494 4623 Medeam
512 4564 544 4622 ct
566 4553 704 4632 Cirecn;
739 4550 859 4621 Circen
878 4543 1036 4620 Circaeos
1060 4547 1217 4618 insedisse
1243 4568 1340 4615 mou-

135 4687 192 4757 tes,
228 4677 414 4747 carminum
442 4675 615 4746 maleficiis
642 4677 747 4745 varias
773 4675 956 4766 imaginum
983 4672 1082 4742 iacies
1108 4671 1338 4752 mentientem

1140 4798 1179 4855 '20
