3610 5592
518 642 539 708 6

518 838 694 910 habuerint
725 849 949 931 quantamque
979 840 1193 932 reliquerint,
1224 853 1260 910 ut
1292 839 1451 932 paulatim
1474 839 1631 908 inmutata
1665 859 1707 905 ex

517 966 750 1060 pulcherruma
776 987 925 1057 pessuma
951 987 990 1035 ac
1016 965 1281 1055 flagitiosissuma
1306 966 1391 1034 iacta
1416 965 1476 1047 sit,
1502 963 1669 1034 disserere.

591 1113 637 1160 rr.
687 1091 809 1162 Urbem
834 1092 992 1171 Romam,
1024 1090 1119 1160 sicuti
1145 1111 1208 1181 ego
1240 1089 1371 1182 accepi,
1405 1087 1583 1159 condidere
1613 1097 1707 1180 atque

518 1213 664 1288 habuere
699 1215 793 1283 initio
822 1214 973 1293 Troiani,
999 1213 1057 1304 qui
1082 1215 1196 1284 Aenea
1221 1212 1305 1284 duce
1339 1212 1469 1306 profugi
1498 1211 1628 1282 sedibus
1655 1212 1707 1280 in-

517 1340 614 1410 certis
647 1337 871 1430 vagabantur,
906 1361 1048 1430 cumque
1080 1337 1131 1406 bis
1155 1336 1373 1427 Aborigines,
1405 1359 1510 1428 genus
1540 1335 1708 1406 hominum

517 1475 664 1558 agreste,
699 1465 769 1534 siue
794 1465 944 1556 legibus,
978 1465 1049 1534 sine
1074 1463 1232 1556 imperio,
1266 1462 1409 1532 libemm
1435 1473 1533 1555 atque
1558 1462 1708 1530 solutum.

518 1591 562 1660 lli
588 1601 761 1683 postquam
787 1591 820 1659 in
848 1612 916 1659 una
941 1589 1064 1658 moenia
1088 1609 1290 1668 convenere,
1324 1587 1447 1680 dispari
1471 1608 1614 1677 genere,
1643 1583 1711 1652 dis-

517 1713 617 1784 simili
643 1713 772 1802 lingua,
798 1713 884 1782 nlius
908 1711 975 1782 alio
1000 1733 1092 1780 more
1117 1712 1280 1791 viventes,
1313 1711 1505 1781 incredibile
1530 1718 1711 1780 memoratu

518 1849 567 1907 est
591 1859 691 1930 quam
717 1835 816 1905 facile
833 1834 1028 1904 coaluerint.
1068 1835 1133 1904 Sed
1158 1845 1332 1928 postquam
1357 1857 1409 1904 res
1435 1857 1550 1905 eorum
1575 1834 1711 1915 civibus,

518 1962 679 2044 moribus,
705 1962 793 2054 agris
813 1973 926 2041 aucta,
952 1961 1030 2031 satis
1044 1983 1201 2053 prospera
1215 1961 1358 2054 satisque
1375 1961 1503 2053 pollens
1529 1959 1712 2039 videbatur,

517 2087 611 2158 sicuti
637 2088 795 2179 pleraque
817 2086 1005 2156 mortalium
1031 2085 1210 2167 habentur,
1237 2086 1360 2156 invidia
1386 2109 1427 2156 ex
1452 2085 1618 2178 opulentia
1642 2095 1714 2153 orta

518 2223 576 2280 est.
616 2211 721 2301 lgitur
746 2233 841 2300 reges
859 2209 1039 2302 populique
1065 2209 1206 2280 linitumi
1233 2209 1321 2280 bello
1346 2219 1524 2300 temptare,
1549 2209 1647 2300 pauci
1673 2231 1716 2276 ex

518 2334 633 2404 amicis
666 2335 790 2406 auxilio
828 2355 918 2414 esse;
957 2355 1034 2402 nam
1066 2335 1167 2402 ceteri
1200 2344 1291 2403 metu
1329 2332 1472 2426 perculsi
1503 2355 1524 2403 a
1560 2331 1716 2426 periculis

518 2459 663 2530 aberunt.
703 2462 745 2529 At
765 2459 906 2528 Romani
925 2457 1015 2526 domi
1035 2457 1229 2550 militiaeque
1254 2459 1370 2528 intenti
1389 2457 1561 2541 festinare,
1582 2480 1715 2551 parare,

517 2585 602 2654 alius
627 2584 729 2654 alium
756 2583 898 2664 hortari,
926 2583 1071 2653 hostibus
1096 2584 1226 2654 obviam
1253 2584 1320 2664 ire,
1348 2583 1548 2665 libertatem,
1575 2581 1716 2676 patriam

518 2718 739 2802 parentesque
764 2708 865 2777 armis
891 2721 1013 2798 tegere.
1064 2707 1158 2789 Post,
1192 2707 1247 2778 obi
1277 2708 1425 2801 pericula
1449 2707 1568 2779 virtute
1592 2729 1720 2800 propu-

521 2835 645 2912 lerant,
678 2833 775 2902 sociis
800 2845 898 2926 atque
924 2833 1039 2902 amicis
1064 2834 1189 2904 auxilia
1215 2833 1391 2927 portabant
1423 2835 1596 2928 magisque
1632 2833 1720 2903 dan·

519 2957 569 3028 dis
594 2979 694 3050 quam
719 2953 921 3047 accipiundis
946 2956 1116 3025 beneficiis
1140 2957 1301 3027 amicitias
1325 2957 1497 3050 parabant.
1536 2958 1719 3050 lmperinm

520 3083 730 3172 legitumum,
757 3105 878 3151 nomen
905 3081 1033 3174 imperii
1060 3082 1189 3173 regium
1215 3081 1396 3162 habebant;
1431 3081 1569 3160 delecti,
1595 3081 1721 3173 quibus

519 3229 636 3298 corpus
661 3204 758 3275 annis
783 3205 969 3286 infirmum,
996 3205 1166 3296 ingenium
1186 3206 1348 3298 sapientia
1377 3207 1522 3276 validum
1549 3215 1634 3285 erut,
1669 3205 1721 3274 rei

517 3332 660 3425 publicae
699 3329 945 3407 consultabant3
990 3328 1025 3397 bi
1064 3328 1115 3398 vel
1153 3337 1247 3398 aetate
1285 3328 1336 3398 rel
1376 3351 1464 3399 curre
1501 3327 1722 3399 similitudine

517 3467 626 3548 patres
651 3453 914 3545 appellabantur.
954 3455 1046 3532 Post.
1074 3453 1130 3522 ubi
1155 3452 1286 3543 regium
1313 3451 1510 3545 imperinm,
1536 3454 1625 3546 quod
1652 3454 1723 3522 ini-

516 3580 562 3648 tio
587 3577 820 3648 conservande
847 3577 1004 3651 libertatis
1029 3587 1129 3669 atque
1158 3576 1320 3668 augenda
1346 3577 1395 3647 rei
1426 3577 1567 3671 publicae
1598 3579 1723 3656 inerat,

518 3706 550 3776 in
565 3705 755 3800 superbiam
765 3705 1088 3796 dominationemque
1102 3698 1163 3793 (se)
1173 3703 1344 3784 convertit,
1364 3705 1524 3774 inmutato
1536 3726 1643 3784 more,
1658 3727 1724 3772 an-

519 3855 585 3903 nua
609 3828 747 3922 imperia
773 3828 933 3920 binosque
966 3827 1179 3920 imperatores
1209 3827 1271 3898 sibi
1298 3828 1426 3908 iecere:
1462 3851 1502 3897 eo
1527 3827 1627 3898 modo
1654 3828 1725 3895 mi-

518 3981 618 4027 nume
644 3979 738 4049 posse
771 3955 930 4047 putabant
964 3977 1025 4047 per
1054 3955 1220 4024 licentiam
1246 3954 1444 4024 insolescere
1476 3955 1625 4024 animum
1654 3951 1726 4022 bu-

516 4105 662 4152 manum.

592 4229 649 4276 vu.
699 4206 763 4274 Sed
790 4228 829 4275 ea
855 4216 1045 4298 tempestate
1083 4227 1213 4298 coepere
1239 4227 1274 4274 se
1307 4205 1449 4298 quisque
1478 4204 1584 4296 magis
1610 4205 1725 4273 extol-

517 4331 587 4400 lere
617 4331 790 4422 magisque
821 4329 993 4420 ingenium
1018 4329 1052 4398 in
1084 4339 1237 4422 promptu
1271 4327 1405 4398 babere.
1467 4329 1551 4397 Nam
1580 4327 1725 4418 regibus

517 4452 594 4523 boni
620 4475 720 4547 quam
742 4452 822 4521 mali
839 4453 1055 4545 suspectiores
1072 4465 1162 4534 sunt,
1190 4474 1385 4545 semperque
1411 4451 1463 4522 bis
1479 4451 1589 4521 aliena
1615 4452 1725 4521 virtus

518 4579 726 4649 formidolosa
753 4588 810 4647 est.
862 4578 925 4647 Sed
952 4577 1064 4647 civitas
1095 4578 1290 4649 incredibile
1316 4586 1498 4648 memoratu
1524 4588 1572 4646 est
1597 4575 1725 4668 adepta

518 4703 667 4776 libertate
681 4714 840 4800 quantum
854 4701 946 4772 brevi
960 4703 1113 4782 ereverit;
1139 4713 1228 4773 tanta
1250 4703 1370 4794 cupido
1387 4701 1502 4793 glorire
1526 4701 1723 4770 incesserat.
