3702 5600
1343 631 1414 701 559

214 829 339 890 factioni
361 827 548 905 optimatium
570 826 714 888 infestum
734 827 767 886 et
787 824 903 886 Gasari
927 826 1055 886 amicum
1076 825 1174 888 fuisse
1195 833 1414 906 cognoverant,

213 937 272 996 boc
293 935 352 994 sibi
372 935 583 1012 proposuisse,
610 938 641 992 nt
661 932 865 992 Salustianum
887 933 1009 992 dicendi
1029 949 1126 1008 genus
1148 934 1197 992 bis
1219 935 1250 994 in
1272 936 1415 1012 epistolis

213 1043 431 1120 exprimerent.
468 1039 544 1100 Nam
569 1039 664 1100 totius
690 1039 839 1100 orationis
867 1037 1072 1113 similiumque
1094 1039 1313 1100 sententiarum
1336 1042 1415 1100 mul-

213 1148 311 1208 titudo
341 1147 413 1206 facit
438 1151 471 1206 ιιι
496 1153 607 1222 putem,
634 1145 760 1204 iuvenes
792 1144 842 1218 qui
874 1143 984 1203 eodem
1011 1144 1087 1202 artis
1114 1145 1259 1204 oratoriae
1289 1145 1416 1206 doctore

214 1257 260 1315 nsi
282 1255 403 1328 fuerint,
426 1257 580 1312 certamen
598 1251 748 1328 quoddam
769 1251 885 1328 ingenii
902 1251 1084 1326 instituisse,
1106 1251 1187 1311 unde
1205 1268 1416 1328 cognoscere-

214 1366 271 1436 tur,
287 1366 355 1440 uter
368 1359 438 1436 plns
449 1358 480 1418 in
494 1359 543 1417 lris
559 1358 673 1418 litteris
684 1357 861 1434 profecerit.
883 1354 922 1416 Et
933 1357 1049 1433 prieris
1062 1356 1180 1433 quidem
1192 1357 1332 1433 epistolae
1341 1375 1416 1418 aue·

214 1475 264 1527 tor
278 1468 372 1527 multo
388 1466 485 1542 magis
505 1466 534 1524 in
554 1481 591 1524 co
610 1469 776 1541 occupatus
795 1463 891 1523 fuisse
910 1462 1034 1523 videtur
1051 1467 1084 1524 ιιι
1099 1464 1271 1524 orationem
1290 1466 1415 1524 senten-

214 1575 266 1633 tiis
281 1578 454 1646 exornaret,
476 1589 563 1647 qnam
579 1577 611 1630 ιιι
626 1570 718 1631 ullum
738 1570 900 1630 consilium
918 1575 1122 1646 expromeret,
1143 1587 1202 1646 qno
1219 1571 1266 1630 rei
1286 1555 1417 1648 publium

215 1681 371 1740 exhaustae
393 1679 529 1740 succurri
557 1687 673 1756 posset.
714 1677 879 1752 Postquam
899 1677 992 1756 igitur
1012 1677 1163 1738 Gmsarem
1184 1677 1331 1750 laudavit,
1364 1678 1417 1752 qui

215 1787 314 1844 onmia
337 1803 398 1844 suae
420 1785 518 1862 ipsius
540 1785 647 1844 virtuti
669 1784 789 1858 debeat,
819 1783 850 1842 id
877 1784 906 1842 ei
927 1785 1076 1862 agendum
1096 1788 1212 1858 censet,
1243 1788 1277 1843 nt
1297 1784 1417 1846 civibus

215 1910 302 1966 quam
325 1893 448 1968 optimis
470 1891 632 1968 imperitet.
666 1890 739 1951 'lum
761 1890 899 1967 Pompeii
914 1889 1082 1966 imperandi
1097 1891 1268 1968 cupidinem
1281 1895 1417 1966 accusat,

216 2006 246 2058 et
277 2017 336 2074 qno
370 1999 460 2058 modo
482 1998 594 2058 fectum
622 1997 671 2073 sit,
701 2003 732 2056 ut
757 1995 895 2056 homines
922 1997 1122 2074 perditissimi
1145 1995 1297 2058 Caesarem
1318 1999 1416 2058 secuti

215 2104 283 2179 sint,
319 2121 384 2164 cum
416 2120 524 2178 magna
552 2103 643 2161 animi
674 2101 820 2161 libertate
853 2103 985 2179 exponit
1028 2103 1135 2178 ltaque
1163 2107 1196 2162 et
1227 2104 1417 2164 elementiam

217 2210 264 2268 illi
286 2211 396 2270 suadet
414 2215 445 2270 et
463 2211 601 2270 victoris
622 2210 755 2270 Sullanae
776 2211 925 2270 sevitiam
947 2216 1134 2283 exsecratur,
1154 2213 1325 2288 iterumque
1345 2229 1418 2272 cor·

214 2322 322 2392 ruptos
344 2335 444 2378 mores
467 2335 586 2392 eorum,
609 2319 660 2394 qui
679 2317 719 2376 sd
734 2314 885 2376 Caesarem
899 2317 1127 2395 transfugerint,
1149 2321 1288 2394 graviter
1306 2337 1418 2397 repre·

214 2422 329 2482 bendit
364 2423 430 2484 lloe
450 2425 542 2500 igitur
564 2423 701 2484 debello
718 2423 940 2502 componendo;
963 2425 1000 2483 ad
1022 2442 1128 2502 paoem
1150 2426 1325 2486 firmandam
1345 2427 1415 2505 plu·

214 2530 320 2589 rimam
340 2527 453 2604 facere,
474 2531 503 2590 si
524 2536 693 2608 sumptuum
710 2535 742 2590 et
762 2531 935 2607 rapinarum
951 2531 1107 2592 licentiam
1125 2533 1300 2610 dempserit.
1323 2551 1418 2608 quare

215 2635 419 2696 feneratorem
433 2637 629 2713 inposterum
645 2655 715 2697 esse
730 2637 907 2698 tollendum.
930 2637 992 2696 lam
1010 2655 1044 2698 se
1056 2639 1177 2714 quidem
1192 2656 1253 2699 non
1267 2640 1418 2715 ignorare,

216 2745 358 2816 quantum
389 2742 577 2803 difficultatis
605 2745 671 2804 baec
700 2761 752 2803 res
786 2744 914 2818 habeat,
952 2744 1008 2804 sed
1040 2746 1170 2804 maxima
1205 2745 1259 2806 illa
1288 2745 1419 2806 Caesaris

216 2849 328 2909 virtute
355 2848 514 2926 plurimum
547 2850 710 2922 confidere,
740 2867 806 2925 quae
833 2867 893 2926 quo
920 2851 1015 2910 maius
1043 2852 1209 2927 periculum
1231 2854 1418 2913 subeundum

215 2959 272 3030 est,
296 2971 333 3014 eo
355 2957 451 3032 magis
474 2957 667 3016 accendatur.
704 2957 769 3016 lloc
789 2957 883 3032 igitur
904 2974 985 3017 curae
1007 2959 1036 3016 si
1058 2974 1130 3018 esse
1153 2959 1276 3036 debere,
1298 2966 1331 3019 ut
1348 2961 1419 3037 ple-

216 3063 271 3120 bes
293 3063 405 3122 habeat
427 3063 551 3138 negotia
572 3079 636 3136 sua,
658 3062 800 3122 iuventus
822 3062 971 3139 probitati
995 3068 1027 3123 et
1047 3063 1211 3140 industriae,
1232 3083 1293 3126 non
1314 3084 1419 3144 sump-

217 3169 298 3229 tibus
320 3175 413 3244 atque
435 3161 704 3230 divitiis'studeat.
747 3170 820 3230 'lum
845 3171 955 3230 iterum
984 3171 1014 3230 in
1036 3172 1198 3232 avaritiam
1218 3178 1251 3234 et
1270 3173 1420 3234 luxuriem

217 3275 371 3336 invehitur
398 3275 567 3351 iterumque
597 3276 657 3336 hoc
687 3276 716 3336 ei
746 3275 890 3350 inculcat,
926 3281 959 3336 ut
986 3277 1086 3337 boues
1116 3279 1254 3355 pecunie
1286 3282 1416 3356 desinat,

218 3388 249 3441 ut
271 3383 431 3442 securitati
460 3387 492 3442 et
520 3383 615 3443 ltaliae
642 3387 674 3442 et
702 3384 927 3460 provinciarum
948 3385 1127 3461 prospiciat,
1158 3390 1192 3458 ιιι
1213 3387 1319 3448 militia
1339 3389 1420 3448 iusta

216 3496 248 3550 et
277 3491 404 3566 aequalis
434 3493 483 3566 sit,
518 3495 551 3550 ιιι
579 3491 758 3552 frumentum
786 3492 939 3551 veteranis
964 3509 1021 3569 per
1047 3493 1209 3570 municipia
1229 3498 1261 3555 et
1281 3495 1420 3556 colonias

217 3598 427 3658 distribuatur.
462 3597 527 3658 lloo
545 3599 641 3676 igitur
661 3598 775 3675 prieris
797 3597 936 3674 epistolae
960 3603 1167 3674 argumentum
1188 3605 1245 3660 est
1280 3599 1420 3660 Alterius

217 3703 357 3782 epistolae
379 3708 486 3764 auctor
507 3704 599 3781 paulo
620 3703 750 3763 altiores
772 3705 898 3781 spiritus
920 3705 1011 3764 sumit
1034 3711 1066 3765 et
1086 3707 1215 3782 primurn
1237 3707 1357 3782 quidem
1381 3708 1421 3767 de

217 3827 272 3869 sua
291 3811 387 3888 ipsius
408 3828 509 3870 rerum
531 3810 665 3870 civilium
685 3811 847 3886 prudentia
864 3815 957 3885 atque
972 3811 1122 3871 industria
1136 3813 1207 3888 agit,
1229 3810 1420 3888 Caesarisque

217 3921 361 3979 virtutem
384 3918 497 3994 laudat,
526 3918 612 3978 onius
633 3919 730 3977 maior
751 3919 782 3976 in
803 3917 946 3976 adversis
970 3935 1060 3994 qnam
1086 3919 1116 3977 iu
1138 3919 1281 3979 secundis
1302 3920 1420 3980 animus

217 4026 274 4102 sit;
304 4027 389 4086 cuius
411 4025 534 4101 quidem
555 4023 811 4101 magnanimitatis
835 4023 1037 4084 admiratione
1058 4025 1171 4084 factum
1192 4042 1272 4100 csse,
1301 4029 1334 4085 ut
1352 4026 1420 4103 ipso

218 4149 286 4191 eum
307 4134 387 4192 iuter
408 4131 485 4191 belli
505 4131 629 4190 labores
659 4130 699 4191 de
729 4130 863 4206 negotiis
889 4131 1014 4190 urbanis
1035 4132 1200 4192 admonere
1220 4132 1420 4192 constituerit.

170 4277 178 4304 ,
217 4239 349 4298 Primum
370 4240 463 4315 igiter
485 4254 561 4316 opes
583 4236 728 4298 factionis
750 4237 896 4296 nobilium
916 4254 986 4298 esse
1003 4238 1242 4314 exstinguendas
1256 4236 1420 4314 plebisque

216 4344 390 4404 libertatem
405 4343 633 4405 restituendam.
668 4343 744 4404 lllee
765 4344 854 4419 enim,
875 4343 906 4403 iu
927 4345 1037 4420 quibus
1057 4344 1195 4421 inprimis
1217 4344 1256 4402 M.
1276 4342 1421 4404 Catonem

218 4457 250 4510 et
270 4449 302 4509 L.
316 4451 479 4510 Domitium
500 4456 596 4526 notat,
618 4449 755 4510 atrocius
776 4449 869 4509 etiam
891 4467 980 4524 quam
1000 4449 1116 4510 Sullam
1136 4449 1167 4510 in
1188 4449 1422 4527 rempublicam

217 4558 357 4616 saeviisse
378 4563 410 4616 et
430 4555 560 4616 Caesaris
582 4557 655 4616 odio
676 4556 825 4634 impulsos
847 4556 923 4616 nibil
944 4557 1124 4616 intentatum
1143 4557 1316 4634 reliquisse.
1349 4557 1421 4616 lum

219 4661 256 4719 de
278 4665 431 4722 tantorum
454 4663 600 4722 malorum
621 4662 768 4722 remediis
789 4661 933 4738 disputat
968 4661 1008 4722 Et
1027 4663 1155 4740 primum
1178 4663 1299 4738 quidem
1321 4678 1421 4739 popu-
