3576 5602
1327 637 1393 707 421

190 837 292 908 solius
318 847 384 907 tres
409 859 481 906 esse
508 837 611 907 libros
637 838 695 930 qui
720 840 947 908 Romanorum
970 837 1037 906 lata
1064 837 1253 907 contineant
1280 847 1311 906 et
1338 837 1400 907 hn-

189 961 330 1030 beantur
347 961 475 1042 arcani;
502 972 688 1030 ceterarum
706 971 817 1030 autem
844 960 912 1029 lere
938 959 1089 1030 oninium
1116 961 1263 1052 singulos
1285 971 1400 1030 extare

189 1084 374 1178 haberique
390 1087 503 1177 vulgo,
531 1086 588 1156 sed
609 1109 663 1155 eos
683 1085 862 1178 Sibyllinos
884 1085 975 1156 velut
1001 1107 1067 1154 uno
1091 1086 1226 1155 nomine
1245 1085 1397 1165 inscribi;

36 1225 41 1235 '
188 1207 251 1277 nisi
279 1209 368 1300 qnod
393 1207 589 1301 Erythraea,
617 1233 703 1302 quae
721 1209 832 1279 Troici
859 1208 938 1277 belli
964 1209 1168 1302 temporibus
1195 1209 1295 1278 luisse
1320 1233 1399 1301 per-

188 1331 331 1413 bihetur,
359 1356 481 1403 nomen
508 1356 605 1403 snum
631 1357 748 1403 verum
775 1333 883 1425 posuit
909 1333 941 1401 in
969 1332 1066 1410 libro,
1101 1332 1243 1402 aliarum
1270 1335 1398 1403 contusi

188 1469 275 1528 sunt.
318 1462 392 1528 Hae
412 1483 538 1541 omnes,
566 1460 607 1530 de
633 1460 753 1552 quibus
779 1458 861 1540 dixi,
889 1457 1034 1550 Sibyllae
1057 1469 1187 1550 praeter
1207 1459 1396 1551 Cymaeam,

187 1606 288 1674 quam
315 1583 382 1673 legi
409 1583 473 1651 nisi
500 1607 520 1652 a
545 1582 827 1666 Quindecimviris
853 1603 919 1649 non
947 1581 1034 1662 licet,
1069 1603 1173 1651 unum
1199 1581 1299 1650 deum
1326 1603 1397 1650 esse

138 1795 139 1800 ἵ
187 1717 356 1778 testantur.
403 1710 585 1778 Lactantius
611 1711 740 1801 epitome
758 1706 792 1788 5,
819 1707 850 1778 1.
873 1705 908 1778 2.
953 1708 1014 1778 His
1042 1707 1237 1776 testimoniis
1261 1705 1396 1798 quidam

186 1832 302 1900 revicti
337 1831 444 1899 solent
473 1854 513 1900 eo
538 1831 737 1922 coningere,
776 1842 811 1901 ut
845 1831 935 1900 aiant
966 1853 1032 1899 non
1064 1853 1135 1899 esse
1162 1829 1221 1898 illa
1248 1828 1397 1898 carmina

186 1954 362 2049 Sibyllina,
389 1955 491 2025 seda
518 1957 637 2024 nostris
664 1955 802 2026 conficta
829 1968 928 2048 atque
955 1955 1147 2049 composita.
1191 1954 1288 2039 Quod
1316 1977 1397 2045 pro·

187 2079 272 2148 lecto
300 2103 365 2148 non
391 2079 518 2172 putabit
550 2079 607 2173 qui
633 2079 828 2150 Ciceronem
857 2081 1107 2170 varronemque
1140 2078 1260 2168 legerit
1293 2077 1396 2146 alios-

185 2227 250 2296 que
277 2215 417 2284 veteres,
453 2205 511 2297 qui
536 2203 755 2296 Erythraeam
783 2203 943 2296 Sibyllam
972 2215 1165 2297 ceterasque
1191 2223 1396 2271 commemo-

185 2339 271 2397 rant.
315 2331 497 2398 Munatius
513 2331 650 2398 institut.
670 2326 705 2408 4,
729 2327 785 2410 15,
808 2327 868 2399 26.
904 2331 941 2398 lu
963 2329 1052 2397 loliis
1072 2338 1181 2397 autem
1208 2329 1394 2420 palmarum

186 2452 347 2546 Sibyllam
372 2453 517 2522 scribere
543 2454 649 2522 solere
677 2463 814 2522 testatur
832 2456 949 2523 Varro.
994 2453 1123 2523 Seruius
1140 2455 1183 2523 ad
1207 2453 1294 2542 Vrrp.
1315 2453 1392 2520 Aen.

186 2575 221 2658 3,
248 2573 334 2647 444.
378 2577 418 2647 Ut
444 2576 549 2645 Varro
580 2576 670 2657 (licit,
697 2576 730 2645 in
756 2576 844 2647 soliis
870 2579 1000 2668 palmae
1026 2576 1191 2645 interdum
1218 2575 1314 2655 notis,
1340 2574 1394 2641 in-

185 2701 316 2770 terdum
342 2698 532 2768 scribebant
557 2700 775 2769 sermonibus.
827 2701 956 2770 Servius
981 2703 1024 2770 od
1052 2703 1142 2791 Vrrp.
1166 2701 1243 2768 Aen.
1271 2698 1305 2780 6,
1334 2695 1392 2768 74.

185 2828 310 2897 Auctor
329 2838 376 2895 est
393 2828 438 2896 11.
454 2827 570 2907 Varro,
590 2878 599 2894 .
619 2877 628 2894 .
647 2827 680 2894 in
704 2827 889 2918 palmarum
916 2826 1004 2895 loliis
1029 2826 1137 2918 primo
1163 2824 1392 2917 scriptitatum.

185 2953 503 3021 Primoupolis.
530 2948 585 3031 13,
613 2949 669 3030 11,
697 2949 755 3021 68.
799 2953 844 3020 Μ.
872 2953 989 3032 Varro,
1016 2974 1082 3043 quo
1108 2973 1207 3020 nemo
1233 2971 1393 3041 umquam

184 3075 311 3146 doctior
336 3099 379 3144 ne
406 3076 492 3168 apud
519 3076 662 3145 Graecos
689 3075 823 3168 quidem
849 3076 940 3152 vixit,
975 3076 1008 3144 in
1035 3076 1129 3146 libris
1155 3077 1280 3146 Rerum
1307 3075 1393 3144 clivi·

184 3223 316 3281 narum,
351 3221 434 3290 quos
466 3198 508 3268 atl
543 3198 580 3269 C.
608 3200 783 3269 Caesarem
818 3198 1006 3291 pontificem
1041 3199 1225 3269 maximum
1250 3198 1390 3290 scripsit,

184 3346 259 3394 cnm
278 3324 319 3392 de
337 3321 619 3405 Quindecimviris
635 3325 839 3414 loqueretur,
867 3319 970 3407 [liber
987 3335 1123 3414 quartus
1150 3332 1198 3390 est
1223 3321 1263 3391 de
1281 3319 1392 3403 Quin-

184 3445 374 3516 decimviris
400 3467 581 3515 sacrorum.
621 3449 818 3536 Aupustr'ous
846 3448 884 3514 dr
908 3448 968 3514 rio.
991 3447 1043 3515 dei
1068 3443 1102 3526 6,
1130 3438 1178 3533 3.]
1212 3444 1391 3537 Sibyllinos

184 3570 286 3640 libros
308 3571 354 3638 ait
379 3593 445 3638 non
472 3571 572 3640 fuisse
599 3572 696 3640 unius
715 3571 872 3664 Sibyllae,
899 3571 955 3639 secl
982 3571 1143 3664 appellari
1171 3593 1237 3640 uno
1255 3570 1391 3640 nomine

184 3693 377 3785 Sibyllinos,
403 3693 494 3786 quod
519 3717 633 3762 omnes
655 3695 798 3764 feminae
818 3706 908 3764 vates
931 3693 1076 3787 Sibyllae
1094 3705 1169 3764 sunt
1190 3717 1208 3762 a
1227 3694 1391 3765 veteribus

182 3827 405 3910 nuncupatae,
447 3818 500 3887 vel
533 3816 574 3885 ab
608 3819 705 3888 unius
736 3818 910 3911 Delphidis
944 3820 1079 3888 nomine
1109 3820 1162 3888 vel
1197 3843 1215 3888 a
1245 3817 1391 3889 consiliis

184 3940 323 4013 deorum
342 3943 565 4014 enuntiandis.
617 3949 710 4035 Crorig
731 3947 819 4015 enim
846 3947 925 4015 deos
942 3969 1009 4016 non
1026 3947 1134 4036 θεούς,
1165 3957 1197 4016 et
1214 3945 1389 4015 consilium

182 4088 250 4136 110⁰
281 4070 400 4168 βουλήν
432 4069 490 4138 sed
524 4073 630 4172 βυλήυ
658 4065 810 4160 [bulean]
849 4072 1063 4165 appellabant
1094 4071 1233 4141 Aeolico
1267 4089 1390 4161 genere

183 4193 354 4276 sermonis,
382 4193 494 4287 itaque
521 4195 681 4288 Sibyllam
708 4197 829 4265 dictam
859 4220 930 4266 esse
956 4198 1049 4288 quasi
1075 4197 1263 4293 θεοβούλην.
1293 4194 1392 4264 Cete-

182 4339 257 4386 rum
285 4316 426 4410 Sibyllas
452 4319 568 4389 decem
595 4343 737 4390 numero
763 4321 878 4402 fuisse,
904 4343 1027 4412 easque
1049 4343 1164 4390 omnes
1184 4317 1392 4389 enumeravit

182 4441 244 4510 sub
270 4441 471 4523 auctoribus,
499 4443 556 4534 qui
582 4443 624 4512 de
650 4445 790 4535 singulis
816 4444 1051 4538 scriptitarunt.
1090 4446 1274 4514 Lactantius
1294 4445 1391 4512 insti·

182 4579 239 4634 tut.
269 4564 301 4646 1,
328 4565 362 4648 6,
391 4566 425 4636 7.
469 4567 593 4660 Sibylla
620 4569 859 4661 appellativum
886 4582 934 4638 est
959 4593 1093 4652 nomen,
1120 4568 1204 4638 adeo
1229 4577 1264 4638 ut
1285 4567 1390 4636 Varro

182 4702 263 4780 quot
288 4691 434 4786 Sibyllae
461 4693 584 4763 tuerint
609 4695 787 4787 scripserit.
833 4695 959 4786 Sibylla
992 4705 1103 4764 autern
1135 4693 1254 4764 dicitur
1282 4693 1392 4762 omnis
