3554 5600
1266 641 1335 709 175

125 850 161 909 ut
186 838 336 910 hostibus
361 839 492 922 terrori,
520 839 670 909 Romano
696 838 891 931 imperatori
916 861 1012 909 carus
1038 850 1133 909 esset.
1177 839 1241 910 Sed
1266 841 1338 910 vic·

126 963 221 1032 timas
251 963 434 1033 immolanti
459 961 653 1032 numinibus
678 961 712 1032 in
738 961 860 1054 oppido
879 961 1112 1042 Numidarum,
1138 963 1192 1034 cni
1215 986 1337 1035 nomen

126 1097 173 1156 est
190 1087 299 1166 Utica,
325 1085 516 1178 haruspices
542 1107 663 1176 magna
684 1085 839 1178 quaedam
864 1085 1057 1178 impendere
1075 1088 1182 1157 blario
1199 1111 1339 1182 respon-

126 1211 259 1280 derunt.
302 1211 412 1302 Atque
434 1209 553 1278 hortati
575 1219 662 1288 sunt,
689 1220 724 1279 ut
749 1233 824 1303 quae
850 1209 950 1279 vellet
981 1209 1118 1280 auderet
1147 1222 1338 1305 peteretque

125 1337 266 1406 celsiora
299 1334 465 1404 natalibus
494 1332 686 1427 meritisque
719 1333 866 1412 maiora;
905 1333 1072 1426 siqnidem
1097 1345 1217 1406 cuncta
1242 1336 1339 1407 vide-

127 1461 223 1530 batur
250 1461 346 1530 saror
371 1459 534 1552 spondere
564 1459 715 1529 fortunae.
760 1459 854 1527 Tunc
887 1459 1040 1551 capiendi
1070 1460 1259 1531 consulatus
1284 1461 1340 1529 in-

127 1585 208 1654 vasit
234 1581 360 1675 magna
386 1583 560 1675 cupiditas,
596 1582 637 1653 ad
663 1603 764 1673 quem
797 1582 976 1673 petendum
1002 1594 1136 1675 paratus
1161 1584 1338 1676 suffragiis,

128 1710 241 1778 relicta
267 1707 441 1801 provincia
466 1707 613 1788 bletello,
639 1707 779 1776 Romam
805 1707 905 1788 venit,
933 1706 1046 1800 ibique
1074 1707 1114 1778 de
1131 1709 1257 1780 Metelli
1283 1733 1341 1779 re-

128 1832 187 1902 bus
213 1831 385 1926 loquendo
412 1831 598 1922 corruptius
628 1853 667 1900 ac
699 1853 793 1900 suam
825 1832 1015 1902 extollendo
1049 1833 1203 1904 virtutem
1231 1835 1341 1904 effecit

128 1959 257 2027 animos
283 1956 375 2048 vulgi
402 1954 539 2048 cupidos
564 1953 733 2033 novitatis,
774 1955 807 2022 in
843 1977 940 2024 sunm
969 1955 1145 2026 excitando
1177 1959 1337 2038 savorem,

129 2082 362 2152 adiuvantibus
388 2079 530 2150 tribunis
545 2078 663 2172 plebis.
698 2080 783 2150 Nam
809 2102 850 2148 eo
877 2091 1024 2173 tempore
1051 2081 1139 2152 inter
1164 2093 1274 2173 patres
1299 2106 1340 2152 ac

129 2207 290 2298 pupulum
315 2205 425 2274 studio
445 2203 680 2273 dominationis
706 2214 800 2272 erant
817 2203 959 2274 excitata
976 2204 1167 2274 certamina.
1203 2207 1253 2276 lta
1270 2208 1341 2276 iac-

129 2342 198 2400 tum
232 2341 294 2410 est,
329 2339 367 2398 ut
397 2327 492 2421 qnasi
523 2327 557 2396 in
589 2327 772 2420 perniciem
801 2327 991 2409 nobilitatis,
1035 2352 1137 2421 quam
1171 2329 1342 2402 lacerabat

130 2455 273 2536 iniuriis,
298 2455 423 2525 blarins
449 2453 543 2523 novis
569 2452 784 2522 extolleretur
810 2452 1005 2522 bonoribus.
1059 2455 1174 2546 ltaque
1200 2457 1341 2526 comitiis

130 2576 361 2648 consularibus
386 2577 560 2647 universus
585 2575 739 2668 populus,
766 2575 824 2668 qui
850 2575 891 2644 ad
918 2575 1110 2667 eligendum
1128 2592 1340 2662 convenerat,

129 2703 272 2774 blarium
299 2701 470 2770 consulem
497 2700 606 2771 iussit:
640 2711 683 2782 et,
710 2710 822 2791 erepta
847 2700 982 2772 llletello
1008 2701 1189 2793 provincia,
1217 2703 1250 2772 in
1268 2707 1342 2776 Nu·

130 2827 268 2897 midiam
295 2826 414 2896 missus
440 2835 499 2894 est.
544 2825 608 2894 Sed
642 2824 669 2892 is
695 2835 830 2916 accepto
856 2825 1041 2909 consulatu,
1074 2829 1169 2919 qnasi
1195 2830 1340 2920 spolium

131 2951 277 3022 victoris
315 2950 477 3042 superatis
512 2948 659 3042 patribus
688 2949 888 3028 ostentabat;
931 2961 1110 3042 aperteque
1151 2975 1186 3022 se
1225 2977 1340 3025 eornm

132 3076 287 3168 potentiss
329 3073 542 3166 profitebatur
579 3072 766 3143 adversum.
820 3072 883 3144 Sed
929 3095 1005 3142 cum
1039 3074 1179 3145 militem
1217 3100 1341 3148 novum

131 3203 302 3282 scriberet,
329 3201 457 3293 primus
482 3199 630 3270 omnium
657 3199 763 3290 capite
790 3221 904 3268 censos
930 3200 1018 3269 cives
1040 3200 1224 3293 infidusque
1242 3211 1341 3294 atque

131 3328 264 3397 inutiles
297 3326 392 3395 duxit
416 3323 458 3394 ad
483 3323 628 3402 bellum;
663 3333 700 3392 ut
725 3322 788 3392 hac
816 3321 945 3391 ratione
976 3345 1050 3392 cum
1077 3323 1211 3415 publico
1238 3324 1342 3395 detri-

132 3461 243 3518 mento
269 3449 395 3541 populo
418 3447 559 3538 gratiam
579 3446 743 3525 redderet,
771 3467 791 3514 a
816 3468 884 3537 quo
910 3455 1055 3537 speratos
1082 3444 1225 3518 bonores
1244 3471 1343 3519 acce·

132 3585 235 3664 perat.
280 3575 366 3642 Nam
392 3571 533 3664 populus
559 3572 728 3641 Romanus
754 3592 814 3661 per
840 3569 961 3638 classes
983 3569 1106 3641 divisus
1132 3582 1203 3642 erat
1227 3585 1261 3642 et
1281 3595 1342 3666 pro

132 3696 325 3790 patrimonii
360 3696 514 3766 facultate
549 3693 754 3763 censebatur.
808 3695 860 3762 Ex
894 3692 934 3761 iis
967 3715 1093 3776 omnes,
1130 3694 1250 3786 quibus
1288 3717 1342 3766 res

133 3833 214 3904 erat,
249 3820 292 3890 ad
319 3817 473 3888 militiam
502 3817 718 3887 ducebantur.
769 3816 957 3906 Diligenter
991 3819 1081 3886 enim
1116 3842 1176 3910 pro
1205 3819 1343 3891 victoria

134 3945 342 4025 laborabant,
371 3943 429 4036 qui
451 3966 493 4012 en
515 3942 667 4012 libertate
692 3940 779 4010 buna
800 3951 833 4010 et
856 3940 995 4034 patriam
1024 3941 1258 4017 defendebant.

206 4069 261 4140 Illi
288 4077 412 4149 autem,
446 4067 567 4160 quibus
593 4064 695 4135 nullae
727 4087 806 4156 opes
833 4075 937 4145 erant,
980 4077 1080 4158 caput
1108 4089 1217 4148 snum,
1252 4066 1342 4161 quod

134 4193 240 4262 solum
269 4190 490 4286 possidebant,
521 4189 742 4259 censebantur
768 4197 800 4256 et
825 4187 861 4257 bi
886 4209 1001 4258 omnes
1026 4189 1106 4260 belli
1131 4200 1280 4283 tempore
1306 4190 1341 4260 in

134 4317 301 4388 moenibus
322 4315 523 4386 residebant.
562 4313 675 4384 Facile
692 4312 782 4382 enim
805 4312 945 4382 existere
969 4323 1123 4406 poterant
1147 4314 1341 4406 proditores,

135 4440 214 4532 qnia
252 4450 382 4532 egestas
414 4439 502 4511 baud
539 4439 638 4509 facile
674 4435 815 4507 babetur
849 4435 921 4505 sine
959 4436 1092 4506 damno.
1141 4439 1211 4508 Hos
1241 4438 1343 4530 igitur

134 4565 272 4646 Marius,
298 4563 419 4656 quibus
444 4586 511 4632 non
535 4563 642 4633 fuerat
670 4558 906 4632 committenda
933 4561 998 4630 Res
1027 4561 1161 4653 publica
1183 4560 1276 4632 duxit
1301 4563 1343 4633 ad

135 4690 273 4760 bellum.
293 4689 359 4759 Sed
369 4689 451 4759 lorte
461 4709 573 4758 secum
587 4690 626 4757 L.
638 4686 754 4755 Sillam
768 4685 925 4776 legatum,
944 4685 1091 4755 nnumde
1110 4686 1289 4768 nobilibus,
1308 4687 1342 4756 in
