3582 5594
491 623 559 692 126

485 821 608 892 flumen
626 817 828 898 Mulucham,
853 814 943 908 qnod
967 816 1053 886 inter
1078 839 1131 886 me
1156 827 1188 885 et
1203 816 1374 910 Micipsam
1400 816 1472 896 luit,
1499 837 1565 884 non
1583 837 1678 906 egre-

486 945 570 1026 diar,
608 965 716 1036 neque
748 942 782 1013 id
814 942 938 1013 intrare
962 941 1155 1032 Iugurtham
1186 941 1303 1011 sinam.
1355 942 1519 1012 Preterea
1551 939 1678 1033 siquid

486 1091 606 1162 meque
630 1067 789 1159 vobisque
813 1066 951 1158 dignum
976 1065 1142 1158 petiveris,
1176 1063 1265 1134 haud
1293 1065 1442 1158 repulsus
1469 1063 1609 1134 abibis.»

559 1214 627 1264 cxl.
677 1189 730 1262 Ad
756 1213 797 1259 ea
821 1189 915 1261 Sulla
941 1211 1000 1282 pro
1026 1211 1061 1258 se
1086 1187 1230 1258 breviter
1255 1195 1287 1258 et
1311 1187 1452 1270 modice,
1479 1187 1521 1257 de
1546 1210 1629 1281 pace
1652 1197 1682 1254 et

486 1317 527 1388 de
544 1315 775 1386 communibus
791 1313 890 1386 rebus
908 1313 1020 1383 multis
1041 1312 1205 1384 disseruit.
1244 1312 1397 1404 Denique
1422 1313 1495 1404 regi
1516 1311 1681 1406 patefecit,

489 1440 600 1534 «quod
624 1437 829 1532 polliccatur,
863 1447 1014 1506 senatum
1047 1446 1080 1505 et
1109 1436 1269 1529 populum
1293 1437 1492 1518 Romanum,
1526 1437 1682 1529 quoniam

486 1563 628 1658 amplius
652 1563 753 1634 armis
778 1561 966 1642 valuissent,
1008 1582 1073 1631 nan
1098 1561 1132 1630 in
1158 1559 1299 1651 gratiam
1328 1558 1515 1630 habituros:
1553 1558 1682 1629 laciun·

486 1689 566 1760 dum
592 1685 730 1782 aliquid,
762 1687 851 1780 quod
876 1685 1009 1757 illorum
1035 1684 1141 1775 magis
1166 1707 1268 1776 qnam
1293 1707 1352 1755 sua
1376 1683 1528 1754 retulisse
1553 1684 1683 1755 videre-

486 1824 557 1896 tur3
584 1812 617 1883 id
644 1811 728 1884 adeo
754 1811 786 1880 in
812 1822 964 1904 promptu
992 1831 1074 1889 esse,
1102 1808 1258 1901 quoniam
1273 1809 1440 1900 lugurthae
1466 1811 1596 1904 copiam
1623 1811 1683 1880 lra-

485 1936 596 2008 beret:
635 1957 736 2029 quem
765 1934 793 2004 si
819 1933 974 2005 Romanis
1003 1931 1199 2014 tradidisset,
1236 1933 1318 2014 lore,
1353 1946 1389 2004 ut
1409 1934 1471 2004 ¹illi
1503 1935 1684 2028 plurimum

486 2061 680 2141 deberatnr;
720 2056 911 2138 amicitiam,
947 2057 1065 2137 loedus,
1103 2056 1268 2127 Numidia
1294 2069 1433 2150 partem,
1468 2081 1568 2151 qnam
1594 2083 1683 2130 nunc

485 2195 621 2281 peteret,
647 2194 724 2254 nunc
750 2182 836 2252 ultro
863 2180 1111 2252 adventuram.»
1155 2181 1228 2250 Rex
1249 2181 1356 2274 primo
1373 2182 1537 2272 negitare:
1565 2181 1684 2254 adlini-

486 2322 598 2392 tatem,
626 2309 870 2400 cognationem
896 2315 1056 2401 praeterea
1074 2305 1181 2376 loedns
1200 2307 1429 2378 intervenisse:
1456 2309 1497 2379 ad
1523 2309 1586 2379 linc
1611 2331 1685 2379 mc·

485 2447 590 2517 tuere,
624 2455 666 2502 ne
693 2429 782 2502 lluxa
807 2430 872 2500 lide
897 2453 976 2502 usus
1012 2431 1221 2524 popularium
1247 2431 1375 2502 animos
1399 2443 1576 2514 avorteret3
1611 2434 1685 2526 quis

486 2569 518 2630 et
541 2556 703 2649 Iugurtha
734 2577 831 2626 carus
865 2564 898 2624 et
929 2554 1071 2625 Romani
1101 2554 1197 2624 invisi
1232 2566 1335 2625 arant.
1388 2555 1541 2648 Denique
1565 2557 1685 2650 sapius

486 2683 639 2772 fatigatus
677 2681 797 2750 lenitur
826 2691 858 2750 et
889 2703 931 2747 en
967 2678 1134 2749 voluntate
1171 2677 1272 2749 Sullae
1304 2678 1419 2749 omnia
1452 2701 1487 2749 ee
1519 2681 1684 2750 iacturum

485 2805 655 2901 promittit.
697 2806 851 2876 Ceterum
877 2802 919 2872 ad
938 2801 1158 2873 simulandam
1176 2824 1304 2896 pacem,
1331 2805 1425 2873 cuius
1442 2803 1596 2885 Numida,
1623 2804 1685 2873 de-

486 2931 590 3002 leseue
606 2928 707 3011 hello,
726 2927 957 3006 avidissumus,
976 2949 1050 3020 quae
1067 2926 1160 2997 utilia
1177 2928 1256 3008 visa,
1279 2928 1489 2998 constituunt.
1527 2930 1575 2999 lta
1589 2951 1686 2998 ccm-

484 3054 590 3149 posito
610 3053 696 3134 delo,
725 3049 965 3143 digrediuntur.

559 3199 640 3252 exn.
690 3177 733 3246 At
752 3197 813 3245 rex
834 3185 965 3266 postero
996 3173 1050 3244 die
1076 3175 1239 3267 Asparem
1263 3174 1433 3265 Iugurtha
1458 3178 1604 3268 legatum
1622 3203 1686 3272 ap-

485 3302 587 3396 pellat
623 3299 766 3391 dicitque
800 3297 862 3368 sibi
894 3319 954 3390 per
978 3297 1147 3368 Dabarem
1178 3321 1220 3367 ex
1246 3300 1339 3369 Sulla
1370 3302 1550 3393 cognitum,
1589 3327 1685 3396 posse

486 3423 728 3496 conditionibus
752 3421 879 3492 bellurn
910 3421 1007 3514 poni:
1046 3421 1262 3514 quamobrem
1294 3424 1383 3516 regis
1414 3425 1464 3495 ani
1489 3428 1685 3498 sententiam

486 3548 686 3643 exquireret.
723 3544 785 3614 llle
811 3544 904 3614 laetus
930 3542 965 3613 in
991 3554 1098 3616 castra
1116 3544 1284 3637 lugurthae
1310 3547 1410 3618 venit.
1446 3549 1532 3619 Dein
1558 3550 1686 3622 abillo

486 3684 603 3747 cuncta
628 3673 763 3743 edoctus
787 3681 962 3764 properato
987 3669 1105 3741 itinere
1130 3682 1202 3763 post
1234 3671 1322 3741 diem
1353 3683 1503 3744 neutum
1531 3675 1616 3744 redit
1640 3677 1684 3746 ad

485 3797 665 3878 Bocchum,
700 3804 732 3866 et
765 3794 796 3863 ei
825 3793 1011 3864 denuntiat:
1050 3793 1263 3884 «Iugurtham
1294 3819 1415 3889 cupere
1446 3797 1569 3880 omnia,
1608 3821 1685 3889 quae

486 3921 737 4015 imperarentur,
764 3919 885 3999 lacere,
920 3916 977 3986 sed
1002 3916 1107 3988 lilerio
1132 3939 1248 4010 parum
1270 3919 1455 3989 confidere:
1482 3942 1569 4014 saepe
1586 3935 1685 3990 antea

485 4068 560 4115 curn
586 4041 839 4136 imperatoribus
864 4040 1021 4112 Romanis
1049 4062 1166 4134 pacem
1199 4053 1392 4112 conventam
1426 4044 1545 4114 frustm
1569 4043 1684 4114 luisse.

486 4169 639 4240 Ceterum
659 4163 811 4237 Bocchus
836 4164 864 4233 si
888 4162 1048 4234 ambobus
1074 4164 1258 4234 consultum
1285 4174 1317 4233 et
1340 4177 1445 4236 ratam
1470 4189 1587 4260 pacem
1611 4171 1688 4240 vel-

485 4293 541 4375 let,
567 4291 662 4362 daret
678 4311 824 4383 operam,
850 4298 887 4358 ut
912 4310 977 4358 nna
1002 4287 1044 4358 ab
1065 4288 1228 4370 omnihus,
1255 4291 1350 4381 quasi
1370 4291 1411 4360 de
1431 4313 1525 4384 pace,
1551 4291 1585 4362 in
1613 4294 1687 4363 col-

484 4417 633 4509 loquium
668 4414 849 4494 veniretur;
888 4411 1002 4506 ibique
1035 4413 1100 4482 sibi
1125 4413 1252 4484 Sullam
1283 4415 1440 4497 traderet;
1475 4439 1550 4487 cnm
1585 4419 1686 4487 talem

485 4543 592 4636 virum
628 4541 661 4610 in
694 4547 887 4635 potestatem
918 4537 1097 4623 habuisset,
1133 4551 1203 4610 tum
1229 4541 1310 4623 lora,
1352 4541 1398 4611 uti
1429 4542 1519 4612 iussn
1551 4555 1688 4615 senatus

485 4675 540 4736 aut
568 4663 681 4758 populi
718 4661 860 4733 Romani
892 4660 999 4732 loedus
1033 4661 1144 4733 lieret:
1187 4685 1296 4755 neque
1325 4663 1493 4734 hominem
1523 4667 1686 4746 nobilem,
