3526 5604
1284 675 1351 747 att

146 877 291 970 turpiter
321 877 474 970 spoliari;
513 889 607 948 scuto
639 878 783 970 pedestri
817 888 850 947 et
880 876 992 968 gladio
1022 875 1201 967 Hispanico
1230 877 1356 946 cinctus

145 1013 265 1070 contra
291 1001 424 1072 Gallum
456 1002 608 1071 constitit.
653 1005 744 1073 bletn
769 1024 896 1092 magno
927 1011 966 1072 ea
1001 999 1190 1092 congressio
1218 1002 1251 1070 in
1284 1001 1355 1093 ips'o

145 1136 248 1216 ponte
275 1135 417 1219 utroque
442 1126 589 1195 exercitu
610 1125 811 1218 inspectante
829 1127 915 1197 facta
941 1137 999 1196 cst.
1037 1128 1086 1195 lta
1111 1135 1146 1195 nt
1171 1136 1246 1194 ante
1272 1123 1353 1206 dixi,

144 1248 383 1319 constiterunt:
409 1249 524 1320 Gallus
545 1271 604 1319 sua
629 1249 803 1342 disciplina
829 1261 922 1321 scuto
947 1249 1093 1342 proiecto
1113 1249 1354 1330 cantabundus,

144 1374 295 1444 manlius
326 1374 438 1446 animo
469 1375 577 1465 magis
609 1397 708 1468 quam
739 1385 808 1445 arte
834 1373 976 1446 conlisus
1001 1386 1128 1446 scutum
1159 1383 1250 1444 scuto
1274 1395 1353 1465 per-

146 1497 249 1567 cussit
273 1507 375 1590 atque
400 1508 519 1568 stabim
545 1500 632 1570 Galli
658 1499 875 1570 conturbavit.
916 1502 1005 1570 Dum
1032 1523 1067 1570 se
1088 1500 1205 1571 Gallus
1231 1498 1352 1568 iterum

146 1621 268 1691 eodem
293 1633 390 1716 paeto
415 1623 614 1694 constituere
639 1624 757 1708 studet,
788 1624 933 1696 Manlius
962 1624 1081 1694 iterum
1107 1634 1235 1694 scutum
1260 1632 1352 1692 scuto

146 1746 291 1838 percutit
315 1758 415 1840 atque
440 1746 482 1817 de
507 1749 581 1818 loco
606 1747 777 1818 bominem
802 1749 924 1818 iterum
956 1747 1091 1828 deiecit3
1127 1770 1167 1817 eo
1199 1757 1295 1840 pacto
1320 1747 1352 1816 ei

146 1869 210 1940 snb
228 1869 394 1940 Gallicum
420 1870 570 1962 gladium
596 1871 752 1940 successit
774 1881 873 1964 atque
890 1870 1071 1964 Hispanico
1093 1882 1205 1964 pectus
1226 1870 1351 1951 haustu

146 1993 225 2064 dein
250 1995 407 2064 continno
431 1994 610 2065 bnmernm
635 1995 808 2065 dextemm
833 1995 950 2065 eodem
972 2018 1130 2066 concessu
1155 1995 1273 2066 incidit
1289 2018 1351 2065 ne-

146 2143 214 2212 qne
248 2117 385 2188 recessit
414 2139 567 2211 usquam,
606 2118 711 2188 donec
749 2119 919 2202 subvertit,
964 2144 1006 2190 ne
1041 2121 1155 2191 Gallus
1189 2119 1349 2211 impetum

147 2243 202 2313 icti
229 2243 377 2314 baberet.
426 2242 488 2314 Ubi
513 2265 591 2313 enm
617 2242 743 2326 evertit,
777 2255 875 2336 caput
904 2243 1074 2337 praecidit,
1112 2255 1265 2335 torquem
1291 2243 1350 2313 de-

146 2367 260 2447 traxit,
287 2390 429 2462 eamqne
450 2367 739 2459 sanguinulentam
764 2367 828 2437 sibi
853 2369 887 2438 in
913 2368 1036 2439 collum
1057 2369 1184 2460 inponit
1209 2364 1350 2453 [Nouius

142 2491 378 2586 ρ.228,10.]
419 2492 494 2575 Quo
520 2514 563 2561 ex
588 2491 675 2562 facto
700 2491 769 2584 ipse
795 2493 983 2586 posterique
1010 2493 1082 2563 eius
1103 2492 1259 2587 Torquati
1274 2501 1350 2561 sunt

145 2615 385 2710 cognominati.
437 2616 558 2686 Gellius
583 2615 618 2697 9,
652 2613 708 2687 13.
817 2617 851 2687 5.
885 2615 984 2704 Aras]
1017 2618 1108 2710 quod
1137 2616 1184 2686 ibi
1212 2616 1285 2687 Alai
1317 2625 1349 2684 et

145 2739 289 2810 Romani
314 2739 429 2810 loedns
455 2739 601 2809 inierunt
627 2751 659 2809 et
684 2739 767 2808 fines
792 2739 924 2833 imperii
957 2741 1008 2810 sui
1038 2741 1107 2811 illie
1136 2762 1207 2809 esse
1232 2740 1349 2810 volne-

145 2873 222 2934 rnnt
249 2914 316 2933 ...
343 2861 502 2933 Claudius
528 2862 769 2955 Quadrigarius
790 2868 805 2935 1
825 2865 1011 2935 annalium:
1037 2863 1124 2957 apud
1151 2886 1237 2945 aras,
1262 2886 1348 2956 quae

143 2986 348 3058 vocabantur
359 2987 555 3080 Neptuniae.
582 2988 768 3060 Seroiasod
792 2987 1026 3081 Vocant,
1048 2987 1128 3060 112.
1230 2989 1263 3059 t.
1292 2980 1347 3076 [Q.

145 3111 305 3182 Glaudins
330 3111 439 3203 primo
458 3105 583 3202 annali]
618 3115 680 3196 Ea,
707 3114 826 3208 inquit,
853 3114 933 3185 dnm
956 3112 1050 3196 linnt,
1077 3113 1188 3185 Latini
1205 3111 1348 3183 subnixo

144 3235 256 3306 animo
282 3258 325 3304 ex
350 3236 487 3307 victoria
512 3236 609 3307 inerti
635 3239 809 3308 consilinm
841 3239 966 3308 ineunt.
1018 3239 1140 3308 Gellius
1165 3234 1222 3319 17,
1249 3235 1283 3318 2,
1311 3233 1346 3306 4.

144 3360 268 3430 Nouius
285 3385 320 3454 p.
346 3358 431 3444 405,
456 3359 518 3432 28.
622 3364 656 3431 7.
683 3362 886 3435 Collaudatis
912 3362 1081 3432 Fundanis
1114 3360 1229 3431 consul
1260 3361 1348 3430 litte-

144 3485 259 3578 risque
285 3484 426 3555 Romam
451 3485 571 3568 missis,
597 3486 630 3555 in
651 3485 762 3556 officio
782 3486 961 3557 Fundanos
986 3509 1068 3569 esse,
1094 3486 1135 3556 ad
1154 3485 1347 3555 Privernum

145 3607 238 3678 llexit
262 3608 338 3678 iter.
380 3608 477 3679 Prius
498 3609 765 3681 animadversum
792 3612 826 3681 in
852 3635 907 3682 eos
935 3611 992 3705 qui
1018 3611 1128 3703 capita
1146 3609 1348 3680 coniuratio-

144 3735 195 3804 nis
220 3735 397 3806 lucrante
423 3735 557 3804 consule
583 3735 698 3805 scribit
722 3735 891 3819 Claudius,
923 3735 965 3805 ad
992 3745 1153 3806 trecentos
1179 3733 1347 3827 qninqua-

143 3859 238 3950 ginta
264 3883 307 3929 ex
326 3859 505 3929 coniuratis
530 3858 657 3929 vinctos
674 3861 814 3930 Romam
833 3861 959 3942 missos,
986 3883 1127 3951 eamque
1143 3858 1345 3928 deditionem

141 3983 184 4055 ab
203 3994 322 4054 senatu
344 4006 409 4053 non
426 3993 608 4076 acceptam,
635 3984 723 4077 quod
744 3985 914 4075 egentium
931 3995 1029 4078 atque
1046 3983 1222 4054 humilium
1238 4004 1346 4076 poena

143 4107 285 4198 delungi
310 4107 397 4178 velle
422 4106 620 4177 Fundanum
645 4109 805 4203 populum
836 4108 1036 4178 censuerint.
1080 4109 1191 4177 binius
1215 4105 1250 4189 8,
1289 4105 1344 4185 19,

141 4233 187 4307 13
215 4257 263 4326 sq.
365 4233 398 4305 8.
430 4233 472 4316 Q.
499 4233 658 4304 Claudius
684 4232 719 4302 in
744 4233 853 4325 primo
878 4234 1048 4304 annalium
1077 4259 1170 4301 ...:
1207 4221 1346 4325 pensua-

137 4358 231 4429 denti
258 4358 390 4429 cuidam
416 4356 618 4428 adolescenti
635 4360 782 4440 Lucano,
808 4359 865 4452 qni
891 4359 1040 4451 apprime
1065 4379 1195 4427 summo
1221 4377 1344 4448 genere

138 4494 259 4576 gnatus
285 4493 366 4564 erat,
399 4481 457 4551 sed
484 4482 617 4552 luxuria
644 4493 676 4550 ct
701 4481 850 4575 nequitia
879 4483 1055 4574 pecuniam
1081 4502 1237 4570 magnam
1264 4502 1345 4548 con-

138 4617 337 4700 sumpserat.
385 4607 505 4676 Gellius
527 4605 561 4688 7,
582 4605 638 4687 11,
662 4605 695 4674 7.
737 4606 893 4677 Claudius
915 4605 1156 4697 Quadrigarius
1182 4605 1216 4673 in
1238 4603 1344 4696 primo

118 4731 271 4802 ¹annaali:
310 4753 351 4800 ea
376 4732 503 4802 Lucani
534 4731 591 4801 nbi
623 4731 859 4810 resciverunt,·
880 4729 942 4800 sibi
975 4753 1035 4822 per
1068 4729 1214 4800 fallacias
1245 4727 1344 4798 verba
