3702 5600
1378 593 1449 662 547

247 785 391 846 Accessit
410 787 500 872 tertia
527 785 664 861 quadam
686 803 767 860 cura,
795 787 910 846 eedem
936 787 997 848 illae
1020 789 1160 865 reliquiae
1186 789 1226 848 ad
1250 791 1449 868 apographon

247 894 364 952 codicis
385 893 525 952 Vaticani
553 893 642 970 primi
671 893 834 970 diligenter
860 909 1031 971 expressam
1067 894 1197 970 denique
1223 895 1342 971 integra
1363 895 1449 958 Cati-

247 998 316 1057 linae
344 997 497 1074 lugortltae
524 1003 556 1057 et
580 1000 753 1058 orationum
777 999 1040 1077 epistolarumque
1067 1017 1106 1058 ex
1132 998 1334 1061 Historiarum
1360 1002 1449 1063 libris

248 1103 338 1164 simol
355 1121 420 1162 cum
437 1103 559 1163 Pseudo
583 1137 610 1146 -
631 1103 758 1164 Salustii
773 1105 917 1182 epistolis
936 1105 978 1165 ad
992 1104 1144 1168 Caesarem
1160 1123 1265 1165 senem
1280 1106 1384 1167 editio.
1402 1107 1449 1168 Ex

248 1211 358 1286 quibus
381 1209 503 1285 quidem
525 1211 608 1269 curis
633 1227 771 1287 magnum
798 1229 847 1271 me
875 1212 1018 1270 utilitatis
1045 1211 1175 1272 fructum
1200 1213 1379 1290 percepisse
1399 1216 1448 1274 in-

246 1333 344 1393 genue
365 1317 522 1392 profiteor.
558 1315 627 1376 Non
644 1317 734 1377 modo
750 1319 829 1377 enim
850 1335 916 1378 mea
932 1317 1059 1377 collatio
1079 1317 1195 1378 codicis
1209 1317 1351 1378 Vaticani
1370 1337 1449 1380 noo-

247 1423 339 1482 nullis
367 1424 446 1484 locis
474 1430 562 1484 aucta
592 1430 624 1484 et
648 1425 808 1485 emendata
835 1428 892 1501 est,
925 1425 982 1486 sed
1006 1425 1101 1485 multa
1122 1427 1224 1500 ctiam,
1256 1442 1324 1503 qua
1349 1427 1450 1487 adimo

246 1530 389 1607 dispersa
411 1535 443 1589 et
463 1530 604 1608 neglecta
623 1532 773 1608 iacebant,
794 1531 834 1590 ab
854 1531 909 1592 illo
928 1531 1061 1591 collecta
1075 1537 1108 1592 ct
1122 1549 1140 1592 e
1153 1533 1292 1592 tenebris
1307 1534 1336 1593 in
1352 1535 1449 1593 lucem

248 1641 404 1714 protracta
420 1643 495 1698 sunt.
534 1639 597 1698 Sed
611 1639 691 1699 idern
704 1639 736 1698 in
758 1640 903 1714 editione,
925 1657 1013 1715 quam
1035 1640 1209 1701 scholarum
1231 1641 1261 1702 in
1281 1657 1369 1700 usum
1390 1657 1449 1718 pa·

246 1747 382 1821 caverat,
404 1746 496 1806 molta
520 1746 649 1823 puerilia
671 1749 703 1804 et
724 1746 826 1805 aliena
846 1747 1018 1820 immiscuit,
1048 1749 1080 1805 et
1101 1747 1183 1822 quod
1205 1748 1271 1807 eius
1293 1749 1361 1806 erat
1381 1753 1449 1806 stu·

247 1851 327 1910 dium
357 1853 458 1910 omnia
492 1853 701 1929 conquirendi,
738 1868 797 1912 non
826 1852 924 1912 solum
946 1854 1115 1912 ‘veritatem
1144 1855 1233 1913 novis
1263 1852 1450 1931 argumentis

247 1955 367 2016 firmare
400 1958 572 2018 sedetiam
601 1959 731 2017 omnium
760 1975 898 2018 errorum
925 1958 1030 2019 fontes
1056 1959 1214 2035 inquirere
1243 1965 1371 2021 conatus
1393 1965 1450 2020 est.

247 2061 347 2130 Quare
369 2068 482 2123 tautam
504 2063 587 2122 illam
614 2062 799 2140 farraginem
822 2069 855 2124 ut
874 2069 1017 2142 repetere
1039 2064 1174 2142 putidum
1194 2072 1252 2142 est,
1273 2065 1317 2125 ita
1338 2064 1378 2124 ad
1398 2064 1449 2140 ip-

246 2169 312 2229 sius
334 2170 496 2246 scriptoris
518 2170 688 2230 orationem
702 2171 949 2248 perpurgaodam
963 2170 1039 2230 nihil
1053 2171 1157 2230 lacere
1179 2172 1331 2230 existimo.
1355 2170 1449 2230 Post

245 2290 333 2349 quam
363 2276 443 2335 euim
462 2278 601 2350 genuinae
630 2275 773 2336 lectionis
800 2275 902 2334 sontes
929 2276 1029 2352 aperti
1053 2278 1132 2350 sunt,
1164 2275 1207 2335 uil
1234 2278 1343 2337 attinet
1364 2293 1449 2336 com-

246 2397 424 2458 memorare,
440 2384 582 2458 quotiens
596 2382 734 2441 editores
753 2381 803 2440 via
818 2375 1082 2453 aberraverint.*)
1105 2380 1252 2440 Omnibus
1267 2382 1361 2458 igitur
1382 2399 1449 2458 quae

245 2505 351 2547 amco
373 2486 504 2546 consilio
526 2487 694 2546 abhorrent
714 2486 847 2562 omissis,
876 2503 915 2546 ex
938 2485 1046 2545 Orellii
1068 2486 1167 2562 copiis
1189 2502 1295 2564 pauca,
1323 2503 1389 2561 quae
1409 2487 1449 2545 ad

244 2613 310 2655 rem
331 2595 455 2671 iaciunt,
482 2613 644 2672 excerpam
675 2601 706 2655 et
727 2601 868 2670 quantum
896 2594 964 2654 lieri
985 2597 1091 2671 potest
1110 2597 1266 2670 receptam
1286 2592 1449 2652 lectionem

245 2703 431 2780 argumentis
446 2708 478 2762 et
493 2703 663 2762 rationibus
684 2700 883 2776 confirmabo,
903 2703 936 2760 ut
955 2716 1014 2760 aon
1033 2701 1132 2760 solum
1147 2699 1344 2776 intelligatur,
1363 2700 1449 2758 cuius

245 2809 361 2868 codicis
383 2809 568 2867 auctoritate
596 2811 626 2866 et
648 2807 758 2881 quibus
784 2809 968 2882 scriptorum
994 2804 1179 2865 testimoniis
1208 2805 1327 2882 singula
1353 2806 1449 2864 verba

245 2916 467 2990 confirmentur,
490 2914 653 2975 sedetiam
671 2915 702 2972 iu
724 2918 832 2990 aperto
855 2913 904 2986 sit,
927 2913 1037 2988 quibus
1054 2912 1225 2972 rationibus
1246 2913 1354 2972 ductus
1375 2929 1447 2972 cer-

245 3027 306 3082 tam
327 3023 477 3096 quandam
498 3022 648 3080 sermonis
670 3021 800 3080 sormam
822 3019 1038 3096 expresserim.

325 3129 489 3187 Plurimum
510 3129 704 3187 auctoritatis
724 3128 791 3186 sine
812 3127 905 3185 dubio
927 3129 976 3186 est
992 3123 1142 3186 Vaticano
1164 3126 1276 3203 primo;
1299 3125 1338 3184 ad
1361 3143 1449 3202 quem

243 3235 383 3311 proxime
404 3235 533 3311 accedit,
566 3251 655 3309 quem
682 3233 816 3292 Orellius
842 3232 1022 3292 Vaticanum
1056 3233 1179 3292 tertium
1205 3233 1388 3310 appellavit;
1420 3234 1449 3292 in

244 3341 397 3400 nonnullis
418 3341 501 3400 locis
518 3341 667 3400 Vaticano
694 3340 828 3400 secundo
854 3340 933 3398 fides
955 3337 1110 3415 habenda;
1139 3339 1178 3397 de
1201 3356 1327 3414 quorum
1347 3340 1449 3400 libro-

261 3593 283 3658 ')
305 3593 354 3642 clr.
375 3595 401 3652 1)
419 3591 448 3642 C.
469 3593 555 3656 Crispi
572 3592 670 3643 salusti
688 3591 828 3642 Orationes
852 3597 880 3642 et
905 3591 1031 3654 Epistola
1050 3604 1085 3641 ox
1103 3590 1281 3641 ilistoriarum
1299 3590 1376 3643 libris
1402 3593 1448 3643 dc·

312 3689 424 3755 perditis
448 3690 481 3740 ed
507 3689 588 3740 iidem
607 3689 735 3739 Codicum
756 3689 947 3738 vaticanorum
969 3689 1106 3738 recensuit
1131 3693 1213 3751 atque
1239 3689 1267 3736 in
1296 3686 1449 3736 scholarum

311 3799 391 3836 usum
410 3787 494 3836 edidit
510 3789 549 3836 lo.
562 3785 642 3850 Casp.
655 3784 780 3844 Orellius‚
801 3785 891 3835 'l'urici
910 3783 1127 3834 MOCCCXXXl.
1147 3783 1189 3832 8⁰.
1216 3785 1243 3842 2)
1264 3782 1379 3833 ilistoria
1393 3781 1450 3831 Cri-

312 3881 364 3930 tica
379 3881 541 3946 Eclogarum
560 3895 592 3931 ex
611 3879 719 3931 Salustii
738 3880 917 3929 ilistoriarum
935 3879 1017 3929 liltris.
1044 3878 1155 3941 Scripsit
1172 3879 1212 3927 lo.
1225 3876 1305 3940 Casp.
1322 3874 1448 3928 Orellios.

311 3975 402 4024 Torici
416 3972 662 4024 MOCCCllllell.
688 3974 716 4031 3)
734 3972 763 4023 C.
783 3972 867 4035 Crispi
888 3973 986 4022 salusti
1006 3973 1147 4021 Orationes
1167 3977 1194 4019 et
1211 3970 1337 4032 Epistola
1356 3983 1387 4020 ex
1405 3970 1450 4020 de·

312 4069 422 4131 perditis
440 4070 620 4130 ilistoriarum
644 4069 719 4117 libris
743 4081 876 4130 expressa
909 4081 941 4116 ex
965 4066 1063 4116 Codice
1087 4065 1216 4114 Vaticano
1239 4063 1334 4113 llllll.
1354 4063 1448 4113 DCCC.

312 4163 405 4212 LXlV.
435 4162 530 4225 Lipsiae
549 4161 626 4210 1⁸³5.
645 4159 686 4210 8⁰.
712 4160 755 4224 qui
774 4161 881 4224 quidem
900 4161 1007 4210 libellus
1031 4158 1142 4209 iurtctira
1161 4158 1247 4208 editus
1265 4161 1385 4206 calcum
1419 4157 1449 4207 C.

317 4256 395 4307 Vellei
413 4255 547 4304 Paterculi
565 4267 624 4317 pou
644 4259 783 4316 supersunt
800 4267 834 4303 aa
849 4253 980 4304 Historia
997 4256 1123 4305 llomonoe
1141 4251 1218 4301 libris
1234 4251 1343 4300 duobus.
1371 4247 1399 4312 lt)
1417 4246 1447 4299 C.

312 4349 411 4399 Selusli
428 4345 514 4411 Crispi
532 4347 644 4398 Catilina
671 4352 697 4396 cl
718 4346 848 4410 iugurtha
866 4345 1008 4396 Orationes
1027 4351 1054 4396 cl
1073 4343 1197 4408 Epistola
1215 4355 1250 4392 cx
1270 4341 1449 4392 ilistoriarum

313 4443 390 4493 libris
402 4443 547 4506 deperditis
564 4456 625 4492 cum
641 4443 744 4505 integra
762 4442 891 4491 varietate
909 4441 1069 4498 Victoriana,
1089 4437 1276 4496 Gerlachiaoo,
1297 4437 1448 4496 liritaiaua;

311 4541 470 4604 recognovit
489 4541 528 4590 lo.
549 4538 629 4603 Casp.
648 4537 777 4599 Orellius,
795 4537 889 4587 addite
907 4542 968 4586 sunt
986 4535 1023 4586 tl.
1042 4535 1126 4584 Tullii
1145 4533 1282 4582 Ciceronis
1293 4531 1449 4581 Catilinaria

311 4639 339 4682 el
358 4635 488 4697 Epitomss
505 4632 537 4682 T.
557 4632 623 4682 Livii
641 4633 773 4681 librorum
790 4629 867 4680 CCX.
885 4630 975 4679 Turici
996 4627 1122 4680 llOCCC.
1142 4626 1197 4676 xl..
1216 4626 1258 4675 8⁰.

1205 4718 1266 4782 35⁸³
