3610 5592
1352 667 1375 733 9

170 867 342 936 minuitur.
395 865 461 935 Sed
487 876 658 958 postquam
684 869 722 936 L.
750 865 856 946 Sulla,
883 865 984 934 armis
1009 875 1140 958 recepta
1166 865 1376 958 republica,

170 989 265 1058 bonis
298 989 402 1058 initiis
435 989 540 1058 malos
571 997 713 1059 eventus
740 988 873 1068 babuit,
906 1012 1026 1081 rapere
1063 1011 1195 1072 omnes,
1231 989 1374 1072 trabere,

169 1113 306 1183 domum
337 1113 436 1193 alius,
462 1113 547 1184 alius
574 1133 672 1204 agros
688 1135 824 1205 cupere,
848 1097 957 1205 neque
974 1112 1110 1183 modum
1133 1136 1241 1206 neque
1257 1113 1376 1184 mode·

170 1235 265 1304 stiam
281 1235 423 1306 victores
445 1235 579 1316 babere,
598 1236 686 1307 foeda
701 1237 916 1330 crudeliaque
937 1238 971 1307 in
992 1236 1072 1308 civis
1090 1237 1235 1308 facinora
1252 1238 1373 1308 lacero.

171 1361 246 1428 Huc
271 1360 469 1439 accedebat,
495 1360 584 1454 quod
610 1364 649 1431 L.
668 1361 760 1431 Sulla
776 1361 975 1442 exercitum,
1001 1384 1102 1453 quem
1127 1361 1161 1430 in
1186 1362 1266 1433 Asia
1291 1361 1376 1432 duc-

170 1493 312 1565 taverat,
339 1509 406 1577 qno
422 1484 485 1554 sibi
508 1485 613 1555 bdum
629 1486 769 1568 iaceret,
795 1497 908 1558 oonua
933 1509 1061 1556 morem
1086 1486 1249 1557 maiorum
1275 1487 1376 1556 luxu-

170 1608 257 1677 riose
292 1607 457 1702 nimisque
482 1609 663 1680 liberaliter
688 1608 863 1691 babuerat;
897 1612 971 1682 loca
1008 1632 1161 1692 mona,
1189 1609 1375 1703 voluptaria

171 1732 270 1802 facile
296 1732 331 1800 in
357 1733 423 1802 otio
448 1733 574 1802 seroces
591 1733 732 1803 militum
751 1734 877 1804 animos
894 1734 1114 1805 molliverant.
1153 1734 1203 1804 lbi
1229 1733 1374 1828 primum
1451 1809 1454 1837 Ι

171 1855 314 1926 insuevit
330 1856 493 1927 exercitus
509 1857 626 1950 populi
641 1858 783 1928 Romani
800 1881 930 1941 amare,
956 1868 1086 1950 potare,
1107 1858 1218 1949 signa,
1245 1857 1374 1928 tabulas

169 1981 289 2071 pietas,
323 2001 400 2050 vasa
433 1982 548 2051 coelata
579 1981 710 2062 mirari,
744 2005 784 2052 ea
817 1983 970 2076 privatim
1004 2005 1042 2052 ac
1076 1983 1208 2076 publice
1242 2003 1374 2074 rapere,

169 2104 311 2175 delubra
337 2105 493 2198 spoliare,
520 2127 614 2176 sacra
639 2107 844 2199 profanaque
869 2107 982 2177 omnia
1006 2105 1167 2199 polluere.
1210 2107 1314 2198 Igitur
1338 2105 1374 2176 bi

170 2228 309 2308 milites,
345 2239 516 2322 postquam
542 2229 712 2301 victoriam
746 2230 856 2323 adepti
881 2241 973 2311 sunt,
1008 2230 1093 2300 nibil
1127 2231 1250 2323 reliqui
1281 2229 1375 2302 victis

170 2354 293 2422 iecere.
345 2351 476 2445 Quippe
501 2351 652 2423 secundae
682 2376 736 2424 res
766 2353 963 2449 sapientium
989 2354 1117 2425 animos
1143 2356 1299 2448 fatigantz
1331 2375 1376 2424 ne

171 2476 222 2546 illi
247 2478 410 2566 corruptis
433 2477 581 2548 moribus
605 2477 750 2549 victoriae
783 2490 1016 2572 temperarent.

245 2625 306 2672 xn.
358 2604 534 2696 Postquam
560 2601 683 2673 divitis
708 2603 827 2674 honori
852 2625 923 2673 esse
955 2625 1084 2696 coepere
1110 2613 1143 2673 ct
1174 2625 1230 2673 eas
1255 2603 1376 2694 glorias

170 2727 371 2818 imperinm,
405 2727 549 2819 potentia
581 2727 795 2819 sequebatur,
830 2727 1008 2799 hebescere
1044 2729 1162 2809 virtus,
1197 2736 1377 2821 paupertas

169 2851 293 2944 probro
319 2849 451 2932 baberi,
478 2850 667 2922 innocentia
692 2874 752 2944 pro
769 2853 994 2923 malivolentia
1018 2851 1095 2922 duci
1119 2853 1228 2945 coepit.
1271 2852 1376 2942 lgitur

170 2999 213 3044 ex
238 2975 362 3045 divitiis
387 2975 589 3046 iuventutem
614 2977 745 3046 luxuria
770 2986 868 3068 atque
889 2976 1025 3054 avaritia
1043 2999 1118 3046 cnm
1138 2975 1296 3069 superbia
1322 2975 1375 3044 in-

169 3122 302 3178 vasere;
330 3121 465 3191 rapere,
492 3121 704 3182 consumere,
732 3123 791 3171 sua
804 3101 897 3193 parvi
914 3100 1079 3192 pendere,
1106 3099 1215 3170 aliena
1240 3121 1374 3192 cupere,

171 3224 353 3316 pudorem,
379 3224 590 3317 pudicitiam,
625 3225 736 3295 divina
761 3235 861 3318 ntqm
885 3224 1031 3296 bumana
1056 3225 1264 3318 promiscua,
1290 3221 1375 3292 nibil

171 3349 263 3442 pensi
300 3371 408 3441 neque
454 3349 615 3419 moderati
653 3349 787 3420 babere.
845 3350 964 3443 Operae
1007 3349 1148 3442 pretium
1186 3359 1249 3430 est,
1296 3368 1372 3416 cum

171 3472 285 3544 domos
299 3485 399 3564 atque
425 3472 519 3543 villas
544 3475 740 3566 cognoveris
765 3475 798 3542 in
822 3472 955 3544 urbium
981 3473 1116 3542 modum
1146 3471 1375 3549 exaedificatas,

170 3599 277 3668 visere
324 3597 447 3691 templa
483 3597 641 3676 deornm,
686 3621 760 3691 quae
797 3599 898 3668 nostri
923 3598 1085 3676 maiores,
1124 3593 1374 3686 religiosissumi

174 3724 350 3801 mortales,
375 3721 495 3792 iecere.
547 3723 671 3792 Verum
697 3721 746 3790 illi
772 3721 910 3792 delubra
931 3721 1069 3792 deorum
1096 3721 1234 3814 pietate,
1261 3718 1375 3789 domos

171 3869 247 3916 snas
271 3845 381 3937 gloria
406 3845 622 3924 decorabant,
649 3868 757 3937 neque
783 3847 876 3916 victis
901 3845 1078 3940 quicquam
1104 3855 1223 3938 praeter
1246 3843 1376 3913 iniuriae

173 3971 340 4040 licentiam
381 3969 574 4063 eripiebant.
627 3972 670 4039 at
710 3971 746 4040 bi
785 3981 919 4049 conca,
960 3967 1175 4061 ignavissumi
1214 3966 1375 4046 homines,

173 4119 230 4187 per
254 4117 424 4164 summum
448 4095 555 4164 scelus
581 4094 692 4162 omnia
719 4117 759 4164 ea
784 4096 881 4165 sociis
904 4093 1071 4176 adimere,
1097 4115 1171 4186 quae
1198 4089 1376 4161 fortissumi

173 4219 234 4288 viri
265 4219 407 4289 victores
435 4218 655 4312 reliquerant:
690 4220 829 4312 proinde
863 4220 957 4312 quasi
991 4218 1146 4288 iniuriam
1178 4217 1307 4296 lacere,
1342 4212 1375 4282 id

175 4342 306 4413 demum
332 4355 418 4412 esset
442 4342 582 4436 imperio
607 4342 665 4412 uti.

245 4491 318 4538 xm.
369 4471 455 4539 Nam
481 4467 561 4560 qnid
587 4489 625 4536 ea
652 4487 950 4558 memoremque
977 4465 1039 4534 nisi
1065 4462 1143 4544 bis,
1168 4463 1226 4555 qni
1251 4461 1375 4540 videre,

176 4593 298 4662 nemini
313 4592 483 4664 credibilia
499 4603 590 4673 sunt,
618 4616 636 4661 a
652 4590 786 4685 privatis
806 4588 1030 4682 compluribus
1043 4588 1217 4658 subversos
1235 4595 1375 4662 montes,

177 4717 277 4787 maria
304 4727 487 4788 constructa
524 4739 605 4787 esse.
658 4715 787 4799 Quibus
813 4714 894 4783 mibi
927 4713 1079 4783 videntur
1105 4711 1248 4782 ludibrio
1274 4710 1373 4780 inisse
