3554 5600
418 622 491 692 244

417 821 452 890 16
469 819 689 890 conventione
714 841 781 888 non
805 818 1040 911 praestitissent.
1086 820 1145 889 25.
1172 818 1235 890 oui
1255 820 1321 889 nisi
1343 819 1468 911 pariter
1493 819 1620 890 obviarn

416 945 530 1016 iretur.
573 945 632 1014 26.
659 945 752 1014 blora
770 942 932 1036 equestris
950 943 1057 1035 praelii
1081 942 1220 1035 sumptis
1239 942 1342 1035 tergis
1358 955 1458 1036 atque
1476 943 1621 1015 redditis.

416 1071 476 1138 27.
502 1066 657 1159 Regressi
675 1067 716 1138 ad
736 1065 902 1136 faciliores
920 1066 1003 1136 ictus
1023 1067 1095 1136 loco
1112 1066 1284 1136 cedebant.
1325 1067 1383 1138 28.
1410 1070 1510 1160 liquo
1527 1080 1622 1161 atque

416 1191 517 1262 armis
529 1191 726 1284 insignibus.
765 1190 824 1260 29.
843 1191 942 1283 Apud
957 1191 1059 1260 latera
1073 1203 1180 1261 certos
1192 1192 1422 1262 collocaverat.
1456 1191 1518 1262 30.
1543 1193 1622 1263 Cum

416 1317 554 1387 inferior
578 1315 668 1385 omni
695 1315 748 1386 via
773 1327 992 1408 grassaretur.
1036 1314 1095 1384 31.
1130 1315 1181 1386 Ad
1206 1316 1293 1386 lovis
1319 1316 1476 1387 mandem
1503 1328 1622 1386 nostra

417 1439 476 1510 32.
506 1441 664 1510 Graviore
690 1439 791 1522 bello,
826 1439 885 1533 qui
911 1439 1111 1531 prohibituri
1137 1451 1307 1521 venerant,
1340 1439 1447 1509 socios
1481 1441 1622 1532 fregere.

417 1564 476 1634 33.
503 1567 545 1635 Ε1
561 1586 696 1662 aquope
715 1575 747 1632 et
770 1574 868 1632 terra.
912 1563 971 1632 34.
999 1565 1069 1634 Ν66
1090 1563 1163 1656 quis
1189 1563 1286 1633 miles
1312 1587 1396 1633 neve
1420 1587 1483 1657 pro
1509 1564 1623 1634 milite.

417 1688 476 1758 35.
502 1685 618 1778 Tergis
635 1685 836 1756 vinciebant.
880 1685 939 1757 36.
966 1685 1076 1769 Quem
1105 1698 1194 1756 trans
1220 1698 1373 1777 stagnum
1394 1686 1504 1756 omnis
1522 1709 1623 1780 usqne

416 1813 459 1884 ad
485 1813 620 1884 flumen.
677 1811 736 1881 37.
774 1812 885 1903 Atque
912 1812 981 1904 ipse
1007 1812 1114 1883 cultus
1140 1813 1201 1881 rei.
1258 1810 1317 1881 38.
1349 1813 1456 1881 Simul
1482 1809 1624 1880 inmanis

416 1939 590 2009 bominum
606 1939 656 2007 vis
678 1937 789 2008 multis
807 1962 826 2006 e
846 1938 928 2007 locis
946 1938 1097 2008 invasere
1119 1950 1266 2032 patentes
1284 1951 1354 2009 tum
1371 1950 1402 2008 et
1419 1940 1512 2032 pacis
1529 1939 1625 2008 modo

417 2065 547 2135 effusas.
600 2063 659 2135 39.
694 2065 810 2134 Genua
837 2076 969 2156 patrum
996 2064 1227 2135 advolvuntur.
1275 2065 1334 2136 46.
1361 2064 1445 2147 Quae
1480 2063 1624 2155 magalia

417 2199 493 2259 sunt
520 2187 733 2257 circumiecta
764 2186 899 2268 civitati,
936 2187 1127 2258 suburbana
1156 2188 1308 2259 aedilicia.
1355 2189 1414 2258 41.
1441 2187 1526 2259 Cum
1552 2211 1626 2256 mn·

416 2337 492 2384 rum
518 2311 659 2382 bostium
685 2311 905 2396 successisset,
932 2335 1048 2404 pinnas
1075 2312 1221 2383 dederat.
1272 2315 1332 2384 42.
1358 2314 1421 2384 Sed
1445 2313 1547 2382 modo
1574 2312 1626 2380 in-

417 2440 544 2533 ceptiva
562 2438 723 2531 particula
744 2449 803 2518 est,
832 2449 866 2508 61
880 2437 915 2507 16
933 2437 1076 2509 86166116
1093 2439 1223 2532 saepius.
1254 2439 1313 2509 43.
1331 2440 1446 2510 Sedeas
1463 2437 1625 2507 festinate.

418 2563 477 2634 44.
504 2562 602 2634 Cultu
624 2564 773 2657 corporis
798 2576 913 2636 ornata
934 2565 1082 2656 egregio.
1123 2565 1185 2634 45.
1212 2564 1270 2635 Sin
1291 2567 1339 2636 vis
1364 2565 1511 2648 obsistat,
1538 2565 1626 2634 ferro

418 2709 518 2782 qnam
532 2687 619 2756 lame
637 2687 765 2780 aequius
786 2687 961 2779 perituros.
994 2687 1054 2759 46.
1082 2687 1238 2758 Consedit
1252 2688 1287 2758 in
1299 2688 1386 2759 valle
1403 2687 1549 2780 virgulta
1566 2711 1627 2756 ne-

418 2833 627 2904 morosaque.
668 2810 727 2880 47.
754 2811 931 2882 Paululum
948 2811 1105 2904 requietis
1124 2811 1293 2882 militibus.
1333 2812 1392 2881 48.
1419 2811 1627 2883 vitabundus

420 2959 480 3028 per
514 2937 586 3007 1666
622 2936 765 3008 66116666
795 2937 981 3008 recedebat.
1034 2939 1093 3008 49.
1130 2937 1290 3008 Radicem
1324 2937 1444 3007 montis
1475 2937 1627 3006 excessit.

420 3132 468 3191 25.
490 3130 570 3190 idem
593 3135 620 3190 1.
649 3133 676 3190 2.
700 3135 746 3192 13.
796 3133 844 3192 26.
865 3131 953 3192 Serv.
979 3134 1117 3193 661166.
1140 3137 1186 3192 11.
1209 3135 1277 3194 619.
1329 3135 1377 3193 27.
1400 3134 1482 3192 idem
1508 3135 1536 3192 9.
1558 3135 1628 3193 749.

420 3232 469 3290 28.
492 3230 574 3290 idem
597 3233 643 3289 111.
665 3233 733 3290 539.
775 3233 823 3292 29.
846 3231 927 3291 idem
951 3237 976 3292 t.
998 3234 1064 3293 576.
1107 3235 1156 3293 36.
1178 3233 1312 3292 Maorob.
1334 3231 1492 3293 66611166.
1513 3243 1628 3292 61666

421 3327 472 3388 Gr.
495 3327 614 3389 61161
636 3329 725 3388 verbi
746 3347 774 3406 p.
796 3331 864 3390 332.
885 3329 932 3391 Ed
958 3330 1025 3408 Blp.
1067 3333 1115 3392 31.
1137 3331 1214 3392 Dan.
1233 3332 1291 3392 Ad
1307 3335 1334 3392 4.
1350 3334 1378 3394 2.
1391 3334 1439 3392 43.
1482 3333 1530 3392 32.
1552 3331 1629 3392 1166.

421 3427 461 3486 66
484 3425 595 3504 llecyr.
618 3431 646 3486 5.
672 3430 696 3485 1.
718 3427 766 3486 32.
789 3429 932 3488 Graviore
949 3429 1032 3504 dello,
1054 3433 1103 3507 qai
1118 3430 1293 3506 prohibituri
1310 3438 1448 3490 66666661
1465 3433 1546 3504 66611,
1566 3431 1630 3508 [11-

420 3541 491 3601 pere
511 3525 588 3586 1166.
609 3529 706 3586 666166
717 3527 839 3603 fregere
851 3545 891 3587 ox
905 3529 983 3608 conj.
1026 3531 1074 3588 33.
1096 3529 1176 3588 idem
1190 3529 1311 3589 l’borm.
1325 3533 1353 3590 2.
1370 3536 1395 3589 1.
1408 3532 1455 3590 13.
1476 3531 1550 3589 Naar
1561 3533 1630 3608 qei-

422 3625 484 3684 dem
506 3643 525 3684 6
546 3625 659 3700 Pyrrbo
681 3626 840 3685 Hannibale
859 3634 887 3686 61
900 3645 1017 3705 equore
1041 3633 1069 3686 et
1094 3635 1174 3687 terra
1195 3628 1272 3689 Dan.
1295 3629 1382 3690 locus
1404 3632 1568 3706 corruptus
1590 3646 1631 3688 ex

423 3723 566 3784 oratioue
586 3720 711 3799 Lepidi;
736 3723 792 3782 sod
813 3725 910 3784 verba
931 3731 959 3784 et
979 3742 1097 3803 oeqrrora
1116 3733 1145 3785 et
1165 3733 1246 3785 terra
1266 3727 1310 3786 ibi
1330 3744 1390 3786 nou
1410 3727 1563 3803 leguntur,
1587 3727 1631 3784 116

422 3823 455 3880 61
475 3819 542 3880 baec
563 3836 622 3897 pro
644 3819 793 3896 peculiari
815 3821 988 3900 fragmento
1010 3823 1120 3882 baberi
1140 3824 1275 3902 possint;
1301 3824 1423 3884 66111661
1442 3823 1511 3884 baec
1531 3825 1630 3884 verba

422 3918 545 3979 laudata
567 3924 644 3994 6661,
667 3922 752 3978 6161
773 3907 931 3982 ἀσύνδετα
953 3925 985 3981 61
1009 3923 1168 3982 coniuncta
1188 3922 1339 3983 orationis
1362 3923 1498 3982 membra
1519 3940 1631 3982 exem-

422 4016 483 4093 plis
500 4016 702 4076 illustrentur.
738 4020 786 4076 34.
802 4017 889 4078 Serv.
904 4019 943 4078 ad
954 4019 1030 4080 Aoo.
1046 4022 1073 4079 2.
1090 4023 1156 4080 157.
1192 4020 1454 4080 santamente.
1490 4022 1538 4080 36.
1549 4021 1630 4081 Pbi-

422 4115 498 4190 larg.
521 4113 554 4173 G.
573 4115 600 4172 4.
617 4116 685 4174 293.
729 4117 775 4173 37.
792 4115 864 4175 lior.
887 4115 949 4176 Sat.
971 4120 998 4177 2.
1014 4121 1042 4178 2.
1064 4119 1166 4182 schot.
1184 4117 1274 4193 Cruq.
1317 4119 1364 4177 38.
1386 4117 1473 4177 Serv.
1494 4118 1536 4178 ad
1552 4120 1631 4179 Aen.

424 4218 450 4273 1.
473 4217 541 4276 299.
583 4214 631 4273 39.
654 4214 734 4274 idom
758 4218 784 4273 1.
807 4216 874 4275 3117.
917 4217 965 4276 ao.
987 4217 1068 4278 idem
1093 4221 1118 4276 1.
1140 4219 1209 4277 421.
1251 4221 1298 4277 41.
1320 4217 1408 4276 Serv.
1422 4217 1508 4294 Virg.
1522 4216 1632 4294 Ectog.

422 4315 493 4372 65.
533 4315 582 4374 42.
604 4313 691 4373 Serv.
706 4315 745 4374 ad
761 4314 882 4374 11666.
899 4317 967 4376 410.
1007 4319 1054 4377 43.
1076 4318 1157 4378 idem
1173 4319 1218 4378 12.
1234 4320 1304 4378 425.
1343 4321 1391 4378 44.
1406 4317 1494 4378 Serv.
1510 4318 1546 4378 G.
1564 4323 1587 4378 t.
1603 4321 1632 4377 3.

422 4417 471 4475 46.
493 4413 642 4475 Secund
664 4415 740 4474 Aen.
763 4417 791 4474 3.
813 4417 882 4475 264.
925 4417 972 4476 46.
995 4416 1077 4477 idem
1092 4420 1118 4477 3.
1135 4419 1204 4478 516.
1245 4420 1293 4477 47.
1315 4415 1401 4477 Serv.
1415 4416 1457 4476 ad
1470 4416 1507 4475 V.
1522 4415 1631 4495 Eclog.

423 4514 450 4572 8.
478 4515 506 4572 4.
535 4512 677 4573 landatur
703 4511 817 4574 Hister.
845 4531 885 4572 vr.
934 4515 1099 4574 4311166.
1129 4533 1157 4592 p.
1180 4517 1248 4576 224.
1269 4533 1298 4592 p.
1326 4517 1395 4575 397.
1421 4513 1476 4574 lid
1505 4517 1632 4576 Pntscb.

424 4611 479 4672 ol'r.
500 4612 560 4671 Sal.
584 4610 727 4690 lngurtba
749 4613 797 4671 38.
819 4615 881 4688 ipre
908 4619 992 4692 quasi
1011 4615 1180 4676 6116166666
1196 4632 1253 4691 per
1271 4615 1402 4676 66116666
1422 4615 1488 4675 1666
1508 4621 1631 4676 66616·-

423 4718 480 4770 tam
501 4710 630 4772 ductare.
671 4713 719 4771 49.
742 4710 879 4772 Lactaat.
902 4711 1091 4776 8161711611.
1115 4717 1142 4776 3.
1167 4717 1212 4776 to.
