3526 5604
465 593 539 666 050

463 793 613 874 accessit,
648 791 741 884 ligna
772 791 935 874 subdidit,
972 791 1140 864 submovit
1166 793 1328 877 Graecos,
1366 793 1481 885 ignom
1511 793 1651 864 admovit.

463 919 549 992 Satis
574 928 650 989 sunt
674 918 732 990 diu
757 918 878 1000 conati,
905 941 1089 1014 numquam
1115 919 1292 1012 quiverunt
1317 919 1512 1000 incendore3
1537 920 1577 988 ita
1595 923 1653 990 dr·

463 1042 598 1114 obelaus
622 1064 756 1111 omnem
782 1042 957 1112 materiam
978 1041 1148 1112 obleverat
1165 1044 1329 1123 alumine;
1355 1043 1444 1134 quod
1462 1043 1552 1113 Sulla
1566 1055 1652 1134 atqm
1736 1059 1737 1064 ’

461 1167 584 1238 milites
610 1164 826 1236 mirabantur.
874 1166 917 1236 Et
940 1176 1114 1259 postquam
1146 1190 1212 1236 non
1240 1166 1421 1248 succendit,
1453 1167 1577 1237 reduxit
1602 1190 1653 1235 oo-

462 1290 545 1385 pias.
590 1290 710 1360 Gellius
738 1287 795 1372 15,
829 1288 862 1361 1.
970 1292 1030 1360 70.
1062 1291 1304 1382 Quadrigarius
1337 1291 1452 1362 annali
1484 1291 1539 1361 lib.
1567 1292 1651 1360 xxi:

463 1412 642 1486 crudeliter
665 1414 734 1496 ille,
761 1437 821 1485 nos
845 1414 1123 1493 misericorditer:
1150 1417 1293 1488 ararites
1318 1417 1386 1499 ille,
1413 1441 1473 1487 nos
1495 1418 1650 1509 largimur.

463 1535 650 1631 [largiteri]
683 1540 809 1609 Nonius
831 1563 867 1633 p.
896 1537 980 1620 510,
1011 1537 1066 1611 19.
1172 1541 1232 1609 71.
1262 1541 1304 1625 Q.
1331 1541 1491 1612 Claudius
1515 1541 1548 1610 in
1571 1541 1652 1609 vioe·

462 1662 547 1734 simo
572 1663 681 1756 primo
707 1663 823 1733 annali
848 1663 1044 1735 insolentius
1069 1664 1168 1756 paulo
1198 1661 1263 1734 bac
1294 1664 1402 1756 lignra
1427 1676 1477 1735 est
1500 1666 1542 1735 ita
1566 1687 1649 1734 usus:

462 1789 552 1860 enim
582 1810 659 1858 cum
688 1787 809 1880 partim
843 1787 947 1880 copiis
980 1787 1156 1858 bominum
1187 1787 1449 1860 adolescentium
1482 1790 1649 1882 placentem

462 1913 537 1985 sibi.
587 1915 738 2005 itemque
763 1910 895 1984 Claudii
928 1912 964 1983 in
996 1913 1155 1984 vicesimo
1185 1913 1282 1984 tertio
1311 1914 1425 1984 annali
1457 1917 1556 1986 verba
1578 1913 1649 1984 baec

461 2047 554 2108 sunt:
588 2037 648 2108 sed
673 2036 798 2108 idcirco
824 2059 879 2108 me
905 2036 1042 2117 fecisses
1067 2037 1157 2130 qnod
1182 2049 1292 2109 uuum
1319 2039 1521 2130 negligentia
1544 2038 1647 2131 partim

462 2162 727 2253 magistratuum,
752 2183 795 2232 an
820 2160 971 2242 ovatus.
1001 2183 1045 2232 an
1071 2161 1261 2232 calamitate
1284 2163 1400 2256 populi
1424 2163 1560 2234 Romani
1581 2185 1649 2232 eve·

462 2286 550 2356 nisse
575 2285 694 2367 dicam,
721 2285 846 2356 nescio.
891 2285 1012 2356 Gellius
1036 2283 1094 2366 10,
1126 2283 1183 2366 13,
1208 2282 1244 2358 4.
1344 2288 1405 2356 72.
1431 2287 1542 2357 Sullae
1563 2285 1649 2356 edm

462 2409 618 2482 sidiarii
643 2407 861 2480 adolescentis
877 2407 1062 2478 maximum
1089 2419 1167 2478 tunc
1192 2409 1357 2502 proelium
1382 2409 1472 2502 apud
1493 2409 1649 2502 Sacripor·

462 2545 532 2605 tum
550 2533 622 2616 luit,
649 2533 683 2602 in
710 2554 777 2625 quo
803 2531 844 2600 de
869 2531 1018 2602 exercitu
1034 2530 1132 2602 ldarii
1158 2553 1255 2602 caesa
1279 2543 1355 2604 sunt
1378 2532 1494 2624 viginti
1518 2532 1647 2625 quinque

461 2658 568 2741 milia,
582 2656 832 2728 sicntClandius
846 2655 971 2726 scribit.
998 2656 1132 2727 Orosius
1147 2654 1183 2738 5,
1203 2655 1264 2728 20.
1279 2661 1337 2749 cfr.
1351 2681 1451 2750 supro
1467 2681 1499 2750 p.
1518 2654 1595 2737 338,
1620 2655 1645 2724 1.

463 2782 523 2854 73.
548 2783 723 2854 Rubellius
746 2780 893 2854 Blandus
913 2791 946 2850 et
968 2779 1210 2872 Quadrigarius
1231 2780 1380 2852 historici
1403 2781 1515 2852 dicunt
1534 2782 1647 2870 Garga·

333 2961 338 2972 ·
462 2931 536 2978 rum
563 2908 687 2979 llumen
713 2905 823 2977 vocari
850 2905 884 2974 in
910 2904 1031 2976 linibus
1055 2903 1224 2975 Thurinis.
1267 2907 1319 2975 Ad
1336 2907 1420 2976 illud
1446 2907 1542 2977 inisse
1564 2905 1646 2997 oppi·
1736 2923 1737 2938 ³

462 3033 542 3104 dnm
569 3033 749 3112 mediocre,
776 3031 865 3127 quod
890 3033 1002 3121 Garga
1027 3051 1116 3099 nunc
1141 3028 1232 3099 vicus
1258 3040 1318 3107 est,
1350 3051 1452 3122 quam
1477 3031 1573 3100 Troes
1595 3028 1645 3098 ob-

461 3157 549 3228 souri
576 3167 707 3227 centum
733 3153 974 3249 quinquaginta
1008 3153 1123 3245 ignoto
1148 3163 1181 3222 et
1205 3153 1332 3222 incerto
1357 3153 1443 3224 duce
1465 3153 1643 3228 insederunt

461 3279 590 3352 scilicet
614 3279 748 3350 nomine
774 3301 794 3348 a
819 3277 942 3347 vertice
967 3275 1068 3346 ldaeo
1093 3275 1264 3355 translato,
1291 3299 1403 3368 aquo
1428 3277 1540 3348 civitas
1563 3275 1644 3346 etiam

462 3405 497 3475 in
524 3404 646 3476 finibus
671 3402 798 3473 Troicis
823 3402 974 3492 Gargara
999 3400 1196 3492 appellatur.
1238 3403 1367 3471 &uiua
1383 3405 1428 3472 od
1451 3403 1536 3494 Varg.
1550 3402 1643 3488 Georq.

464 3528 501 3610 1,
527 3525 611 3599 103.
637 3533 696 3620 cfr.
715 3526 894 3596 Aristotcles
914 3525 1029 3593 mirnb.
1058 3525 1190 3594 auscult.
1216 3522 1286 3596 108
1304 3551 1338 3618 p.
1357 3522 1406 3597 36
1429 3529 1547 3597 Purod.
1569 3525 1643 3594 Wost.

462 3652 522 3723 ld.
549 3651 660 3724 Pluria
676 3649 745 3721 sive
758 3646 941 3740 compluria
1029 3647 1185 3718 dixerunt
1200 3650 1245 3720 bl.
1264 3648 1355 3730 Cato,
1373 3651 1414 3734 Q.
1430 3649 1582 3720 Claudius
1592 3657 1641 3715 otc.

462 3777 583 3848 Gellius
609 3774 643 3858 5,
676 3774 737 3858 21,
773 3773 807 3868 6.
914 3772 973 3842 75.
1007 3772 1250 3863 Quadrigarius
1282 3774 1479 3845 annalibus:
1517 3771 1641 3844 exercito
1736 3767 1737 3776 ’

461 3905 620 3973 instructo
645 3899 857 3993 pedetemtim
882 3896 1004 3966 milites
1029 3895 1151 3968 dooere
1177 3897 1295 3990 coepit
1333 3899 1459 3968 Nonius
1481 3924 1515 3991 p.
1540 3896 1592 3978 29,
1612 3892 1641 3964 8.
1736 3887 1737 3936 ἶ

462 4027 522 4096 76.
548 4022 790 4114 Quadrigarius
807 4021 995 4092 annalium:
1023 4020 1119 4091 facite
1136 4020 1291 4112 exempla
1308 4043 1438 4103 eorum,
1459 4033 1497 4092 ut
1514 4045 1567 4091 vos
1580 4039 1640 4090 com

461 4149 529 4220 illis
550 4170 866 4242 congermanescere
888 4146 1022 4216 sciatur.
1055 4147 1179 4215 Nonius
1196 4170 1232 4239 p.
1250 4145 1309 4228 00,
1335 4146 1392 4217 17.
1494 4151 1549 4219 77.
1565 4147 1641 4229 Qua-

461 4273 627 4367 drigarius
653 4273 786 4344 annali:
829 4271 874 4341 ita
900 4293 959 4362 per
991 4269 1188 4339 sexennium
1220 4271 1330 4362 vagati
1354 4272 1533 4364 Ampolam
1557 4263 1640 4360 [Apu-

461 4397 580 4486 tiamt]
613 4411 713 4492 atquc
738 4419 858 4488 agrum
884 4396 1101 4487 Campanum,
1136 4394 1224 4486 quod
1250 4395 1302 4464 bis
1330 4418 1390 4504 per
1416 4397 1551 4466 militem
1573 4394 1640 4463 lice·

461 4525 529 4606 bat,
560 4520 779 4614 expolabatur
809 4511 1101 4608 [exspoliaturum
1131 4515 1256 4603 Gellii]
1285 4518 1466 4611 Noniusp.
1492 4510 1637 4598 48011.

462 4647 520 4720 78.
552 4645 813 4736 Quadrigarius:
845 4665 963 4733 agrum
989 4642 1155 4712 Nolanum
1179 4644 1339 4735 populare
1365 4653 1549 4736 coeperunt.
1584 4636 1639 4706 llo·
