3582 5594
485 675 553 744 too

480 871 658 942 simulabat
683 893 756 941 sese
781 869 906 963 negotii
932 869 1037 972 gratia
1063 890 1262 962 properare;
1289 879 1435 939 cetenrm
1462 866 1675 960 proditionem

480 995 626 1077 timebat,
652 1017 753 1088 qnam
779 993 882 1064 vitare
907 1015 1001 1085 posse
1027 992 1194 1062 celeritate
1219 992 1363 1085 putabat,
1393 1013 1469 1061 nam
1496 993 1576 1062 talia
1600 1015 1677 1062 coo·

480 1119 556 1189 silia
580 1142 641 1213 per
666 1119 769 1189 otium
800 1127 832 1187 et
865 1141 907 1186 ex
937 1117 1158 1210 oportunitate
1193 1117 1278 1209 capi.
1331 1119 1373 1188 m
1414 1117 1579 1196 llletellns,
1623 1116 1676 1186 nbi

478 1243 661 1336 oppidanos
686 1242 802 1336 praelio
827 1242 979 1323 intentos,
1006 1240 1105 1310 simul
1130 1239 1288 1333 oppidum
1316 1251 1348 1309 et
1371 1240 1527 1332 operibus
1553 1250 1585 1310 et
1607 1241 1677 1310 loco

478 1368 642 1438 munitum
672 1367 771 1448 videt,
810 1367 899 1437 vallo
931 1367 1082 1459 fossaque
1118 1363 1240 1435 moenia
1274 1365 1501 1436 circumuenit.
1550 1365 1677 1435 Deinde

479 1492 571 1563 iubet
596 1491 677 1561 locis
703 1514 745 1560 ex
769 1491 865 1584 copia
896 1504 1052 1559 maxume
1079 1488 1205 1558 idoneis
1230 1490 1345 1560 vineas
1370 1513 1481 1581 agero,
1515 1513 1678 1583 superque

479 1639 535 1687 ees
560 1637 719 1708 aggerem
744 1616 852 1685 iacere
878 1625 911 1684 et
934 1637 1033 1706 snper
1063 1635 1221 1706 aggerem
1253 1615 1401 1708 inpositis
1426 1615 1571 1685 mnibus
1595 1637 1677 1708 opus

479 1751 510 1811 et
535 1741 744 1811 administros
770 1739 879 1809 tutari.
930 1739 1052 1809 Contra
1078 1737 1150 1808 baec
1176 1738 1332 1831 oppidani
1358 1739 1523 1821 festinare,
1549 1762 1676 1832 parare,

477 1887 611 1960 prorsus
643 1865 686 1935 ab
717 1864 865 1956 utrisque
897 1862 982 1932 nibil
1012 1863 1178 1956 reliquum
1209 1863 1292 1933 lieri.
1344 1864 1496 1956 lienique
1525 1863 1676 1944 Romani,

477 1991 581 2062 multo
615 1999 689 2058 ante
722 1988 836 2058 labore
861 1986 1050 2079 praeliisque
1084 1987 1222 2078 fatigati,
1257 1995 1331 2079 post
1360 1987 1431 2056 dies
1457 1986 1677 2080 quadraginta

477 2137 577 2208 quarn
604 2138 644 2185 eo
667 2123 802 2184 ventum
829 2121 909 2192 erat,
944 2110 1065 2204 oppido
1091 2110 1190 2180 modo
1215 2110 1325 2204 potiti:
1359 2111 1473 2203 praeda
1503 2111 1610 2180 omnis
1636 2113 1676 2180 ab

477 2239 623 2334 perfugis
648 2246 811 2330 corrupta.
866 2235 910 2306 Hi
936 2245 1109 2328 postquam
1143 2257 1276 2305 mamm
1305 2236 1464 2306 arietibus
1488 2235 1581 2305 leriri
1607 2259 1677 2305 res-

477 2388 542 2459 quc
559 2385 634 2435 suas
659 2361 806 2432 adllictas
831 2359 955 2441 uident,
982 2381 1099 2428 aarum
1119 2369 1217 2452 atque
1244 2369 1416 2452 argentum
1443 2371 1475 2429 et
1499 2359 1576 2440 alia,
1603 2383 1676 2454 quae

477 2491 585 2582 prima
602 2485 776 2568 ducuntur,
803 2484 937 2554 domum
963 2483 1090 2575 regiam
1108 2493 1333 2575 comportant:
1360 2485 1406 2556 ibi
1431 2485 1510 2555 vino
1537 2495 1570 2553 et
1594 2508 1677 2578 epu-

477 2613 517 2682 lis
543 2610 682 2692 onerati,
717 2609 842 2703 illaque
868 2617 899 2676 et
925 2607 1058 2677 domum
1084 2615 1117 2675 et
1141 2617 1245 2676 semet
1271 2607 1341 2698 igni
1372 2617 1607 2700 corrumpunt;
1646 2621 1676 2678 et

476 2759 559 2832 quas
583 2737 660 2808 victi
686 2737 728 2807 ab
748 2736 896 2808 hostibus
920 2757 1037 2829 poenas
1058 2745 1254 2817 metuerant,
1282 2757 1338 2806 eas
1364 2735 1425 2829 ipsi
1445 2737 1592 2806 volentes
1617 2759 1676 2829 pe·

477 2863 633 2957 pendere.

549 3009 677 3058 axxuu.
729 2987 792 3058 Sed
827 2987 952 3080 pariter
981 3007 1057 3056 cunr
1089 2993 1184 3076 capta
1209 2983 1314 3054 Tbala
1348 2985 1448 3078 legati
1483 3007 1525 3055 ex
1555 2986 1675 3078 oppido

476 3112 573 3203 Lepti
603 3111 645 3181 ad
669 3111 839 3182 Metellum
872 3118 1031 3179 venerant
1059 3119 1200 3190 orantes,
1236 3109 1283 3178 uti
1318 3108 1510 3201 praesidium
1535 3110 1676 3202 praelec-

476 3245 612 3328 tumque
639 3258 678 3303 eo
695 3235 852 3315 mitten-ec
880 3233 1106 3303 Hamilcarem
1122 3233 1300 3326 quendam,
1326 3233 1474 3304 nobilem
1492 3233 1675 3314 bominem,

475 3360 659 3440 factiosum,
696 3358 789 3428 novis
819 3359 918 3428 rebus
948 3357 1090 3438 studere,
1130 3356 1305 3427 advorsum
1334 3380 1435 3451 quem
1468 3381 1579 3451 neque
1612 3359 1676 3428 irn-

474 3484 569 3576 peria
593 3481 846 3574 magistratuum
871 3505 981 3574 neque
1007 3481 1098 3574 leges
1119 3481 1287 3564 valerent3
1313 3482 1349 3552 ni
1375 3482 1408 3552 id
1435 3484 1614 3566 festinaret,
1641 3484 1674 3553 iu

475 3628 605 3676 summo
620 3605 768 3698 periculo
786 3626 880 3675 suam
898 3605 1049 3687 salutem,
1076 3605 1210 3675 illorum
1228 3607 1334 3676 socios
1351 3607 1433 3677 fore.
1483 3609 1568 3678 Nans
1586 3611 1677 3700 Lep-

475 3729 568 3800 titani
594 3730 661 3799 iam
687 3729 765 3799 inde
792 3752 812 3799 a
836 3728 998 3821 principio
1026 3731 1108 3800 belli
1137 3731 1326 3822 lugurtbini
1356 3730 1397 3800 ad
1423 3733 1567 3802 Bestiam
1594 3757 1677 3804 con-

474 3856 579 3925 sulem
610 3863 642 3923 et
674 3862 786 3945 postea
819 3853 960 3922 Romam
997 3853 1165 3934 miserant,
1207 3853 1387 3924 amicitiam
1417 3856 1676 3951 societatemque

473 3989 637 4070 rogatum.
687 3978 829 4059 Deinde,
864 3978 921 4047 ubi
948 4000 986 4046 ea
1013 3979 1198 4071 impetrata,
1233 4003 1363 4072 semper
1389 3980 1468 4051 boni
1493 3983 1677 4077 fidelesque

473 4125 624 4173 mansere
651 4112 683 4172 et
706 4111 824 4171 cuncta
848 4125 866 4169 n
892 4101 1012 4182 Bestia,
1039 4101 1160 4173 Albino
1178 4103 1378 4198 Metelloque
1404 4106 1565 4199 imperata
1592 4130 1677 4177 nave

472 4228 629 4297 fecerant.
674 4227 789 4318 ltaque
822 4224 864 4294 ab
893 4224 1094 4315 imperatore
1126 4227 1224 4297 facile
1254 4251 1328 4322 quae
1362 4231 1519 4322 petebant
1552 4233 1677 4326 adepti.

471 4351 610 4420 Emissae
637 4372 677 4419 eo
702 4347 854 4418 cobortes
872 4348 1035 4438 Ligurum
1061 4361 1202 4443 quatuor
1227 4364 1259 4422 et
1277 4354 1315 4424 C.
1335 4353 1461 4424 Annius
1486 4357 1677 4448 praelectus.

544 4497 686 4544 nxxmu.
737 4472 774 4542 ld
792 4472 952 4565 oppidum
974 4474 1016 4543 ab
1034 4474 1178 4544 Sidoniis
1199 4477 1369 4548 conditum
1390 4489 1448 4562 est,
1475 4503 1559 4573 quos
1577 4504 1679 4550 ecce-

470 4599 578 4690 pimus
604 4599 760 4691 profugos
787 4596 829 4666 ob
856 4595 1036 4667 discordias
1062 4599 1169 4669 civilis
1190 4603 1329 4673 navibus
1355 4604 1389 4673 in
1416 4627 1473 4674 eos
1498 4607 1590 4676 locos
1617 4631 1680 4674 ve-

470 4723 568 4808 nisse,
596 4734 741 4793 ceterum
768 4722 865 4791 situm
892 4721 977 4792 inter
1002 4720 1083 4792 duas
1109 4723 1230 4816 Syrtes,
1266 4726 1387 4818 quibus
1420 4751 1542 4797 nomen
1568 4751 1613 4798 en
1640 4752 1679 4797 re
