3526 5604
448 623 520 696 332

446 822 619 894 sudantem
650 825 702 894 vel
733 825 944 896 anhelantem
974 830 1201 923 conspiceres,
1236 831 1330 900 sicuti
1356 831 1513 902 Catulum
1537 835 1629 926 ipsum
1737 861 1738 910 3

448 969 522 1018 cum
554 949 742 1020 laudatione
769 951 913 1023 militum
948 953 1116 1047 scripsisse
1150 956 1275 1026 dicunt.
1324 958 1512 1027 Plutarchus
1539 959 1630 1027 ldorio
1737 1051 1738 1072 Χ

445 1070 506 1155 27,
531 1069 566 1144 4.
666 1074 700 1144 lt.
726 1077 811 1157 Nox,
843 1077 932 1169 quod
958 1088 994 1148 ut
1019 1079 1155 1150 Catulus
1180 1080 1224 1150 ait
1253 1080 1375 1164 omnia,
1408 1079 1473 1149 nisi
1499 1081 1628 1150 interre-

444 1195 515 1266 niat
537 1197 599 1279 sol,
624 1199 743 1290 pruina
768 1200 985 1291 obriguerint,
1011 1202 1100 1294 quod
1125 1213 1232 1284 nocet,
1258 1225 1335 1272 nox.
1382 1203 1481 1274 Porro
1498 1205 1534 1273 dc
1547 1205 1581 1273 L.
1599 1205 1627 1272 l.
1737 1221 1738 1300 ἦ

446 1316 533 1401 (1.6.
632 1320 667 1392 5.
693 1323 843 1395 Lutatius
868 1347 947 1396 vero
973 1318 1296 1420 [lanumvgeminum
1319 1349 1391 1396 esse
1409 1320 1492 1416 vult]
1518 1327 1628 1406 Solem,
1737 1317 1738 1372 ss

444 1455 619 1539 pmptcroa
643 1447 733 1540 quod
758 1448 928 1542 utriusque
953 1450 1051 1520 simul
1084 1450 1203 1521 ianuae
1229 1462 1422 1544 potestatem
1447 1450 1573 1530 babeat,
1602 1461 1629 1518 et
1737 1441 1738 1452 ἶ

446 1569 580 1640 orientis
590 1579 622 1640 et
633 1569 822 1640 occidentis.
848 1573 947 1643 bour.
957 1575 1282 1664 Lydosdcmcnsihor
1294 1572 1330 1656 4,
1340 1573 1375 1646 2.
1466 1577 1501 1645 6.
1524 1574 1629 1665 Apollo
1737 1639 1738 1672 ἑ

446 1691 566 1764 dicitur
589 1696 788 1786 blusagetcs,
814 1696 895 1788 quia
910 1698 1080 1769 Musarum
1107 1689 1187 1785 [dux
1208 1699 1301 1768 oddit
1320 1693 1405 1788 licii]
1431 1697 1627 1778 existimatu,

446 1824 483 1886 ut
511 1816 661 1889 Lutatius
695 1819 729 1887 in
764 1820 871 1911 primo
905 1820 1088 1890 communis
1121 1819 1278 1890 historiae
1309 1821 1379 1892 ait:
1417 1822 1475 1914 qui
1508 1819 1628 1890 deorum
1737 1847 1738 1852 ¹

446 1933 549 2031 [quod
566 1939 714 2028 corum‘l]
740 1963 854 2012 curam
880 1954 1004 2034 egerat.
1042 1943 1162 2013 lhohus
1186 1947 1230 2014 od
1259 1944 1348 2035 Vcrp.
1365 1944 1480 2036 Gcorq.
1500 1941 1533 2027 3,
1555 1941 1627 2014 293.
1737 1945 1738 1956 ³

447 2064 482 2134 7.
511 2064 698 2136 Postumius
735 2064 777 2135 de
810 2066 953 2136 adventu
982 2068 1119 2138 Aeneae
1154 2077 1187 2137 et
1224 2067 1375 2138 Lutatius
1412 2067 1627 2138 Communium

446 2188 658 2260 historiarum
683 2190 800 2260 Boiam
825 2200 887 2260 etc.
917 2213 1016 2282 supro
1033 2215 1067 2282 p.
1082 2189 1166 2272 265,
1185 2188 1245 2262 25.
1345 2191 1380 2262 8.
1405 2194 1452 2264 At
1473 2213 1548 2262 vero
1570 2194 1627 2260 Lu·

445 2313 549 2384 catius
574 2335 641 2383 non
667 2313 766 2384 modo
790 2316 1013 2396 Antenorem,
1048 2313 1106 2383 sed
1136 2314 1235 2384 etiam
1261 2315 1368 2406 ipsum
1394 2318 1539 2388 Aeneam
1562 2335 1628 2407 pro·

446 2435 588 2509 ditorom
605 2438 729 2531 patriae
747 2437 847 2509 luisse
864 2437 974 2508 tradit.
1012 2436 1075 2508 Cui
1092 2460 1169 2507 cnm
1185 2459 1299 2530 aroge
1315 2441 1564 2531 Agamemnone
1576 2449 1626 2506 etc.

445 2563 594 2632 Aurelios
622 2564 726 2632 Victor
750 2563 788 2632 dc
812 2564 895 2660 oriq.
920 2585 952 2654 p.
978 2564 1018 2631 R.
1044 2559 1080 2644 9,
1107 2559 1142 2632 2.
1243 2563 1278 2632 9.
1304 2563 1452 2634 Navibus
1477 2583 1626 2654 egressum

445 2685 481 2756 in
507 2685 602 2758 litore
628 2685 833 2767 accubuisse,
859 2695 1120 2778 consumptoque
1145 2686 1235 2778 quod
1261 2686 1368 2757 bremt
1393 2687 1472 2768 cibi,
1503 2697 1626 2758 crustam

447 2809 546 2880 etiam
571 2809 612 2880 de
637 2809 753 2880 terreis
779 2809 912 2892 mensis,
937 2832 1019 2901 quas
1045 2819 1189 2879 sacratas
1214 2831 1327 2880 secum
1351 2810 1506 2894 habebat,
1531 2831 1626 2881 come·

446 2933 544 3004 disse.
589 2932 675 3002 Tum
698 2931 845 3004 Anchisa
871 2930 1068 3002 coniiciente
1100 2932 1193 3002 illam
1219 2955 1292 3004 esse
1314 2934 1524 3005 miseriarum
1547 2953 1626 3002 arro-

444 3059 557 3150 risque
574 3056 675 3126 finem
701 3049 836 3148 (quippe
862 3055 1058 3126 meminerat
1073 3057 1238 3126 Venerem
1255 3058 1319 3128 sibi
1343 3058 1521 3152 aliquando
1544 3075 1627 3149 prae·

445 3181 578 3263 dixisse,
605 3204 680 3252 cum
699 3181 733 3251 in
760 3191 896 3252 externo
921 3181 1017 3252 litore
1043 3181 1152 3252 esurie
1178 3183 1340 3275 compulsi
1357 3195 1499 3253 sacratas
1514 3203 1626 3252 mensas

445 3308 652 3389 invasissent,
679 3306 774 3376 illum
797 3305 989 3376 condendae
1007 3305 1094 3375 sedis
1115 3306 1249 3376 latalem
1271 3306 1380 3376 locum
1398 3302 1480 3397 lore)
1505 3305 1627 3377 scrolam

445 3431 546 3502 etiam
563 3430 741 3502 incientem
762 3454 839 3502 cum
860 3430 973 3502 enavi
997 3431 1239 3524 produxissent,
1270 3442 1305 3502 ut
1328 3455 1403 3502 eam
1424 3433 1626 3510 immolarent,

445 3568 479 3627 et
510 3579 545 3627 so
572 3557 798 3627 ministrorum
829 3556 983 3626 manibus
1015 3557 1201 3649 eripuisset,
1242 3557 1450 3629 recordatum
1483 3560 1625 3634 Aeneam.

445 3681 534 3774 quod
555 3681 735 3775 aliquando
761 3681 792 3750 ei
816 3703 1011 3773 responsum
1035 3692 1120 3750 esset
1141 3681 1214 3751 urbi
1237 3682 1430 3752 condendae
1453 3681 1626 3774 quadrupe·

446 3805 522 3876 dem
548 3807 692 3878 loturam
717 3806 855 3878 ducem:
891 3829 968 3877 cnm
993 3806 1178 3877 simulacris
1208 3807 1345 3876 deorum
1371 3808 1539 3878 Penatium
1561 3827 1627 3898 pro-
1737 3839 1738 3858 2

445 3941 595 4001 secutum
615 3941 714 4024 atque
733 3932 840 4014 illum,
866 3931 923 4002 ubi
949 3930 1008 4000 illa
1032 3931 1208 4023 procubuit
1233 3931 1396 4023 enixaque
1422 3943 1471 4001 est
1493 3929 1626 4024 porrulos

445 4053 592 4147 triginta,
620 4053 743 4123 ibidem
769 4055 985 4147 auspicatum,
1012 4065 1151 4147 postque
1175 4053 1353 4123 Lavinium
1378 4053 1472 4134 dixit,
1501 4063 1535 4124 ut
1556 4049 1626 4120 scri-

444 4180 493 4250 bit
518 4181 639 4251 Caesar
663 4180 722 4250 lib.
749 4182 764 4249 l
790 4191 822 4251 et
854 4180 1009 4250 Lucatius
1035 4180 1094 4251 lib.
1120 4182 1161 4250 11.
1200 4181 1348 4250 Aurelius
1374 4181 1477 4250 Victor
1499 4180 1535 4247 dc
1557 4178 1625 4264 on'p.

445 4328 477 4397 q.
503 4307 542 4374 R.
572 4302 628 4378 11.
740 4305 797 4374 10.
828 4305 898 4374 Nec
927 4316 1036 4374 umen
1066 4302 1188 4372 amisso
1220 4325 1334 4373 socero
1359 4305 1490 4374 Aeneas
1514 4299 1626 4372 Rutulis

445 4431 603 4501 obsistere
628 4429 734 4512 desiit,
763 4452 908 4521 namque
934 4439 966 4499 et
990 4428 1140 4500 Turnum
1166 4429 1342 4500 interemit.
1381 4428 1536 4498 Hostibus
1559 4423 1626 4494 fusis

446 4555 633 4647 fugatisque
662 4555 765 4624 victor
791 4553 967 4624 Lavinium
998 4577 1033 4624 se
1067 4577 1142 4625 cum
1174 4555 1241 4625 suis
1267 4555 1391 4647 recepit
1416 4571 1626 4641 consensuque

446 4678 595 4749 omnium
626 4679 820 4752 Latinorum
858 4701 917 4749 rex
950 4679 1134 4751 declaratus
1166 4690 1232 4761 est,
1272 4689 1308 4749 nt
1343 4679 1455 4750 scribit
1487 4673 1625 4750 boentius
