3610 5592
495 663 517 729 1

493 865 611 934 mutari
639 887 676 934 ac
705 865 835 935 misceri
860 865 970 936 omnia
997 889 1159 938 cerneres.
1204 871 1286 940 Nom
1314 870 1490 963 imperinm
1517 871 1612 942 facile
1639 871 1690 941 his

493 991 618 1060 artibus
642 990 820 1074 retinetur,
853 993 972 1085 quibus
998 994 1090 1063 initio
1122 1007 1251 1087 partum
1277 1008 1335 1066 est.
1386 1001 1509 1068 Verum
1541 997 1596 1067 nbi
1632 1021 1691 1089 pro

494 1115 608 1184 labore
633 1114 774 1197 desidia,
809 1139 869 1208 pro
901 1117 1099 1187 continentia
1132 1129 1164 1187 et
1189 1120 1342 1211 aequitate
1375 1121 1487 1190 lubido
1512 1131 1609 1214 atque
1635 1143 1692 1189 su-

492 1240 609 1333 perbia
633 1240 801 1323 invasere,
835 1242 964 1312 fortuna
993 1243 1089 1313 simul
1117 1269 1192 1314 cum
1224 1247 1369 1316 moribus
1405 1248 1593 1317 inmutatur.
1644 1247 1692 1314 lta

493 1362 670 1456 imperinm
697 1387 826 1457 semper
844 1365 884 1434 ad
910 1377 1082 1459 optumum
1108 1390 1273 1461 quemque
1299 1371 1444 1439 aminns
1471 1371 1560 1439 bono
1585 1381 1693 1439 trans-

494 1488 606 1557 fertur.
649 1487 732 1570 Quae
759 1488 909 1559 homines
934 1500 1047 1574 arant,
1074 1493 1249 1584 navigant,
1275 1495 1457 1574 edificant,
1483 1495 1593 1565 virtuti
1620 1517 1693 1562 om-

494 1611 548 1679 nia
574 1622 698 1702 parent.
750 1611 812 1680 Sed
846 1613 940 1682 multi
975 1615 1128 1684 mortales
1162 1613 1262 1685 dediti
1297 1619 1402 1687 ventri
1436 1629 1534 1711 atque
1565 1642 1693 1696 somno,

495 1735 614 1803 indocti
644 1735 824 1827 incultique
850 1736 949 1806 vitam
975 1738 1070 1809 sicuti
1095 1741 1344 1831 peregrinantes
1376 1753 1584 1833 transegere:
1617 1744 1695 1835 qui-

494 1857 555 1928 bus
588 1861 734 1950 prolecto
768 1872 880 1930 eontra
914 1873 1064 1932 naturam
1098 1885 1217 1957 eorpus
1245 1867 1420 1959 voluptati,
1455 1868 1566 1937 anima
1600 1870 1694 1937 oneri

495 1988 565 2057 soit.
616 1994 741 2061 Eorum
779 2009 842 2077 ego
866 1985 966 2055 vitam
1002 1997 1205 2080 mortemque
1233 1989 1322 2058 iuxta
1348 2001 1499 2072 aestumo,
1535 1991 1693 2083 quoniam

494 2119 535 2188 de
561 2127 700 2206 utraque
726 2112 851 2181 siletur.
895 2112 1019 2179 Verum
1046 2111 1134 2180 enim
1160 2135 1239 2180 vero
1265 2112 1292 2181 is
1318 2112 1450 2183 demum
1477 2115 1558 2184 mibi
1584 2116 1696 2184 vivere

494 2251 592 2332 atque
618 2236 683 2307 troi
711 2235 822 2306 anima
856 2233 1001 2314 videtur,
1036 2234 1093 2327 qui
1119 2234 1231 2327 aliquo
1268 2235 1399 2326 negotio
1432 2237 1575 2308 intentus
1609 2261 1697 2331 prae-

494 2364 575 2435 clari
604 2363 756 2433 facinoris
782 2371 838 2430 aut
863 2361 940 2431 artis
966 2360 1061 2431 bonae
1087 2362 1207 2431 lamam
1233 2361 1371 2454 quaerit.
1394 2337 1398 2342 ¹
1423 2363 1487 2433 Sed
1515 2364 1549 2432 in
1575 2385 1698 2456 magna

495 2489 592 2581 copia
617 2511 729 2559 rernm
755 2487 846 2558 aliud
872 2486 929 2556 alii
954 2497 1071 2556 natura
1097 2488 1159 2557 iter
1183 2490 1334 2559 ostendit.

569 2635 617 2681 nr.
667 2610 847 2680 Pulchrum
878 2621 926 2679 est
950 2609 1036 2679 bene
1070 2611 1178 2681 faeere
1208 2613 1257 2681 rei
1285 2612 1442 2705 publicae,
1482 2614 1583 2683 etiam
1610 2614 1699 2684 bene

492 2731 607 2806 dicere
633 2734 720 2805 baud
750 2734 928 2804 absurdum
954 2745 1023 2815 est;
1056 2736 1109 2805 vel
1134 2758 1234 2828 paee,
1269 2737 1322 2806 vel
1356 2736 1445 2806 bello
1471 2738 1598 2808 clarum
1625 2738 1699 2806 lieri

494 2857 593 2940 licet,
628 2869 660 2927 et
692 2859 750 2949 qui
784 2858 911 2938 iecere,
948 2869 979 2927 et
1013 2858 1070 2950 qni
1101 2858 1186 2928 faeta
1220 2859 1361 2929 aliorum
1386 2861 1567 2952 scripsere,
1603 2861 1699 2931 multi

493 2981 682 3055 laudantur.
720 2984 770 3053 Ao
795 2980 878 3050 mihi
897 2981 1046 3074 quidem,
1073 2983 1201 3052 tametsi
1228 2983 1483 3077 haudquaquam
1502 3008 1563 3077 par
1588 2985 1699 3076 gloria

489 3108 644 3202 sequitur
656 3107 847 3199 scriptorem
874 3115 906 3175 et
922 3117 1066 3176 actorem
1085 3129 1216 3190 rerum,
1243 3118 1353 3177 tamen
1373 3109 1407 3178 in
1422 3109 1536 3201 primis
1557 3108 1700 3178 arduum

496 3232 701 3310 videtorses
727 3241 833 3320 gestas
867 3229 1029 3309 scribere;
1064 3231 1208 3322 primum
1241 3232 1328 3324 quod
1365 3232 1449 3301 lacta
1479 3231 1573 3302 dictis
1607 3255 1702 3302 exae-

497 3356 627 3452 quanda
653 3365 745 3436 sunt,
771 3352 893 3421 dehine
918 3353 995 3445 quia
1020 3353 1193 3447 plerique,
1227 3377 1301 3446 qnae
1327 3355 1447 3425 delicta
1471 3355 1703 3448 reprehende-

496 3483 559 3564 ris,
587 3479 809 3552 malivolentia
830 3488 863 3547 et
879 3477 1002 3548 invidia
1027 3479 1111 3549 dieta
1132 3490 1265 3572 putant;
1291 3481 1348 3549 nbi
1375 3481 1416 3550 de
1433 3503 1556 3571 magna
1581 3479 1704 3550 virtute

497 3618 530 3676 et
554 3604 660 3698 gloria
684 3604 847 3673 bonorum
873 3623 1058 3681 memores,
1094 3605 1168 3695 quae
1201 3602 1265 3674 sibi
1298 3603 1439 3696 quisque
1476 3603 1586 3673 facilia
1612 3604 1704 3673 factu

497 3740 607 3825 putat,
635 3749 731 3820 aeqno
755 3725 867 3795 animo
892 3726 1024 3818 accipit;
1059 3749 1158 3818 supra
1184 3749 1242 3808 ea,
1277 3725 1377 3797 veluti
1404 3727 1497 3808 licta,
1523 3749 1585 3818 pro
1610 3727 1704 3796 falsis

498 3854 598 3924 ducit.
649 3851 714 3921 Sed
740 3871 802 3942 ego
828 3849 1094 3920 adulescentulus
1119 3849 1230 3931 initio,
1266 3851 1361 3920 sicuti
1387 3850 1557 3943 plerique,
1591 3850 1704 3921 studio

497 3980 539 4050 ad
565 3974 820 4068 rempublicam
838 3974 1029 4054 latnssnm,
1055 3973 1169 4066 ibique
1195 3973 1277 4044 mihi
1302 3975 1405 4044 multa
1429 3972 1568 4045 advorsa
1594 3975 1703 4044 suere.

497 4106 582 4175 Nam
607 4123 667 4195 pro
693 4099 836 4192 pudore,
869 4119 929 4189 pro
955 4097 1169 4179 abstinentia,
1202 4121 1263 4190 pro
1288 4098 1407 4168 virtute
1439 4097 1596 4181 andacia,
1632 4099 1705 4168 lar-

499 4229 594 4320 gitio,
630 4223 764 4296 avaritia
789 4221 977 4319 vigebant„
1004 4221 1088 4304 Quae
1126 4223 1252 4292 emersi
1286 4223 1416 4292 animus
1450 4223 1703 4315 aspernabatur,

498 4355 642 4424 insolens
676 4351 838 4421 molarum
877 4346 1014 4427 artium,
1048 4357 1157 4416 tamen
1187 4347 1274 4418 inter
1307 4357 1395 4418 tanta
1428 4347 1506 4416 vitia
1545 4346 1705 4418 inbecilla

499 4491 577 4550 aetas
602 4475 780 4552 ambitione
806 4481 958 4563 corrupta
983 4468 1173 4540 tenebatur:
1211 4493 1250 4539 ae
1275 4492 1343 4552 me,
1381 4492 1456 4541 cum
1482 4471 1524 4541 ab
1550 4469 1705 4561 reliquo-

498 4625 573 4673 rum
599 4599 693 4669 malis
718 4593 864 4666 moribus
890 4591 1110 4674 dissentirem,
1144 4591 1250 4662 nibilo
1285 4592 1395 4662 minus
1420 4591 1556 4662 honoris
1581 4593 1705 4686 cupido

495 4728 613 4797 eadem
640 4748 705 4818 qua
731 4733 855 4792 eeteros
887 4719 973 4787 lama
998 4729 1096 4811 atque
1123 4717 1244 4789 invidia
1270 4719 1418 4788 vexabat.
