3582 5594
1299 688 1368 758 139

162 887 325 980 nobisque
351 893 384 956 et
408 885 594 981 republica
620 885 790 979 incipitis?
814 888 924 979 Atque
946 909 1021 978 ego,
1048 888 1141 957 cuius
1167 887 1255 956 atati
1278 909 1368 957 mors

161 1011 296 1104 propior
316 1021 377 1092 est,
404 1033 470 1080 nou
493 1012 663 1103 deprecor,
690 1012 717 1081 si
743 1011 823 1104 quid
849 1035 889 1081 ea
913 1013 1007 1082 vobis
1033 1011 1234 1081 incommodi
1259 1011 1368 1082 demi-

160 1145 224 1216 tur,
260 1159 371 1229 neque
396 1158 478 1205 mox
501 1135 638 1226 ingenio
664 1136 814 1228 corporis
844 1136 1014 1206 honestius
1045 1158 1146 1228 quam
1171 1157 1232 1226 pro
1260 1145 1367 1206 vestra

161 1261 265 1330 salute
283 1259 385 1330 finem
404 1261 478 1330 vitu
496 1259 644 1330 fecerim.
687 1259 814 1331 Adsum
831 1260 893 1330 en!
924 1259 964 1330 G.
986 1260 1092 1342 Cotta,
1117 1261 1252 1340 cousul;
1279 1260 1366 1330 facio

160 1383 248 1475 quod
274 1405 363 1477 saepe
388 1382 531 1453 maiores
557 1382 683 1474 asperis
708 1383 806 1453 bellis
832 1383 960 1463 iecere;
999 1406 1103 1454 voveo
1133 1383 1286 1477 dedoque
1310 1406 1365 1454 me

159 1531 219 1600 pro
236 1531 273 1578 re
291 1507 437 1601 publica,
464 1529 565 1600 mam
591 1505 713 1576 deinde
731 1506 785 1576 cui
802 1505 966 1576 mandetis
989 1507 1242 1600 circumspicite.
1279 1510 1365 1579 Nam

159 1633 259 1702 talem
286 1632 448 1702 honorem
472 1632 579 1702 honus
605 1653 705 1702 nemo
736 1631 834 1713 volet,
873 1652 950 1700 cum
975 1631 1114 1702 fortuna
1146 1643 1178 1702 et
1206 1633 1307 1703 maris
1333 1642 1365 1703 et

158 1756 238 1826 belli
265 1756 309 1826 ab
334 1757 410 1826 aliis
434 1757 498 1828 aeti
522 1757 608 1827 ratio
634 1754 803 1826 reddenda
829 1765 886 1824 ant
910 1755 1047 1847 turpiter
1076 1756 1285 1826 moriendum
1310 1756 1362 1826 sit.

158 1864 403 1950 Tantummodo
429 1879 462 1949 in
488 1880 609 1950 animis
635 1877 798 1960 habetote,
830 1900 897 1947 non
923 1900 976 1947 me
1002 1877 1045 1948 ob
1071 1879 1179 1950 scelus
1203 1889 1260 1950 aut
1284 1903 1363 1950 ava·

157 2004 268 2073 ritiam
296 2025 429 2085 casum
464 2003 522 2073 sed
546 2003 714 2074 volentem
739 2024 800 2094 pro
826 2004 991 2073 maxumis
1016 2003 1185 2075 beneficiis
1216 2003 1362 2075 animam

158 2127 245 2197 dono
263 2127 405 2197 dedisse.
449 2130 512 2197 Per
527 2149 597 2207 vos,
624 2125 781 2210 Quirites,
808 2135 841 2196 et
864 2126 1005 2218 gloriam
1023 2128 1199 2208 maiorum,
1226 2129 1362 2199 tolerate

157 2251 296 2322 advorsa
321 2263 354 2320 et
380 2252 541 2321 consulite
566 2250 616 2320 rei
634 2249 788 2342 publica.
832 2250 935 2321 Multa
961 2273 1040 2321 cura
1066 2273 1195 2322 summo
1221 2252 1361 2343 imperio

157 2377 252 2458 inest,
280 2376 376 2446 multi
394 2375 546 2467 ingentes
562 2373 705 2454 labores,
731 2395 815 2465 quos
836 2375 1041 2468 nequiquam
1058 2374 1201 2446 abnuitis
1223 2387 1255 2446 et
1271 2377 1361 2468 pacis

156 2503 360 2595 opulentiam
384 2501 541 2595 qnaeritis,
568 2523 644 2571 cum
669 2521 785 2569 omnes
803 2501 993 2590 provinciae,
1019 2523 1135 2594 regna,
1161 2501 1268 2571 maria
1293 2511 1361 2570 ter-

155 2647 267 2718 rasque
293 2647 414 2718 aspera
439 2637 495 2695 aut
524 2625 609 2694 fessa
632 2623 732 2693 hellis
756 2623 832 2692 siut.

629 2937 873 2947 .-———

401 3166 698 3254 tuinultum
722 3165 826 3253 mu.
848 3165 953 3251 itm.
976 3168 1030 3253 dli
1054 3167 1111 3252 ΡΙ.

226 3387 276 3469 Si,
302 3385 461 3470 Quirites,
487 3406 606 3475 parum
632 3381 885 3466 existumarem,
912 3381 993 3475 quid
1018 3381 1180 3452 interius
1205 3381 1356 3451 amaio-

150 3511 245 3582 ribus
269 3510 424 3581 relictum
449 3509 543 3579 vobis
575 3519 607 3578 et
632 3506 695 3578 hoc
720 3529 740 3576 a
765 3507 859 3578 Sulla
891 3516 1044 3599 paratum
1075 3506 1244 3576 servitium
1270 3505 1357 3574 inte-

150 3647 267 3718 resset,
302 3635 413 3706 multis
430 3634 512 3705 mihi
535 3633 762 3704 disserendum
788 3633 849 3703 iuit
863 3633 1081 3724 docendique,
1107 3655 1188 3725 quas
1207 3631 1250 3702 ob
1267 3631 1356 3700 iniu-

151 3761 219 3830 rias
245 3770 277 3830 et
302 3760 455 3852 quotiens
486 3782 504 3828 a
530 3757 677 3852 patribus
706 3766 833 3826 armata
865 3755 980 3848 plebes
1009 3754 1205 3836 secessisset,
1240 3755 1355 3847 utique

151 3883 299 3954 vindices
324 3880 506 3975 paravisset
530 3880 637 3950 omnis
664 3879 745 3949 iuris
770 3879 820 3950 sui
837 3879 986 3948 tribunos
1004 3877 1122 3970 plebis.
1159 3879 1256 3947 Nunc
1274 3877 1354 3947 hor·
1441 3927 1446 3936 ·

150 4008 215 4077 tari
240 4007 339 4077 modo
363 4006 526 4076 relicuum
553 4014 601 4074 est
626 4012 659 4072 et
684 4003 733 4072 ire
757 4003 902 4095 primum
927 4001 992 4084 via,
1024 4023 1092 4092 qua
1116 4001 1353 4093 capessundam

151 4133 297 4203 arbitror
321 4127 516 4198 libertatem.
557 4128 674 4219 Neque
699 4148 754 4195 me
779 4124 934 4217 preterit,
961 4133 1100 4217 quantas
1125 4145 1204 4215 opes
1229 4125 1354 4194 nohili-

150 4257 227 4326 tatis
251 4256 351 4338 solus,
396 4257 560 4349 inpotens,
589 4255 682 4325 inani
706 4254 816 4347 specie
841 4252 1061 4342 magistratus,
1093 4252 1219 4344 pellere
1245 4251 1353 4321 domi-

150 4383 286 4453 natione
305 4382 475 4474 incipiam,
501 4392 691 4476 quantoque
717 4379 815 4450 tutius
837 4378 937 4448 factio
962 4376 1136 4447 noxiorum
1159 4385 1235 4467 agat
1251 4396 1352 4467 mam

150 4505 213 4578 soli
239 4507 444 4577 innocentes.
493 4505 550 4575 Set
573 4515 695 4596 praeter
719 4525 811 4594 spem
838 4501 960 4572 honam
987 4522 1028 4570 er
1053 4499 1157 4582 vohis,
1184 4521 1258 4593 qua
1278 4521 1353 4569 me-

150 4645 220 4702 tum
245 4633 334 4714 vicit,
361 4632 459 4703 statui
484 4629 674 4701 certaminis
700 4629 836 4699 advorsa
861 4651 922 4721 pro
947 4627 1098 4697 libertate
1122 4626 1251 4719 potiora
1280 4645 1351 4693 esse
1382 4599 1386 4622 ¹

152 4761 225 4828 sorti
255 4761 325 4830 siro
360 4779 460 4850 quam
499 4757 635 4827 omnino
671 4779 735 4825 non
768 4755 951 4824 certavisse.
995 4753 1204 4843 Quamquam
1235 4769 1350 4818 omnes
