3554 5600
464 631 532 700 tro

459 829 662 921 provinciam
680 828 785 900 duxit.
828 830 938 921 Atque
960 829 1007 899 ibi
1025 827 1174 898 conlecto
1192 828 1330 898 feliciter
1351 826 1439 898 bello
1459 839 1491 898 et
1508 829 1659 921 iugurtha

383 991 387 1000 ·
459 963 556 1045 capto
581 952 624 1022 ad
648 955 766 1024 urbem
791 954 923 1025 rediere
938 953 1090 1024 victores.
1127 955 1237 1046 Atque
1253 954 1361 1023 statim
1379 953 1498 1024 virtute
1523 955 1659 1044 cognita,

459 1078 583 1151 Marius
617 1077 650 1146 in
683 1077 825 1148 Galliam
858 1078 990 1162 missus,
1025 1101 1100 1171 qum
1131 1090 1209 1147 tune
1240 1079 1408 1147 Romanos
1441 1077 1525 1148 fines
1557 1077 1661 1148 hostili

458 1201 648 1274 incursione
674 1201 825 1272 vexabat.
863 1202 992 1272 Eodem
1018 1213 1166 1294 tempore
1191 1201 1398 1273 Mithridates
1431 1227 1506 1272 cum
1539 1203 1662 1293 magnis

459 1327 562 1420 copiis
588 1326 776 1396 universam
793 1327 907 1396 Asiam
935 1327 1101 1419 urbesque
1125 1328 1292 1396 sociorum
1319 1327 1540 1420 expugnando
1568 1339 1662 1419 atque

458 1450 617 1522 vastando
644 1451 743 1542 sopit
764 1449 927 1541 affligere.
971 1450 1024 1521 hd
1049 1473 1149 1543 quem
1175 1451 1422 1522 cohercendum
1448 1455 1487 1522 L.
1505 1452 1598 1545 Sylla
1619 1462 1664 1520 est

458 1599 535 1646 cum
561 1575 708 1645 exercitu
734 1574 926 1654 destinatus,
953 1576 1048 1644 euius
1073 1577 1106 1644 in
1133 1575 1293 1647 Africano
1319 1575 1409 1646 bello
1433 1576 1573 1668 pmbata
1599 1587 1664 1645 erat

459 1699 606 1792 corporis
632 1709 731 1792 atque
757 1700 862 1770 animi
894 1699 1102 1790 magnitudo.
1147 1701 1221 1770 Hoc
1247 1699 1304 1769 ubi
1331 1700 1437 1770 llario
1463 1713 1662 1794 compertum

458 1835 519 1907 est,
543 1823 735 1904 terminare,
761 1822 850 1916 quod
879 1824 1030 1915 gerebat,
1055 1823 1210 1916 prolium
1237 1823 1418 1904 festinarim
1446 1835 1477 1893 et
1493 1824 1597 1894 homo
1613 1826 1664 1894 in-

457 1948 558 2019 finitae
584 1947 723 2040 cupidus
754 1949 882 2038 glorio,
917 1971 983 2019 non
1020 1947 1208 2041 patiebatur
1237 1947 1423 2018 libertatem
1452 1948 1664 2039 dignitatem·

457 2096 524 2166 que
549 2074 732 2143 Romanam
759 2072 895 2143 alterius
923 2072 1043 2143 virtute
1069 2071 1215 2143 delendi.
1259 2072 1412 2158 Contusis
1437 2073 1537 2165 igitur
1563 2075 1664 2144 Gallis

457 2207 647 2290 vastataque
680 2195 815 2266 natione
847 2197 977 2288 penitus
1009 2195 1226 2266 barbarorum
1253 2197 1393 2266 Romam
1419 2197 1538 2266 iterum
1564 2199 1664 2268 victor

457 2320 601 2390 intravit.
639 2321 755 2414 ltaque
781 2320 936 2390 instinctu
962 2321 1033 2390 eius
1055 2320 1222 2414 Sulpicius
1248 2319 1399 2391 tribunus
1425 2321 1531 2413 plebis
1557 2323 1663 2414 legem

456 2445 542 2525 tulit,
568 2455 604 2514 ut
620 2444 805 2516 auferretur
821 2445 920 2537 Syllae
938 2444 1108 2538 pmvincia
1124 2467 1164 2514 ac
1181 2445 1287 2515 Mario
1304 2445 1448 2516 daretur.
1474 2448 1549 2516 Hoc
1568 2447 1664 2540 Syllae

456 2568 515 2639 ubi
540 2569 735 2639 nunciatum
761 2579 819 2649 est,
852 2571 1035 2639 hluraeuam
1063 2569 1209 2660 legatum
1236 2591 1333 2640 suum
1359 2571 1538 2662 provincia
1565 2572 1664 2641 Vale-

456 2693 626 2786 rianisque
644 2693 792 2785 praelecit
809 2692 981 2774 militibus,
1008 2715 1091 2786 quos
1109 2693 1227 2763 infidos
1253 2695 1350 2764 bellis
1369 2695 1579 2764 existimabat
1595 2719 1665 2764 esse

457 2818 622 2896 civilibus,
661 2827 694 2884 et
725 2837 801 2886 cum
835 2827 927 2908 parte
958 2816 1140 2898 exercitus,
1175 2816 1306 2888 iniuriae
1332 2817 1445 2888 dolore
1470 2831 1664 2897 commotus,

457 2942 500 3013 ud
517 2942 777 3032 extinguendam
795 2941 980 3011 Marianam
1002 2941 1093 3010 venit
1109 2941 1298 3012 factionem.
1338 2943 1454 3012 Statim
1472 2954 1509 3013 ut
1526 2945 1664 3013 Romam

455 3065 556 3147 venit,
582 3065 789 3135 resistentem
812 3065 876 3135 sibi
894 3065 1078 3158 Sulpicium
1103 3077 1135 3134 et
1156 3064 1319 3136 seditiosis
1337 3067 1552 3138 concionibus
1577 3071 1614 3138 R.
1629 3069 1664 3136 P.

456 3189 706 3269 disturbantem,
741 3212 817 3259 cum
842 3190 968 3268 multis,
1003 3212 1086 3282 quos
1112 3191 1176 3260 sibi
1202 3190 1308 3260 socios
1335 3191 1530 3272 adsciverat,
1563 3192 1666 3262 truci-

455 3314 556 3395 davit,
592 3325 690 3408 atque
716 3315 858 3385 Marium
890 3315 1000 3406 ipsum
1030 3314 1295 3385 machinatorem
1327 3325 1425 3385 tantae
1455 3317 1665 3387 contumelia

456 3438 490 3507 in
507 3438 646 3508 erilium
663 3438 789 3531 impetu
814 3437 953 3507 detrusit
977 3460 1160 3509 armorum.
1193 3441 1304 3534 Atque
1326 3439 1396 3523 ille,
1422 3441 1577 3533 quotiens
1596 3441 1667 3510 vic-

455 3575 518 3644 tor,
545 3585 606 3655 per
630 3562 802 3633 Gallorum
829 3573 928 3654 atque
954 3562 1113 3633 Afrorum
1139 3586 1228 3644 rura,
1263 3587 1338 3656 qum
1365 3565 1435 3657 ipse
1468 3575 1665 3646 vastaverat,

454 3687 635 3776 naufragus
660 3697 759 3780 atque
784 3707 910 3776 egenus
937 3686 1070 3756 erravit.
1112 3689 1201 3758 Dum
1220 3686 1292 3756 haee
1310 3698 1465 3777 aguntur,
1498 3689 1608 3760 Cinna
1632 3701 1667 3759 et

455 3810 611 3882 Octavius
650 3809 725 3879 laeti
766 3822 843 3878 sunt
881 3809 1064 3889 Consules;
1106 3833 1248 3903 quorum
1287 3809 1394 3881 Cinna
1431 3811 1472 3880 de
1515 3813 1665 3904 partibus

454 3937 613 4007 lllarianis
649 3935 720 4006 luit.
773 3935 838 4006 flio
872 3936 981 4026 legem
1015 3936 1101 4016 tulit,
1136 3947 1173 4005 ut
1207 3937 1285 4006 novi
1320 3937 1419 4016 cives,
1458 3938 1517 4030 qui
1551 3938 1665 4030 aliqua

453 4061 581 4132 ratione
603 4063 785 4132 Romanam
811 4073 1009 4155 acceperant
1044 4062 1240 4164 civitatem,
1262 4083 1338 4132 cum
1368 4063 1538 4134 veteribus
1571 4065 1666 4134 nulla

454 4185 653 4257 discretione
678 4184 874 4276 suffragium
900 4185 1058 4256 iacerent.
1101 4187 1176 4256 Hoc
1199 4186 1354 4257 videlicet
1383 4186 1417 4256 in
1443 4211 1558 4259 eorum
1585 4210 1666 4280 gra-

452 4309 533 4378 tiam
559 4309 713 4393 iaciebat,
756 4309 813 4401 qui
839 4309 983 4380 hiarium
1013 4310 1183 4402 suffragiis
1217 4311 1285 4381 suis
1318 4313 1503 4382 extulerant
1528 4325 1561 4382 et
1590 4337 1666 4382 am-

452 4435 610 4528 plissimis
636 4433 816 4505 honoribus
843 4433 1050 4505 decorarant.

528 4558 593 4630 Sed
620 4559 691 4628 baec
715 4557 772 4628 lex
797 4557 958 4650 injuriosa
983 4568 1056 4628 erat
1080 4558 1116 4628 in
1141 4570 1269 4630 veteres
1295 4560 1395 4640 cives,
1423 4561 1481 4653 qui
1508 4562 1664 4631 meritum

453 4684 622 4776 dignitatis
638 4682 834 4752 videbantur
851 4681 1013 4762 amittere,
1040 4681 1161 4752 sicum
1181 4685 1275 4755 novis
1302 4684 1449 4775 indignis
1472 4684 1504 4753 in
1524 4685 1663 4754 serendo
