3702 5600
1346 647 1418 718 5t3

214 854 295 907 more
316 845 461 906 facillime
476 845 622 905 exoidere
635 845 749 922 potuit;
770 844 826 904 sed
847 844 985 904 ordinem
1000 845 1163 906 verborum
1188 849 1306 908 mutare
1320 849 1352 907 et
1365 847 1418 908 lu·

213 954 346 1032 paritum
366 953 398 1012 id
416 957 528 1012 iubare
547 953 654 1030 legere
676 953 877 1013 intonsultum
898 952 981 1029 puto.

295 1079 321 1122 o.
350 1065 414 1122 111.
439 1061 517 1139 quod
541 1066 651 1136 copiam
680 1061 822 1138 iuporttoe
847 1061 918 1120 Bas.
944 1063 972 1119 t.
998 1061 1090 1120 atilli
1116 1062 1250 1122 deberent
1265 1063 1419 1138 plurimum

215 1169 303 1228 idem.
325 1167 388 1228 Sed
402 1172 434 1227 et
446 1169 473 1228 is
489 1167 670 1228 pilumnoe.
685 1169 716 1226 in
731 1171 869 1226 extrema
883 1165 958 1227 belli
972 1167 1143 1245 Iugurthini
1159 1171 1246 1244 parto
1261 1170 1355 1230 multa
1368 1177 1419 1231 te·

215 1291 298 1334 moro
314 1278 436 1350 mutant,
450 1275 546 1332 verba
561 1277 772 1350 transponunt,
788 1274 911 1351 glossas
926 1273 1111 1334 adscribunt.
1133 1275 1163 1334 in
1178 1279 1315 1350 ospitare,
1337 1278 1420 1352 quod

215 1383 244 1442 in
266 1381 363 1440 Paris.
386 1398 412 1442 o.
426 1384 576 1442 sincerum
591 1382 648 1454 est,
671 1381 831 1456 plurimum
854 1380 1007 1439 turbatur:
1031 1397 1148 1457 tepore,
1171 1385 1290 1458 aptiore,
1311 1401 1420 1461 teporo

214 1491 334 1565 optare,
355 1487 525 1563 neglectum.
547 1485 672 1545 verbum
694 1487 773 1545 enim
794 1485 966 1546 Plautinum
981 1491 1012 1545 ot
1025 1485 1237 1548 Lucretianum
1256 1494 1311 1550 ast.
1334 1493 1420 1550 moisi

214 1603 299 1656 erum
317 1597 462 1656 meliores
492 1594 598 1655 (lortii.
627 1599 723 1652 astent
747 1594 814 1653 Tur.
836 1610 897 1653 reo.
920 1601 1004 1653 erum
1024 1597 1078 1654 ino.
1100 1595 1168 1654 Par.
1193 1613 1218 1656 o.
1240 1597 1421 1658 omdisoimur

214 1709 281 1763 erat
299 1719 404 1762 omnes
427 1701 494 1760 lere
515 1700 691 1775 Leidenses,
718 1699 774 1761 sed
799 1717 859 1760 non
878 1699 912 1759 B.
936 1687 969 1760 G.
991 1699 1023 1760 t.
1047 1703 1138 1761 otiam
1159 1706 1231 1780 post
1251 1707 1313 1764 otoo
1340 1723 1419 1766 uon-

215 1810 290 1869 nulli
313 1809 383 1868 llas.
405 1811 433 1867 t.
455 1807 540 1867 Laid.
561 1807 599 1866 A.
620 1807 658 1866 ll.
679 1807 715 1866 N.
745 1813 813 1867 sunt
840 1809 1004 1885 apponunt.
1031 1808 1137 1868 lenitur
1157 1817 1186 1870 et
1203 1811 1248 1870 ita
1269 1813 1359 1888 pauci
1380 1829 1420 1872 ex

215 1915 353 1992 optimis;
376 1918 410 1973 ut
429 1915 498 1973 Par.
520 1914 548 1972 b.
571 1913 672 1972 uniar
691 1913 742 1972 vel
765 1913 863 1972 leniter
885 1915 989 1973 ceteri.

296 2039 320 2080 o.
345 2023 410 2080 112.
432 2021 497 2078 (ἰείη
510 2019 600 2080 Baro.
618 2024 643 2078 1.
660 2022 687 2079 3.
709 2019 809 2078 datius
825 2021 891 2078 Par.
907 2020 935 2079 b.
950 2020 1052 2080 dende
1064 2039 1161 2099 nuper
1176 2024 1303 2098 editum;
1328 2024 1419 2085 etiam

212 2125 306 2200 fidere
326 2143 383 2203 pro
408 2127 561 2198 confidere,
594 2126 677 2201 quod
702 2129 818 2185 tantum
844 2125 882 2184 de
910 2126 1002 2186 robus
1025 2143 1081 2187 non
1103 2128 1142 2187 de
1165 2131 1306 2204 personis
1328 2131 1419 2192 otoo-

214 2242 273 2307 tur,
295 2248 414 2291 novum.
437 2231 491 2290 olr.
510 2229 575 2290 Liv.
591 2249 619 2289 m
643 2233 691 2290 45.
712 2231 856 2291 eonsules
879 2232 974 2308 magis
996 2249 1055 2292 non
1078 2233 1230 2293 confidere
1253 2253 1341 2310 quam
1358 2254 1417 2297 uon

215 2341 344 2399 credere
371 2340 436 2398 suis
458 2339 604 2397 militibus
630 2336 695 2397 Liv.
718 2356 781 2397 ιιι.
803 2341 830 2397 l.
878 2337 985 2414 Neque
1013 2341 1127 2400 milites
1155 2341 1216 2400 alio
1247 2343 1324 2402 duoe
1351 2343 1420 2420 plus

215 2448 370 2508 confidere
392 2449 445 2504 aut
466 2444 589 2504 audere.
614 2449 763 2520 praeterea
784 2444 915 2504 Boeotus
937 2447 1096 2521 omittitur,
1118 2447 1229 2507 iuditio
1251 2465 1288 2508 an
1311 2448 1418 2507 inton-

215 2553 393 2626 siderantia,
425 2551 542 2626 nesci03
569 2550 699 2624 denique
723 2555 809 2627 ome
829 2550 929 2624 populi
958 2555 1084 2611 auotoro
1114 2551 1218 2612 Cortio
1245 2554 1419 2630 corrigitur,

215 2657 303 2732 quasi
327 2673 385 2716 non
412 2655 527 2733 saepius
554 2655 616 2714 alia
642 2673 660 2714 a
686 2659 794 2715 senatu
820 2656 956 2731 decreta,
982 2657 1044 2715 alia
1071 2674 1089 2716 a
1110 2658 1223 2734 populo
1246 2660 1329 2719 iussa
1350 2661 1419 2720 sint.

214 2763 283 2822 Etsi
304 2764 397 2838 igitur
418 2780 511 2841 supra
532 2763 672 2838 legimus:
703 2762 851 2835 „Seruatus
873 2764 916 2822 ita
935 2765 979 2822 uti
993 2781 1049 2841 par
1064 2765 1172 2839 luerat,
1194 2766 1340 2840 desernit,
1363 2785 1419 2827 suo

215 2875 307 2945 atque
329 2868 436 2946 populi
457 2869 575 2928 iniussu
597 2868 712 2927 nullum
740 2869 881 2945 potuisse
908 2867 1007 2928 l'oedus
1028 2863 1121 2928 lieri.“
1153 2875 1252 2930 tamen
1274 2871 1420 2947 lugurtba

216 2992 275 3036 non
296 2984 357 3036 tam
378 2977 503 3054 ignarus
524 2992 625 3035 rerum
647 2975 848 3036 Romanarum
874 2979 949 3052 erat,
975 2983 1008 3036 nt
1032 2978 1128 3039 multa
1147 2985 1273 3040 senatus
1295 2981 1420 3041 (leonata

216 3098 235 3140 a
256 3082 370 3158 populo
393 3085 507 3141 mutata
529 3097 599 3140 esse
621 3081 767 3156 nesciret3
789 3087 821 3141 et
843 3099 909 3156 quae
931 3084 994 3142 tum
1010 3085 1037 3142 iu
1060 3084 1136 3143 urbe
1158 3085 1309 3146 sactiones
1324 3093 1420 3165 erant,

216 3188 276 3248 hoo
297 3187 421 3247 saoilius
444 3188 534 3246 otiam
556 3187 622 3246 lieri
651 3188 758 3264 potuit,
789 3191 821 3246 et
850 3186 1032 3248 documento
1058 3188 1116 3248 tuit
1138 3190 1236 3266 ipsius
1260 3192 1333 3252 belli
1354 3192 1421 3254 Nu·

216 3293 319 3353 midioi
344 3292 504 3370 imperium
530 3311 549 3352 a
576 3292 703 3352 Metello
732 3293 771 3352 ad
793 3293 919 3352 Marium
947 3293 1137 3354 translatum.
1159 3294 1215 3354 olr.
1237 3313 1304 3371 qum
1328 3314 1421 3374 supra

216 3405 254 3462 ad
277 3421 303 3462 o.
325 3405 372 3462 82.
394 3401 432 3460 do
454 3419 510 3460 usu
531 3401 690 3477 particulae
712 3408 764 3460 out
782 3403 1014 3479 disputavimus.

297 3513 411 3569 o.113.
445 3513 562 3570 remotio
592 3513 695 3570 oetam
723 3510 811 3569 oodd.
840 3510 896 3570 sed
922 3515 1026 3571 coemo
1052 3511 1193 3573 delerent
1226 3513 1421 3591 interpretes,

217 3615 298 3692 quod
320 3615 441 3691 quidem
462 3616 561 3676 omitti
582 3617 689 3692 potuit,
714 3616 834 3676 minime
857 3617 936 3675 onim
957 3618 1165 3676 necessarium
1188 3621 1244 3692 est,
1274 3619 1330 3679 sed
1351 3621 1420 3680 ele·

215 3729 324 3801 gauter
345 3723 485 3782 subiecto
508 3723 674 3800 opponitur
694 3727 728 3782 ut
748 3713 995 3796 pronuntiator
1015 3722 1071 3782 olb.
1091 3722 1199 3783 lleiud.
1216 3723 1293 3784 Plat.
1311 3723 1420 3803 Georg.

215 3849 245 3908 p.
269 3833 335 3890 tut.
368 3828 491 3888 Walob.
506 3827 631 3888 Emeud.
653 3827 718 3886 Liv.
739 3846 769 3905 p.
792 3830 839 3887 ⁵9.
861 3828 1003 3888 Hildesb.
1021 3827 1099 3888 Krit.
1112 3828 1191 3888 Bibl.
1216 3834 1302 3892 1825.
1325 3831 1376 3902 Νι.
1392 3835 1419 3892 2.

216 3958 245 4017 p.
267 3939 334 3998 201.
356 3938 433 3998 eobo
453 3939 587 4012 eorporis
604 3941 717 4010 puriter
738 3942 795 3996 eto.
821 3937 898 3996 volbo
926 3944 955 3996 et
973 3937 1066 3996 oculta
1089 3941 1201 4013 puriter
1220 3946 1306 4017 utque
1325 3943 1421 3999 animo

217 4050 305 4106 ouriis
332 4045 418 4105 Serv.
439 4043 516 4104 Aen.
539 4063 591 4104 vrr.
615 4047 682 4104 251.
713 4045 789 4104 nebu
815 4045 914 4104 colore
942 4062 978 4105 ao
1002 4051 1081 4105 motu
1105 4051 1238 4121 corporis
1258 4046 1365 4106 Leidrl.
1388 4046 1419 4107 G.

216 4151 251 4210 b.
273 4151 305 4210 ll.
328 4149 362 4209 (i.
383 4150 417 4209 ll.
439 4151 544 4226 plures
565 4149 662 4210 Palat.
685 4151 786 4210 omnia
807 4151 1003 4210 librariorum
1024 4152 1149 4210 inventa
1169 4152 1209 4211 ad
1229 4152 1421 4213 insolentiam

217 4260 367 4320 orationis
387 4258 463 4318 voltu
483 4262 618 4333 eorporis
638 4258 819 4318 leniendam.
844 4259 900 4319 sad
920 4262 1063 4334 corporis,
1085 4258 1166 4334 quod
1185 4276 1273 4319 nemo
1292 4259 1421 4320 deside·

216 4367 341 4441 reverit,
362 4365 514 4427 Salustius
541 4367 610 4426 ideo
632 4367 815 4444 apposuisse
843 4368 995 4444 putandus
1020 4373 1076 4445 est
1104 4373 1136 4429 ut
1164 4373 1258 4428 auimo
1283 4369 1421 4445 baberet,

217 4475 266 4534 oui
296 4481 511 4552 opponeretur.
543 4479 583 4534 ito
608 4481 726 4535 tacente.
753 4479 793 4535 iia
819 4477 890 4536 inde
912 4481 1012 4536 ortum
1037 4477 1117 4552 quod
1147 4493 1279 4552 sequens
1300 4476 1422 4554 syllaba

216 4581 264 4639 bis
290 4582 488 4642 scribebatur.
510 4581 657 4641 occubere
683 4587 714 4640 et
739 4585 802 4641 orit
826 4585 1011 4642 inmutatione
1033 4582 1102 4642 Bas.
1132 4586 1156 4642 1.
1180 4583 1277 4642 Paris.
1300 4601 1326 4642 u.
1348 4599 1420 4642 oor·

216 4687 335 4763 ruptela
357 4689 429 4748 inuio
450 4695 528 4764 orta,
550 4689 631 4764 quod
647 4689 819 4749 litterarum
834 4691 950 4750 tractus
972 4688 1091 4750 confusi
1110 4688 1174 4764 legi
1188 4706 1248 4750 nou
1269 4693 1420 4767 poteraut.
