3702 5600
1327 625 1399 696 495

195 827 288 886 etiam
318 815 368 887 luis
395 823 566 885 rationibus
595 825 778 902 optimorum
807 824 955 884 librorum
990 823 1085 885 leotio
1115 823 1318 885 ooullrmetur.
1362 821 1403 884 llt

196 932 255 992 boo
275 948 353 991 unus
379 931 507 1006 quisque
534 928 690 1006 iutelligit,
714 930 865 1007 partioula
891 933 1003 989 intereo
1023 929 1153 990 alteram
1175 931 1328 990 sotionem
1349 931 1400 990 el·

195 1039 255 1099 teri
275 1039 391 1099 maiore
413 1041 542 1116 quedem
563 1057 631 1099 oum
652 1039 683 1100 vi
710 1039 825 1116 opponi
852 1039 919 1098 sive
944 1039 1103 1114 utriusque
1131 1039 1311 1116 dignitatem
1333 1038 1401 1099 lere

197 1146 322 1221 equari3
344 1147 452 1204 eontra
471 1147 584 1204 ιἰιειήιι
602 1145 720 1205 minora
743 1143 811 1204 iere
831 1143 1062 1220 subiunguntur.
1097 1144 1160 1204 lam
1175 1145 1236 1205 otei
1250 1142 1402 1206 Salustius

196 1269 256 1312 non
277 1252 377 1312 solum
398 1252 512 1311 bellum
532 1251 741 1328 Iugurthinum
767 1253 922 1311 momoria
942 1251 1079 1329 prodere
1103 1251 1211 1310 statuit
1231 1251 1288 1310 sed
1309 1252 1402 1311 etiam

196 1356 236 1418 de
257 1363 338 1418 statu
360 1360 406 1418 rei
427 1359 572 1436 publium,
602 1366 634 1417 et
661 1375 722 1433 quo
747 1359 840 1418 modo
865 1361 928 1418 tum
956 1358 1084 1436 primum
1113 1357 1266 1436 superbia
1285 1358 1403 1420 nobili·
1467 1389 1470 1397 ·

196 1466 270 1525 tatis
299 1465 422 1525 obviam
451 1466 525 1524 itum
546 1465 596 1539 sit,
622 1465 683 1524 boo
703 1467 805 1525 tamen
826 1481 883 1542 per
903 1481 938 1524 se
960 1463 1153 1526 manifestum
1175 1469 1238 1541 est,
1272 1467 1404 1526 omnium

197 1571 264 1632 lere
285 1572 440 1632 homiuum
460 1574 493 1631 et
512 1571 647 1631 maxime
660 1571 864 1632 Romanorum
882 1571 1000 1631 animos
1022 1571 1119 1648 magis
1140 1571 1180 1631 ad
1199 1589 1251 1632 res
1273 1572 1403 1632 bellioas

197 1696 284 1754 quam
306 1677 348 1737 ad
368 1676 588 1737 altereationes
609 1677 791 1737 tribunicias
813 1693 885 1736 esse
906 1680 1060 1753 attentos;
1087 1677 1170 1753 quod
1191 1676 1313 1753 quidem
1332 1676 1402 1754 ipse

197 1784 349 1846 Salustius
382 1783 531 1860 particula
563 1787 677 1843 interim
712 1783 873 1860 signifieat.
910 1785 944 1842 G.
973 1783 1119 1842 Marnillus
1154 1783 1327 1843 Limetanus.
1360 1783 1405 1843 ita

199 1908 306 1951 omues
327 1889 401 1950 libri
422 1891 455 1949 et
474 1889 543 1967 ipse
564 1888 635 1948 Bas.
656 1887 723 1948 Eiu.
737 1889 806 1950 Tur.
827 1889 920 1949 etiam
940 1905 988 1967 ep.
1011 1888 1072 1949 Cio.
1087 1887 1172 1950 Brut.
1194 1891 1242 1950 33.
1264 1889 1405 1967 plerique

200 1999 281 2059 libri.
302 1997 440 2058 Manilius
462 1995 601 2056 defendit
618 1993 746 2074 Pighius
767 1995 875 2057 Annal.
899 1999 981 2056 tm.
1002 2013 1031 2073 p.
1050 1998 1116 2056 123.
1138 1995 1230 2054 etde
1251 1996 1405 2056 nominum

199 2105 323 2165 illorum
345 2105 528 2166 contusione
549 2105 614 2181 egit
635 2104 755 2165 Gruter.
776 2102 898 2164 alcio.
920 2105 959 2164 de
981 2103 1030 2164 0r.
1045 2123 1064 2164 1.
1086 2106 1134 2163 58.
1156 2107 1188 2164 et
1208 2103 1341 2183 interpp.
1364 2105 1405 2165 ad

198 2209 264 2274 liv.
274 2230 373 2272 xxvn.
389 2215 436 2272 35.
452 2213 549 2290 Magis
565 2212 657 2271 etiam
671 2211 742 2270 libri
755 2211 879 2270 variant
894 2211 1105 2286 inlinemus,
1120 2211 1172 2270 ubi
1185 2227 1290 2273 omues
1304 2212 1404 2272 libra-

198 2322 315 2382 riorum
335 2338 460 2382 errores
483 2321 661 2380 exscribere
678 2320 799 2398 longum
816 2324 848 2379 ot
862 2320 1024 2381 molestum
1043 2324 1092 2379 est
1113 2320 1168 2380 eir.
1186 2318 1269 2380 Cort.
1284 2319 1325 2378 ad
1339 2320 1368 2379 b.
1384 2319 1405 2379 l.

198 2430 231 2487 et
252 2427 362 2488 0rellii
392 2426 469 2505 0pp.
498 2426 559 2486 Cio.
582 2427 613 2485 Τ.
635 2445 698 2484 vm.
734 2425 829 2486 ludex
860 2425 975 2504 Legum
996 2445 1024 2504 p.
1047 2429 1114 2487 217.
1143 2428 1316 2504 neplopinaot
1334 2425 1405 2486 Bas.

198 2534 296 2594 Paris.
323 2534 356 2591 Z.
377 2533 454 2592 Van.
480 2535 505 2590 l.
526 2551 565 2591 m.
586 2550 631 2609 pr.
652 2532 766 2609 nepteo.
786 2531 852 2592 ltin.
874 2533 942 2591 'lun
963 2532 1047 2593 Leid.
1069 2531 1153 2592 illam
1175 2533 1305 2592 formem
1326 2549 1405 2593 eou-

199 2641 300 2700 firmat
321 2638 419 2699 Diom.
448 2655 476 2716 p.
499 2639 567 2698 366.
591 2639 732 2716 exemplo
754 2654 794 2697 ox
814 2637 947 2697 Aemilio
969 2639 1075 2698 blaoro
1095 2639 1191 2699 allato
1214 2643 1247 2699 et
1267 2639 1406 2700 Priscia-

199 2765 254 2807 nus
277 2766 306 2806 ιι.
321 2748 348 2806 6.
364 2747 411 2804 33.
435 2762 464 2823 p.
481 2746 551 2804 396.
573 2743 625 2803 Κι.
647 2761 746 2820 neque
768 2744 835 2804 eius
855 2745 998 2806 leotiouis
1018 2747 1186 2806 auotoritas
1209 2747 1404 2823 imminuitur,

199 2853 281 2928 quod
303 2852 373 2911 aliis
394 2852 473 2912 loris
495 2853 563 2912 sino
584 2850 646 2910 ulla
665 2853 818 2912 varietate
835 2852 964 2929 sepierit
977 2854 1125 2930 scriptum
1140 2861 1189 2914 est
1202 2852 1258 2913 oir.
1275 2853 1339 2914 Cat.
1358 2857 1405 2914 18.

198 2961 258 3020 boo
285 2961 364 3019 enirn
393 2961 463 3021 looo
493 2961 571 3036 legis
601 2959 734 3021 formula
765 2959 913 3035 retertur,
949 2961 1001 3021 ubi
1029 2968 1136 3022 vetere
1163 2964 1260 3024 verba
1289 2968 1407 3023 mutare

200 3065 335 3126 Salustio
364 3066 476 3144 religio
505 3066 571 3126 fuit.
614 3065 654 3126 Et
675 3067 704 3126 in
728 3068 902 3127 uuiversum
929 3066 1098 3127 falsissima
1120 3085 1225 3129 eorum
1247 3073 1297 3130 est
1317 3069 1407 3146 ratio,

200 3173 299 3250 quisi
321 3171 419 3231 forma
440 3171 578 3246 quaedam
593 3173 748 3247 antiquior
763 3189 821 3232 uno
843 3173 984 3232 alterove
1007 3173 1076 3233 looo
1099 3191 1116 3233 a
1139 3175 1292 3251 scriptore
1313 3193 1405 3234 usur-

199 3283 272 3355 pata
294 3276 396 3351 luerit,
425 3278 553 3337 eandem
579 3277 722 3337 omuibus
751 3277 830 3338 lonis
858 3279 1031 3338 restitutam
1059 3279 1176 3341 volunt.
1219 3279 1300 3340 Aliis
1327 3282 1408 3341 enim

199 3383 278 3444 locis
301 3381 380 3442 alius
402 3382 551 3442 orationis
575 3383 671 3459 color,
693 3383 778 3443 aliud
799 3385 962 3462 soriptoris
983 3385 1145 3444 eonsilium
1163 3389 1220 3446 est.
1239 3403 1294 3462 per
1314 3394 1410 3446 sootos

199 3491 317 3552 liuticos
338 3491 394 3550 sed
415 3507 472 3564 per
497 3490 558 3550 alio
590 3495 763 3552 atramento
794 3495 825 3552 et
850 3509 938 3552 manu
963 3493 1138 3553 recentiore
1161 3494 1309 3571 seriptum
1337 3491 1409 3553 Bes.

200 3607 362 3672 nitrumque
376 3601 461 3656 reete
476 3598 602 3674 diuitur5
619 3615 676 3673 per
690 3599 805 3658 omisso
825 3598 940 3660 arelius
958 3600 1122 3678 iunguntur
1135 3601 1212 3661 sooii
1226 3600 1327 3661 ltalioi
1343 3618 1410 3661 oum

200 3705 323 3765 nomine
344 3703 465 3777 Latino,
487 3704 593 3764 addito
613 3705 821 3785 seiungamus,
843 3705 925 3780 quod
947 3712 1106 3783 utrumque
1126 3707 1242 3784 passim
1264 3707 1408 3767 oeourrit.

201 3810 256 3870 uir.
283 3810 314 3871 S.
336 3809 369 3871 C.
392 3811 431 3870 de
447 3810 704 3872 Baoohaualibus:
734 3811 864 3871 CElVlS
885 3813 1085 3873 ROMANVS.
1107 3813 1215 3873 NEVE
1235 3812 1409 3874 NOMlNllS

201 3917 279 3990 (sio)
309 3918 451 3979 LAllNl.
481 3918 598 3979 Nuvu.
636 3919 782 3981 SOCIVM
815 3921 1023 3990 QUlSQUAM.
1055 3921 1115 3983 Cio.
1149 3924 1189 3983 de
1220 3922 1294 3997 Rep.
1315 3938 1335 3978 ι.
1363 3921 1409 3979 13.

200 4030 351 4086 cantatis
371 4028 460 4084 noetis
481 4032 509 4085 et
527 4029 641 4085 nomino
661 4028 773 4086 Latino.
795 4027 838 4086 ld.
862 4030 888 4102 3,
912 4030 960 4088 29.
982 4031 1130 4088 soolororn
1148 4030 1328 4103 neminisque
1348 4025 1411 4084 Lu-

200 4135 252 4191 tr‘nr'
273 4135 340 4192 ιἰιιιι
360 4131 497 4208 nepteer't.
518 4131 599 4191 inira
620 4149 644 4192 o.
660 4135 708 4192 33.
735 4133 818 4192 modo
836 4150 892 4210 per
912 4137 1009 4194 aoeioa
1032 4150 1069 4193 oo
1088 4150 1191 4193 nornen
1211 4133 1350 4192 Lennorn.
1379 4133 1412 4188 et

200 4238 323 4317 passim.
365 4239 427 4300 Sed
458 4257 594 4315 quaenam
623 4241 677 4301 ille
703 4242 921 4319 impedimenta
948 4241 1076 4318 fuerint,
1111 4241 1282 4302 accuratius
1303 4241 1412 4298 auotor

202 4361 261 4405 non
277 4346 429 4422 exposuit.
451 4347 518 4423 fuit,
540 4348 592 4422 qui
614 4347 653 4406 do
674 4349 877 4408 seditionibus
898 4348 1059 4408 movendis
1077 4348 1239 4427 cogitaret,
1259 4350 1413 4420 umquam

201 4451 262 4512 hoo
282 4468 342 4511 nou
364 4450 529 4536 ⁸suffragiis
558 4453 626 4512 lieri
650 4454 794 4531 potuerit.
823 4455 861 4513 de
883 4452 1001 4514 Latinis
1022 4454 1082 4514 boo
1103 4453 1245 4514 dubitare
1265 4451 1412 4511 insulsum

201 4562 259 4618 est.
282 4559 338 4618 sed
361 4559 452 4617 etiam
482 4559 595 4617 multos
620 4559 723 4618 sooios
745 4559 793 4619 ius
815 4560 954 4637 suffragii
977 4559 1098 4620 ferendi
1119 4565 1190 4619 ente
1211 4557 1311 4634 legem
1333 4554 1412 4614 Car-

201 4668 291 4728 bonis
312 4668 491 4745 suspirasse
517 4673 549 4727 et
573 4683 630 4745 pro
652 4667 773 4728 nivibus
796 4667 942 4729 Romanis
963 4685 999 4728 se
1022 4669 1163 4744 gessisse
1184 4666 1263 4727 setis
1278 4665 1412 4724 constat.
