3526 5604
450 659 522 728 270

450 856 597 930 Arcados
632 853 825 946 transgressi
860 853 894 922 in
925 851 1055 922 ltaliam
1084 849 1240 924 Aeolium
1265 871 1454 924 sermonem
1479 850 1638 929 attulerint,

451 985 550 1054 taor.
576 982 682 1072 Lptlus
707 981 745 1048 dc
769 1001 854 1070 mog.
878 975 909 1060 1,
936 974 971 1047 5.
1076 973 1132 1045 13.
1161 975 1242 1045 Cato
1268 974 1301 1043 in
1329 974 1438 1067 primo
1460 974 1638 1066 Originum:

451 1103 687 1180 Antemnantia
708 1095 1001 1191 [Antemnatiuml]
1027 1100 1172 1170 veterior
1186 1110 1233 1170 est
1250 1121 1349 1192 quam
1367 1101 1486 1168 Roma.
1518 1099 1639 1168 lliseio-

450 1253 511 1300 mss
537 1228 573 1311 6,
603 1227 659 1310 15,
685 1225 745 1299 80.
849 1227 905 1296 ll.
933 1228 983 1298 Dc
1008 1227 1123 1296 Latino
1151 1225 1258 1296 Ulixis
1291 1241 1317 1294 et
1344 1226 1444 1295 Circes
1478 1226 1544 1317 filio
1571 1227 1641 1294 lonas

452 1356 559 1426 Seruii
583 1356 627 1424 od
649 1354 737 1444 Vcrp.
762 1355 840 1422 Aen.
871 1349 902 1432 1,
929 1350 1014 1422 277.
1041 1375 1105 1422 uon
1130 1367 1173 1421 cst
1191 1353 1330 1432 Catonis,
1357 1351 1640 1420 coceineum

451 1479 544 1548 oielt's
570 1479 637 1546 mus
662 1499 772 1546 rromro
798 1499 862 1544 oon
887 1475 1012 1565 legitor.
1117 1475 1174 1544 15.
1202 1477 1244 1546 At
1262 1474 1344 1544 Cato
1371 1475 1403 1542 in
1431 1473 1568 1564 Origine
1590 1495 1640 1562 ge-

452 1603 541 1673 neris
567 1600 709 1672 Romani
736 1599 780 1670 ita
805 1599 921 1669 docet:
961 1623 1053 1669 suem
1087 1598 1219 1688 triginta
1251 1597 1405 1689 porculos
1431 1598 1589 1689 peperisse
1611 1595 1639 1665 in

452 1751 493 1798 eo
527 1729 613 1807 loco,
645 1725 702 1796 nbi
735 1745 823 1796 nunc
857 1734 905 1793 est
930 1724 1031 1795 Lavi-

452 1853 557 1933 nium,
584 1871 728 1940 cumque
747 1849 877 1922 Aeneas
899 1846 946 1918 ibi
971 1872 1030 1918 ur·
1081 1847 1226 1927 Troiam,
1247 1900 1254 1914 .
1275 1899 1312 1915 ..
1339 1857 1374 1917 ut
1396 1848 1539 1939 primum
1565 1846 1642 1914 uenit

451 1977 528 2046 bern
547 1975 690 2046 condere
701 1973 920 2056 constituisset
929 1995 1031 2065 prop·
1081 1970 1114 2041 in
1132 1971 1273 2051 ltaliam,
1301 1971 1378 2042 lecit
1397 1974 1542 2052 Aeneas,
1566 1983 1597 2040 ut
1615 1982 1642 2038 et

452 2111 568 2193 terque
583 2099 657 2190 agri
675 2097 882 2168 sterilitatem
900 2107 1031 2166 metne-
1082 2094 1195 2166 Livius
1213 2096 1246 2164 in
1264 2097 1372 2188 primo
1390 2107 1422 2166 et
1436 2095 1517 2166 Cato
1533 2094 1642 2166 inOri·

451 2235 513 2303 ret,
531 2223 747 2315 perquietcm
761 2220 792 2290 ei
806 2220 1030 2291 visadcorum
1080 2217 1213 2310 ginibns
1244 2230 1414 2290 testantur.
1459 2221 1581 2290 Sao-‘o
1606 2219 1643 2286 od

452 2349 610 2418 Penatum
638 2346 817 2416 simulacra
847 2344 1030 2414 adhortan·
1085 2343 1171 2434 Vcrp.
1197 2347 1274 2412 Aeo.
1302 2342 1332 2422 1,
1354 2343 1388 2413 9.
1410 2343 1444 2420 7.
1467 2341 1547 2414 158.

452 2470 534 2540 tium
571 2482 605 2539 nt
629 2482 857 2564 perseveraret
888 2471 922 2537 in
951 2491 1033 2538 con·

452 2593 558 2664 denda
585 2594 667 2663 urbo
699 2613 801 2685 quam
827 2603 997 2683 coeperat:
1037 2613 1115 2662 nam
1148 2605 1219 2685 post
1250 2615 1355 2663 annos
1387 2593 1534 2672 totidem,
1576 2603 1646 2692 quot

452 2719 535 2788 letus
561 2716 650 2786 illius
676 2716 742 2786 suis
765 2726 885 2794 essent,
912 2716 1075 2786 Troianos
1101 2716 1135 2784 in
1162 2717 1235 2786 loca
1261 2717 1380 2786 fertilia
1406 2729 1505 2812 atque
1522 2717 1645 2788 uberio-

451 2865 522 2912 rem
558 2863 676 2931 agrum
710 2840 1000 2930 transmigraturus
1030 2852 1062 2909 et
1096 2841 1212 2910 urbem
1245 2841 1420 2912 clarissimi
1454 2843 1595 2912 nominis
1616 2842 1644 2910 iu

451 2968 547 3038 ltalia
572 2963 772 3036 conditurus.
816 2964 921 3054 Igitur
946 2963 1102 3034 Latinum
1129 2965 1352 3058 Aboriginum
1378 2989 1505 3057 regem,
1532 2991 1604 3037 cum
1619 2965 1645 3034 ei

451 3091 646 3162 nunciatum
671 3099 756 3158 esset
773 3086 1020 3157 multitudinem
1046 3087 1251 3159 advenarum
1278 3091 1383 3160 classe
1409 3090 1580 3160 advectam
1595 3114 1645 3158 oc-

452 3217 622 3308 cupavisse
648 3237 766 3306 agrum
792 3217 1004 3294 Laurentem,
1038 3215 1215 3284 aduersum
1246 3216 1372 3287 subitos
1401 3217 1644 3310 inopinatosque

451 3339 560 3408 bostes
586 3339 812 3410 incunctanter
838 3361 914 3408 suas
947 3339 1058 3431 copias
1084 3339 1255 3421 eduxisse3
1292 3364 1331 3410 ac
1365 3340 1557 3433 priusquam
1586 3341 1647 3430 sig·

452 3487 532 3536 num
566 3461 745 3534 dimicandi
775 3463 879 3542 daret,
910 3462 1181 3533 animadvertisse
1206 3464 1365 3534 Troianos
1391 3465 1578 3536 militariter
1600 3464 1646 3532 in-

323 3591 332 3612 ·
451 3597 600 3666 structos,
628 3608 704 3656 eum
729 3585 782 3656 sui
807 3585 972 3677 lapidibus
994 3609 1033 3656 ac
1051 3587 1187 3658 sudibus
1204 3588 1335 3666 armati,
1361 3598 1431 3657 tum
1450 3587 1550 3657 etiam
1568 3597 1646 3655 ueste

451 3723 508 3782 aut
539 3710 693 3804 pellibus,
727 3732 814 3802 quoe
849 3709 897 3778 eis
927 3710 1155 3800 integumento
1189 3720 1294 3792 erant,
1328 3711 1470 3780 sinistris
1503 3713 1646 3782 manibus

451 3835 605 3906 involutis
630 3832 874 3926 processissent.
913 3833 1029 3924 ltaque

451 3981 609 4053 suspenso
632 3957 813 4026 certamine
838 3979 897 4048 per
923 3957 1028 4026 collo·
1078 3962 1160 4032 Cato
1180 3960 1214 4028 in
1235 3959 1430 4051 Originibus
1458 3955 1644 4050 [Anchisen]

451 4084 568 4176 quium
609 4079 766 4173 inquisito
813 4081 870 4171 qui
920 4093 1029 4150 essent
1079 4084 1261 4154 adltaliam
1280 4085 1406 4154 venisse
1425 4086 1521 4156 docet
1540 4142 1548 4158 .
1569 4141 1576 4156 .
1594 4141 1601 4156 .
1618 4099 1644 4154 et

452 4206 572 4300 quidve
589 4212 749 4296 peterent,
776 4196 901 4296 (utpote
918 4203 977 4296 qui
994 4205 1028 4272 in
1078 4220 1149 4301 post
1186 4209 1339 4279 Latinum
1369 4211 1586 4307 Turnumque
1619 4219 1645 4278 et

344 4407 353 4426 .
451 4328 1029 4400 bocconsiliumauctoritatennmi-
1077 4334 1231 4404 Amatam
1242 4333 1362 4404 dicitur
1371 4337 1563 4406 excessisse.
1581 4338 1645 4406 Ser-

451 4476 532 4524 num
555 4451 744 4543 cogebatur,
773 4474 918 4544 namque
945 4454 1028 4523 extis
1077 4459 1149 4525 uias
1171 4459 1215 4526 od
1237 4457 1323 4548 Verp.
1350 4459 1427 4526 Aen.
1456 4456 1490 4542 3,
1514 4459 1595 4533 711.
1614 4455 1642 4534 A,

451 4601 491 4648 ac
503 4577 640 4647 somniis
657 4597 756 4668 saepe
774 4577 973 4647 ammonitus
992 4603 1029 4648 e-
1077 4577 1162 4650 427.
1201 4579 1231 4662 1,
1267 4578 1353 4652 574.
1402 4582 1528 4654 Tamen
1556 4585 1643 4654 etiam

452 4713 504 4772 rat
516 4702 669 4772 tutiorem
683 4723 718 4770 se
729 4700 905 4772 adversum
918 4700 1028 4772 hostes
1077 4706 1260 4776 secundum
1299 4707 1459 4778 Catonem
1499 4708 1643 4779 historiae
