3582 5594
481 644 528 712 90

557 864 612 913 nx.
662 844 791 914 Eodem
816 853 963 936 tempore
989 842 1077 936 apud
1102 845 1237 912 Zamam
1263 861 1383 932 magua
1418 840 1451 908 ri
1483 839 1680 910 certabatur.

482 966 546 1039 Ubi
572 965 713 1058 quisquc
737 965 865 1058 legatus
890 975 947 1036 ent
970 966 1122 1037 tribuum
1150 965 1295 1046 curabat,
1330 987 1370 1034 eo
1403 987 1576 1034 acerrume
1602 963 1679 1042 niti;

482 1113 592 1184 noque
618 1091 702 1162 atius
727 1091 763 1161 in
788 1091 855 1162 alio
879 1092 985 1184 magis
1011 1114 1110 1184 quam
1136 1091 1171 1162 in
1197 1113 1268 1161 sese
1294 1113 1386 1184 spem
1412 1089 1554 1171 babere;
1590 1089 1683 1182 pari-

483 1227 600 1310 terque
625 1215 782 1310 oppidani
807 1239 919 1309 agere,
958 1238 1151 1310 oppugnare
1180 1227 1237 1288 aut
1260 1238 1378 1309 parare
1403 1215 1556 1286 omnibus
1581 1213 1681 1290 locis;

482 1341 611 1412 avidius
636 1339 730 1410 atteri
756 1340 876 1410 alteros
901 1339 1051 1410 sauciare
1068 1361 1169 1432 quam
1185 1349 1290 1409 semet
1307 1350 1437 1431 tegere3
1454 1339 1588 1434 ‚elamor
1603 1360 1684 1430 pcr-

484 1465 606 1536 mixtns
631 1463 828 1547 hortatione,
854 1463 978 1544 laetitia,
1004 1461 1141 1553 gemitu,
1167 1461 1245 1532 itcm
1270 1461 1423 1555 strepitus
1448 1483 1615 1532 armorum
1640 1460 1683 1531 ad

485 1589 605 1659 culum
631 1587 730 1658 terri:
758 1587 824 1657 tela
849 1585 1016 1680 utrimque
1040 1586 1165 1656 rotare.
1213 1585 1278 1656 Sed
1304 1584 1366 1667 illi,
1392 1584 1450 1676 qni
1474 1586 1598 1656 moenia
1622 1585 1686 1655 de-

486 1713 668 1794 fensabant,
701 1711 759 1782 nbi
791 1712 900 1783 hostes
925 1710 1060 1804 paulum
1094 1709 1192 1780 modo
1216 1731 1363 1803 pugnam
1387 1709 1593 1792 remiserant,
1631 1711 1687 1778 iu-

485 1838 567 1909 tenti
592 1838 742 1930 praelium
769 1847 919 1931 equestre
935 1837 1204 1930 prospectabant;
1232 1857 1299 1918 eos,
1325 1835 1372 1906 uti
1398 1858 1540 1929 quseqnc
1566 1837 1687 1926 lugur-

486 1960 552 2032 the
578 1984 631 2032 rcs
656 1971 762 2044 erant,
788 1961 879 2031 laetos
897 1961 1006 2043 modo,
1031 1959 1131 2030 modo
1155 1959 1291 2052 pavidos
1311 1959 1607 2030 animadvorteres:
1634 1979 1686 2036 ac,

487 2085 584 2156 sicuti
609 2083 716 2154 audiri
741 2106 761 2153 a
787 2083 854 2153 suis
881 2095 938 2154 aut
962 2084 1054 2153 cerni
1079 2093 1221 2176 possent,
1253 2059 1388 2154 monere
1416 2083 1488 2164 aiii,
1522 2083 1581 2153 alii
1606 2081 1688 2152 bor-

488 2209 561 2292 tari,
588 2219 646 2280 sut
670 2230 773 2279 maun
798 2207 999 2299 significare,
1030 2219 1089 2278 aut
1117 2206 1178 2277 niti
1203 2205 1406 2300 corporibm,
1441 2219 1475 2277 ct
1499 2229 1539 2276 ea
1565 2206 1630 2277 boc
1655 2217 1689 2276 et

487 2332 567 2404 illuc
602 2331 698 2425 qnasi
734 2331 905 2402 vitabundi
936 2340 993 2402 ant
1025 2330 1180 2401 incientes
1214 2329 1279 2400 teia
1309 2329 1446 2422 agitare.
1498 2330 1596 2414 Quod
1630 2332 1689 2402 nbi

487 2457 595 2530 biario
612 2455 780 2548 cognitum
797 2464 857 2539 est,
881 2476 960 2524 nam
985 2453 1013 2523 is
1040 2454 1076 2523 iu
1101 2476 1141 2523 ca
1165 2462 1258 2546 parte
1284 2451 1435 2536 curabat,
1461 2453 1612 2523 consulto
1636 2453 1691 2523 le-

488 2580 563 2652 nius
596 2601 697 2671 agere
730 2601 769 2649 ac
801 2576 1018 2648 diffidentiam
1046 2576 1098 2647 rei
1126 2575 1295 2658 simulare,
1332 2576 1401 2669 pati
1426 2576 1586 2648 Numidas
1619 2577 1692 2646 sine

489 2704 633 2775 tumultu
657 2701 747 2794 regis
772 2702 923 2794 praelium
944 2700 1063 2772 visere.
1104 2702 1153 2771 lta
1177 2701 1243 2772 illis
1267 2701 1376 2771 studio
1400 2723 1535 2772 suornm
1553 2702 1693 2772 adstric-

490 2829 544 2911 tis,
569 2835 706 2921 repente
731 2848 852 2918 magna
876 2825 909 2896 vi
927 2846 1062 2896 mumm
1080 2825 1289 2918 adgreditur:
1316 2837 1349 2896 et
1364 2827 1432 2898 iam
1448 2827 1547 2898 scalis
1567 2825 1692 2917 egressi

490 2952 611 3024 milites
635 2973 740 3043 prope
764 2971 893 3019 summa
918 2957 1086 3041 ceperant,
1113 2970 1189 3018 curn
1215 2947 1374 3042 oppidani
1399 2958 1614 3030 concurrunt,
1641 2949 1695 3017 la·

491 3077 595 3171 pides,
612 3077 736 3168 iguem,
754 3075 820 3146 alia
833 3085 993 3167 praeteres
1005 3075 1071 3144 tcta
1082 3074 1247 3165 ingerunt
1273 3076 1383 3146 Nostri
1395 3075 1504 3168 primo
1520 3075 1695 3152 resistere;

491 3199 624 3280 deinde,
661 3197 717 3268 ubi
744 3221 818 3269 unae
850 3207 948 3290 atque
974 3197 1086 3268 altorae
1110 3198 1209 3268 soatae
1234 3198 1457 3279 comminntn,
1490 3197 1549 3290 qui
1575 3221 1697 3291 super·

492 3333 659 3406 steterant,
693 3321 808 3392 afflicti
832 3331 928 3404 sunt;
974 3322 1087 3405 ceteri,
1124 3323 1384 3414 quoquomodo
1409 3333 1559 3417 potuere,
1596 3323 1696 3416 pauci

492 3447 630 3540 integri,
670 3466 792 3537 magna
825 3467 900 3538 pars
939 3445 1132 3516 vulneribm
1169 3445 1309 3516 coniecti
1346 3445 1479 3516 abeunt.
1540 3447 1698 3538 Deniqnc

492 3571 659 3663 utrimque
685 3568 838 3662 praelium
862 3591 931 3638 uox
955 3567 1098 3638 diremit.

567 3716 637 3764 uxr.
685 3693 856 3774 bictellus,
898 3690 956 3761 nbi
994 3690 1082 3762 sidet
1114 3692 1235 3764 frustm
1260 3691 1426 3783 inceptum
1461 3713 1572 3784 ncque
1598 3693 1700 3787 oppi-

494 3818 574 3889 dum
613 3817 698 3910 capi,
736 3840 846 3910 neque
869 3815 1077 3909 Iugurtham,
1115 3816 1178 3886 nisi
1214 3839 1255 3886 ex
1281 3816 1408 3887 insidiis
1440 3826 1499 3886 ant
1536 3839 1598 3887 suo
1624 3817 1701 3886 loco

495 3967 643 4039 pugnam
661 3946 781 4025 tacere,
808 3955 840 4013 et
859 3943 926 4013 iam
942 3953 1088 4012 aestatcm
1108 3952 1259 4013 exactam
1276 3965 1358 4024 esse,
1384 3941 1427 4012 ab
1440 3945 1541 4012 Zama
1557 3941 1702 4011 discedit

496 4081 530 4140 et
553 4071 589 4142 in
614 4068 665 4140 his
691 4065 838 4148 urbibus,
865 4087 941 4159 quae
967 4066 1009 4136 ad
1026 4088 1062 4136 sc
1079 4064 1280 4149 defecerant,
1306 4065 1451 4158 satisque
1468 4064 1605 4136 munito
1626 4065 1704 4136 loco

496 4205 553 4265 aut
577 4195 744 4265 moenibus
768 4204 873 4276 erant,
904 4193 1057 4286 praesidia
1081 4193 1220 4286 inponit.
1271 4191 1427 4264 Ceterum
1452 4192 1641 4263 exercitum
1668 4194 1703 4262 iu

495 4318 712 4410 provinciam,
738 4339 813 4410 quse
838 4339 1000 4410 proxuma
1026 4327 1074 4386 est
1095 4316 1272 4400 Numidia,
1297 4314 1469 4386 hicmandi
1493 4315 1603 4407 gratia
1630 4316 1705 4386 ool-

496 4443 594 4513 locat.
637 4445 753 4535 Neque
778 4443 811 4513 id
836 4453 966 4536 tempus
992 4467 1034 4514 cx
1059 4441 1200 4514 aliorum
1225 4465 1317 4513 more
1344 4441 1451 4535 quieti
1474 4453 1532 4514 ant
1555 4429 1704 4514 luxuria

498 4565 659 4649 concedit,
700 4565 757 4637 scd
800 4565 959 4660 quoniam
985 4567 1085 4637 armis
1110 4565 1236 4636 bellum
1261 4587 1379 4657 parum
1404 4563 1620 4657 procedebat,
1649 4567 1705 4635 in-

498 4688 597 4759 sidias
630 4689 702 4780 regi
728 4711 788 4780 per
813 4689 936 4761 amicos
960 4689 1096 4759 tcnderc
1122 4700 1155 4758 et
1185 4711 1299 4760 corum
1331 4687 1471 4780 pertidia
1503 4712 1564 4781 pro
1599 4690 1706 4762 armis
