3610 5592
735 627 794 673 xxl

163 799 229 860 llaee
257 807 320 860 tum
348 801 414 860 vila
443 800 596 861 bominum
628 804 702 860 erat.
745 799 949 880 Corrumpere
978 808 1011 862 et
1041 805 1194 879 eorrumpi
1224 804 1365 863 saeculum

163 907 338 982 vocabatur,
357 914 397 982 et,
412 915 446 966 ut
458 907 585 966 Salustii
600 908 704 966 verbis
721 913 797 982 utar,
812 925 870 984 pro
885 909 1011 986 pudore,
1027 927 1083 988 pro
1094 910 1289 985 abstinentia,
1309 927 1366 986 pro

164 1015 282 1088 virtute,
305 1015 434 1074 audacia
465 1014 589 1092 largitio
615 1015 747 1074 avaritia
772 1015 928 1092 vigebant.
969 1015 1031 1074 Sed
1057 1015 1152 1075 libido
1174 1016 1281 1092 stupri,
1307 1033 1366 1092 ga·

163 1137 224 1178 neae
245 1121 407 1197 ceterique
428 1122 527 1181 cultus
548 1137 608 1180 noo
622 1119 720 1180 minor
739 1122 924 1196 incesserat;
946 1122 1007 1181 viri
1028 1123 1187 1182 muliebria
1201 1122 1274 1200 pati,
1296 1138 1363 1180 mu-

162 1226 253 1286 lieres
276 1227 455 1304 pudicitiam
476 1228 506 1286 in
527 1228 690 1304 propatulo
706 1228 830 1287 babere.
858 1263 890 1272 —-
913 1228 1029 1296 Quodsi
1045 1229 1113 1304 quis
1137 1228 1228 1287 etiam
1243 1245 1261 1286 a
1276 1227 1366 1304 culpa

164 1351 275 1392 vacuus
319 1334 349 1392 in
372 1333 431 1392 boc
452 1333 606 1393 bominum
624 1351 721 1410 genus
744 1334 900 1409 inciderat
923 1334 1077 1394 cotidiano
1098 1351 1154 1395 usu
1175 1338 1267 1409 atque
1288 1334 1363 1393 ille·

162 1441 261 1498 cebris
291 1439 383 1498 lacile
414 1456 471 1516 par
492 1439 663 1515 similisque
688 1440 802 1500 ceteris
832 1439 1031 1500 efficiebatur.
1071 1441 1105 1501 ln
1132 1445 1217 1502 tanta
1243 1445 1275 1500 et
1304 1444 1365 1501 tam

163 1551 306 1623 corrupta
327 1545 455 1606 civitate
477 1562 514 1605 eo
536 1546 604 1622 ipso
625 1548 763 1622 tempore
784 1543 936 1606 Salustius
958 1564 1023 1606 reru
1046 1548 1200 1625 publicam
1221 1548 1363 1626 capessi·

162 1653 212 1724 vit,
234 1669 297 1727 quo
319 1657 352 1711 et
372 1654 504 1730 partium
526 1652 637 1712 studiis
657 1657 688 1711 et
705 1651 890 1713 factionibus
904 1653 1033 1713 libertas
1047 1671 1158 1714 eversa
1174 1659 1206 1714 et
1220 1655 1365 1732 servitus,

161 1759 307 1819 melorum
321 1761 454 1818 omnium
474 1765 669 1836 postremum,
692 1763 800 1835 parata
815 1764 872 1820 est.
903 1761 935 1820 ln
945 1762 1043 1837 ipsam
1059 1761 1139 1820 enim
1154 1761 1301 1821 llammam
1317 1763 1363 1820 ci-

162 1865 232 1924 vilis
254 1866 421 1926 discordias
443 1865 494 1926 vel
514 1867 617 1942 potius
638 1866 715 1925 belli
729 1867 846 1926 incidit.
883 1866 954 1935 oue
969 1868 1089 1942 quidem
1104 1870 1243 1944 ternpore
1264 1885 1362 1943 quan-

161 1978 223 2032 tum
243 1974 284 2032 ad
312 1974 453 2032 iuvenum
479 1989 581 2032 mores
607 1975 846 2050 corrumpendos
877 1975 1010 2050 valeant,
1035 1991 1123 2034 nemo
1152 1976 1275 2050 estqui
1304 1991 1364 2034 ue-

161 2079 231 2138 ciat.
274 2079 429 2140 Salustius
449 2081 552 2156 igitur,
574 2081 626 2156 qui
648 2081 713 2140 eius
729 2081 821 2140 animi
835 2081 929 2139 ardor
946 2079 1012 2155 luit,
1035 2079 1156 2140 facilius
1172 2081 1263 2140 etiam
1282 2098 1365 2159 praa·

161 2203 232 2262 ceps
255 2186 347 2245 datus
368 2189 425 2245 est
467 2186 581 2246 [luctus
610 2187 690 2246 onim
719 2187 929 2264 voluptatibus
959 2190 991 2245 et
1017 2186 1179 2246 lenociniis
1206 2187 1361 2264 cupidita-

161 2297 221 2352 tum
237 2298 270 2352 et
284 2294 526 2370 corruptelarum
543 2294 698 2354 illecebris
714 2294 859 2368 irretitus,
876 2295 968 2353 etiam
983 2292 1060 2352 mala
1076 2293 1239 2353 ambitione
1255 2297 1363 2370 captus

162 2401 332 2461 tenebatur.
364 2399 479 2475 Neque,
503 2402 584 2476 quod
609 2418 706 2477 prava
727 2399 853 2459 ambitio
876 2400 965 2472 solet,
987 2400 1064 2458 vitia
1085 2417 1140 2458 sua
1162 2400 1281 2459 occulta
1302 2399 1361 2458 ha-

161 2506 233 2580 buit,
257 2506 315 2566 scd
336 2508 434 2584 magis
456 2506 569 2583 impetu
591 2506 721 2581 quodam
742 2507 834 2566 animi
856 2523 944 2582 quam
966 2506 1151 2581 cogitatione
1175 2523 1257 2582 usus,
1280 2506 1363 2581 quod

161 2617 276 2672 umere
298 2617 331 2672 et
351 2614 578 2673 inconsiderata
600 2612 722 2690 agebat,
750 2614 779 2672 in
806 2613 935 2672 maxima
957 2612 1111 2672 dedecora
1134 2616 1165 2671 et
1186 2613 1288 2671 varias
1310 2627 1362 2670 re·

161 2720 386 2796 prehensiones
408 2721 583 2780 incucurrit
619 2720 664 2780 lle
678 2719 818 2780 Numidia
840 2719 975 2796 expilata
997 2720 1075 2778 banc
1096 2720 1135 2778 cb
1151 2735 1272 2777 causam
1288 2719 1363 2777 bre-

162 2827 238 2886 viori
260 2827 334 2886 mibi
355 2842 427 2886 esse
448 2827 531 2902 licet,
552 2824 633 2901 quod
655 2825 715 2884 dici
737 2827 789 2885 vix
810 2829 922 2903 potest,
945 2831 1088 2901 quantum
1110 2827 1139 2884 iu
1160 2825 1363 2902 provinciali-

162 2933 217 2992 bus
251 2938 283 2992 et
311 2933 451 3009 inprimis
477 2933 506 2992 in
534 2949 644 2992 recens
675 2932 765 2992 victis
795 2933 937 2993 hostibus
965 2933 1113 2992 vexandis
1142 2933 1193 2991 vel
1225 2931 1364 2991 bomlues

163 3039 299 3115 alioquin
321 3038 411 3116 probi
433 3039 493 3099 sibi
513 3039 717 3116 permiserint.

241 3146 306 3205 Sed
334 3145 420 3205 dicat
446 3145 569 3222 aliquis,
595 3147 662 3224 ipsa
683 3145 760 3204 vitia
781 3143 907 3204 Salustii
928 3145 1026 3204 miuus
1048 3145 1107 3204 sibi
1130 3145 1230 3204 videri
1252 3161 1363 3222 repre-

161 3251 330 3328 hendenda,
353 3269 443 3327 quam
465 3253 545 3328 quod
561 3253 627 3313 eius
642 3252 705 3311 vita
720 3267 787 3310 cum
805 3249 928 3327 seriptis
944 3252 1135 3327 pugnaverit,
1156 3251 1239 3325 quod
1255 3251 1365 3310 alienae

162 3359 289 3418 luxuria
311 3364 404 3434 atque
434 3359 576 3433 nequitiae
596 3359 798 3434 gravissimus
819 3375 930 3416 censor
950 3363 1043 3432 atque
1065 3359 1251 3432 obiurgator,
1281 3361 1365 3417 tauta

162 3483 226 3526 cum
253 3467 444 3542 turpitudine
471 3467 564 3524 vitam
592 3466 697 3542 egerit.
740 3465 856 3534 Quibus
883 3466 1012 3541 primum
1040 3463 1099 3523 boe
1120 3464 1365 3540 respondendnm

163 3589 231 3632 esso
251 3574 385 3648 videtur,
406 3572 572 3631 Salustium
597 3573 743 3631 extremis
772 3573 890 3632 demum
911 3572 1010 3632 aetatis
1039 3571 1126 3630 anuis
1151 3571 1182 3629 in
1211 3570 1363 3630 historia·

164 3697 226 3738 rum
248 3679 338 3739 libris
360 3679 533 3739 scribendis
555 3695 627 3738 esse
647 3683 812 3738 versatum.

242 3784 311 3844 Etsi
333 3787 411 3844 enim
434 3787 493 3845 iam
514 3791 605 3846 atate
629 3787 752 3844 ineunte
778 3785 916 3844 bistnriae
938 3784 1107 3844 scribenda
1128 3783 1288 3843 consilium
1309 3799 1364 3843 ce·

163 3891 207 3968 pit
233 3889 306 3962 (cfr.
328 3890 415 3951 Catil.
438 3895 465 3950 3.
490 3909 525 3968 „a
548 3909 608 3967 quo
629 3893 750 3970 incepto
772 3891 874 3951 studio
904 3908 952 3950 me
973 3891 1099 3949 ambitio
1120 3890 1200 3948 mala
1221 3890 1365 3949 detinue-

163 3992 242 4068 rat“)
257 4003 360 4058 tamen
374 4016 480 4058 manus
495 4005 632 4059 extrema
647 4001 713 4058 eius
729 3998 875 4076 operibus
892 4015 951 4056 non
967 3997 1107 4070 accessit,
1129 3997 1220 4054 immo
1236 3995 1280 4054 nil
1295 3997 1363 4054 ela-

164 4105 310 4180 boratum,
339 4105 447 4164 nedum
469 4105 652 4182 perpolitum
679 4109 711 4164 ct
738 4105 910 4164 absolutum
938 4112 995 4178 est,
1027 4109 1188 4179 antequam
1210 4119 1229 4161 a
1250 4119 1285 4161 re
1305 4119 1364 4178 pu-

164 4211 240 4272 blica
270 4217 406 4272 remotus
440 4213 550 4271 bonum
585 4212 679 4271 otium
710 4227 768 4270 non
796 4209 917 4270 desidia
951 4214 1044 4286 atque
1080 4209 1226 4269 socordia
1255 4215 1364 4268 conte-

162 4335 237 4394 rere,
260 4319 318 4378 sed
339 4335 392 4377 res
413 4317 564 4377 Romanas
581 4319 706 4395 carptim
723 4317 862 4376 scribere
880 4319 1037 4376 statuerat.
1074 4317 1108 4374 ld
1123 4317 1205 4390 quod
1219 4316 1279 4374 nisi
1292 4320 1365 4392 post

162 4426 289 4484 reditum
312 4441 352 4484 ex
374 4424 494 4498 Africa,
516 4441 595 4484 anno
616 4423 698 4482 XLV
720 4443 746 4482 a.
770 4424 822 4483 Cb.
845 4444 872 4483 n.
894 4424 961 4483 deri
981 4441 1039 4483 non
1055 4424 1160 4500 potuit.
1196 4424 1288 4483 lmmo
1310 4440 1364 4481 su-

162 4531 202 4590 tis
223 4535 272 4590 est
285 4531 457 4609 probabile,
480 4538 552 4608 post
564 4529 695 4590 Caesaris
710 4535 839 4590 mortem
855 4531 972 4590 demum
989 4547 1066 4608 opus
1082 4530 1252 4589 institutum
1266 4527 1364 4588 fuisse

163 4641 344 4700 conlectum.
385 4635 429 4696 lla
452 4639 531 4698 enim
553 4643 690 4714 tempora
712 4639 849 4698 insecuta
878 4645 955 4708 sunt,
986 4637 1096 4712 quibus
1123 4637 1254 4713 optimus
1276 4636 1363 4710 quis·
