3582 5594
1285 644 1347 712 tot

139 833 185 904 ita
218 835 380 926 comperi,
421 835 533 905 omnia
565 857 681 926 regna,
723 838 802 907 item
831 837 978 910 civitates
1007 849 1040 908 et
1063 840 1213 909 nationes
1246 863 1353 933 usque

138 981 181 1028 eo
206 981 405 1052 prosperum
433 958 610 1052 imperium
627 959 793 1046 babuisse,
819 962 899 1032 dum
925 962 1012 1056 apud
1037 986 1093 1032 eos
1117 987 1196 1035 vera
1214 966 1353 1036 consilia

137 1085 334 1156 valuerunt:
376 1086 578 1180 ubicumque
604 1087 725 1179 gratian
759 1088 869 1170 timor,
905 1090 1055 1182 voluptas
1089 1113 1129 1159 ea
1163 1113 1352 1184 corrupere,

138 1218 212 1302 post
236 1210 341 1303 paulo
368 1209 541 1281 inminutae
571 1234 665 1304 opes,
698 1212 819 1283 deinde
845 1213 1036 1306 ademptum
1069 1214 1258 1308 imperium,
1291 1239 1354 1308 po-

138 1345 265 1404 stremo
290 1335 431 1404 servitus
465 1334 605 1429 inposita
632 1346 692 1406 est.
734 1338 902 1430 Equidem
927 1360 992 1432 ego
1018 1338 1065 1408 sic
1085 1338 1177 1432 apud
1203 1339 1354 1410 animum

139 1480 255 1529 meum
281 1470 402 1540 statuo,
437 1461 664 1555 qnoicumqne
690 1463 724 1532 in
751 1485 811 1535 sna
837 1463 970 1535 civitate
995 1465 1138 1558 amplior
1163 1465 1354 1537 inlustrior-

139 1607 206 1676 qne
223 1583 321 1653 locus
346 1606 447 1676 quam
472 1584 547 1653 aliis
573 1594 632 1667 est,
660 1585 691 1655 ei
709 1607 868 1678 magnam
894 1608 1010 1656 curam
1036 1609 1108 1657 esse
1126 1588 1176 1658 rei
1197 1589 1352 1682 publicae.

140 1708 226 1776 Nam
255 1709 375 1778 ceteris
400 1709 491 1779 salva
517 1708 600 1778 urbe
625 1707 855 1781 tantummodo
876 1709 1013 1782 libertas
1038 1721 1109 1782 tuta
1127 1723 1191 1782 est:
1218 1714 1277 1805 qni
1294 1737 1354 1807 per

140 1831 296 1902 virinum
323 1831 387 1902 sibi
413 1832 556 1915 divitias,
583 1833 695 1915 decus,
723 1832 884 1903 honorem
904 1843 1115 1927 pepererunt,
1141 1835 1198 1906 nbi
1215 1837 1354 1929 paulum

140 1955 302 2026 inclinata
327 1979 381 2026 res
405 1957 541 2049 publica
565 1957 686 2048 agitari
712 1957 823 2050 coepit,
854 1958 1083 2051 multipliciter
1108 1960 1238 2032 animus
1266 1964 1353 2033 curis

140 2091 242 2174 atque
269 2079 440 2152 laboribus
462 2083 637 2174 fatigatum
665 2092 724 2154 aut
749 2083 891 2174 gloriam
917 2093 975 2153 aut
1000 2084 1187 2156 libertatem
1204 2098 1263 2156 aut
1281 2111 1353 2158 rem

140 2204 344 2275 familiarem
369 2206 534 2276 defensat:
569 2206 724 2276 omnibus
749 2206 831 2277 locis
857 2206 961 2288 adest,
989 2208 1135 2278 festinat:
1165 2221 1291 2300 quanto
1318 2211 1351 2280 in

140 2331 297 2401 secundis
323 2329 421 2400 rebus
447 2330 619 2402 llorentior
644 2331 716 2414 fuit,
751 2343 842 2402 tanto
868 2331 902 2401 in
927 2332 1075 2403 advorsis
1105 2335 1252 2426 asperius
1280 2358 1353 2404 ma-

141 2455 260 2550 gisque
288 2457 387 2526 anxie
421 2457 536 2549 agitat.
587 2458 694 2548 lgitur
726 2458 785 2528 ubi
814 2459 909 2550 plebs
939 2460 1068 2530 senatui
1107 2460 1203 2530 sicuti
1234 2483 1353 2554 corpus

141 2579 257 2649 animo
300 2579 426 2650 oboedit
467 2580 604 2674 eiusque
643 2583 793 2651 consulta
832 2583 1026 2674 exequitur,
1077 2583 1178 2676 patris
1213 2584 1352 2655 consilio

140 2703 254 2774 valere
273 2705 389 2786 decet;
417 2705 540 2798 populo
560 2727 808 2798 supervacanea
829 2715 879 2774 cst
894 2704 1069 2775 calliditas.
1112 2709 1227 2800 ltaque
1245 2708 1352 2778 maio-

142 2853 195 2900 res
220 2829 327 2898 nostri
352 2851 455 2920 quom
479 2827 579 2898 bellis
604 2828 808 2922 asperrumis
838 2840 1081 2922 premerentur,
1120 2832 1225 2924 equis,
1261 2831 1351 2916 viris,

141 2954 287 3047 pecunia
315 2954 449 3034 amissa,
474 2975 648 3046 nunqnam
674 2953 793 3023 defessi
818 2965 894 3024 sunt
918 2953 1038 3025 armati
1058 2955 1098 3025 de
1121 2956 1260 3048 imperio
1277 2981 1352 3027 cer-

141 3092 224 3151 tare.
271 3081 346 3149 Non
381 3077 495 3171 inopia
528 3076 637 3160 arari,
676 3098 743 3146 non
776 3076 825 3146 vis
851 3075 1007 3157 bostium,
1042 3101 1108 3148 non
1134 3079 1274 3150 advorsa
1299 3103 1352 3151 res

142 3207 316 3298 ingentem
343 3225 458 3271 eorum
483 3201 633 3271 animum
659 3199 800 3291 subegit,
827 3199 921 3292 quin,
946 3223 1022 3293 quae
1045 3203 1164 3274 virtute
1183 3214 1351 3296 ceperant,

142 3329 242 3399 simul
270 3348 349 3396 cnm
374 3325 485 3395 anima
510 3325 702 3394 retinerent.
753 3326 863 3416 Atque
897 3347 939 3393 ea
968 3325 1075 3418 magis
1106 3326 1244 3398 fortibus
1270 3351 1353 3399 con-

141 3454 224 3524 siliis
246 3474 351 3546 quam
376 3448 471 3519 bonis
496 3447 624 3542 proeliis
648 3457 778 3540 patrata
795 3459 881 3518 sunt.
924 3448 1056 3542 Quippe
1078 3449 1165 3541 apud
1192 3449 1267 3520 illos
1284 3473 1353 3521 una

142 3576 356 3672 respublica
382 3586 469 3655 ernt;
506 3575 538 3643 ei
563 3596 678 3644 omncs
704 3574 939 3657 consulebant;
980 3576 1078 3645 factio
1108 3587 1225 3648 contra
1251 3576 1352 3647 bostis

142 3704 345 3798 parabatur:
384 3720 503 3791 corpus
529 3709 628 3792 atque
654 3697 828 3789 ingenium
854 3696 981 3789 patria,
1016 3720 1083 3768 non
1114 3722 1182 3770 snae
1211 3702 1352 3797 quisque

143 3827 300 3923 potentiae
325 3821 541 3893 exercitabat.
579 3823 624 3892 At
641 3821 704 3892 boc
729 3829 879 3913 tempore
905 3829 1020 3890 contra
1046 3844 1087 3890 ea
1113 3821 1265 3894 homines
1290 3849 1353 3896 no-

144 3956 239 4036 biles,
272 3971 417 4046 quorum
441 3947 570 4018 animos
595 3945 746 4016 secordia
770 3955 872 4038 atque
900 3947 1034 4038 ignavia
1060 3947 1190 4033 invasit,
1224 3948 1353 4040 ignarei

144 4077 279 4158 laboris,
315 4073 471 4153 bostium,
505 4069 646 4153 militie,
677 4069 766 4139 domi
794 4069 936 4140 factione
962 4069 1124 4154 instructi,
1150 4095 1210 4164 per
1235 4095 1354 4166 super·

144 4203 234 4274 biam
266 4199 399 4290 cunctis
432 4197 587 4290 gentibus
618 4195 844 4266 moderantur.
901 4197 1017 4289 ltaque
1050 4207 1170 4290 patres,
1210 4221 1353 4292 quorum

144 4324 285 4397 consilio
301 4332 399 4392 antea
417 4319 519 4391 dubia
536 4319 738 4413 respublica
754 4318 994 4402 stabiliebatur,
1020 4319 1168 4412 oppressi
1186 4342 1228 4388 ex
1245 4321 1354 4392 aliena

142 4452 295 4526 lubidine
322 4450 390 4520 buc
413 4458 513 4541 atque
538 4445 619 4517 illuc
644 4445 843 4517 fluctuantes
868 4445 1052 4538 agitantur:
1087 4443 1254 4515 interdum
1274 4446 1354 4530 alia,

144 4577 264 4649 deinde
290 4575 358 4646 alia
383 4573 583 4654 decernunt;
615 4571 661 4642 nti
687 4594 815 4655 eorum,
855 4570 912 4662 qni
942 4569 1166 4652 dominantur,
1206 4570 1355 4642 simultas

145 4713 201 4774 aut
232 4701 343 4794 gratia
377 4700 452 4782 fert,
497 4699 540 4769 ita
575 4697 699 4768 bonum
733 4697 927 4789 malumque
960 4696 1132 4790 publicum
1171 4706 1354 4768 aestomant.

1127 4821 1160 4876 ll
