3662 5594
450 615 497 684 *12

448 834 542 882 suam
568 813 764 906 interponit,
789 835 891 906 qnam
909 813 966 884 ille
991 833 1059 880 non
1085 813 1224 882 minoris
1237 836 1338 906 qnam
1354 813 1522 906 publicam
1548 812 1649 884 duce-

448 934 519 1016 bat;
545 936 619 1006 talis
645 919 685 1006 ea
710 945 901 1030 tempestate
927 936 1017 1006 tama
1042 936 1083 1006 de
1110 937 1224 1008 Cassio
1250 946 1330 1008 erat.

522 1083 644 1132 xxxm.
695 1062 798 1152 Igitur
823 1059 982 1151 iugurtha
1007 1072 1121 1131 eontra
1155 1061 1254 1132 decus
1279 1061 1410 1153 regium
1436 1062 1525 1133 cultu
1551 1085 1649 1155 quam

448 1207 602 1255 maxume
628 1184 810 1255 miserabili
836 1207 913 1254 eum
938 1184 1052 1256 Cassio
1077 1185 1217 1255 Romam
1248 1186 1354 1267 venit;
1388 1209 1428 1256 ao
1461 1187 1590 1256 tametsi
1616 1185 1650 1254 in

448 1309 518 1401 ipso
543 1331 666 1400 mngna
691 1310 740 1378 vis
765 1308 868 1378 animi
894 1319 974 1390 erat,
1008 1308 1222 1379 confirmatus
1246 1309 1288 1380 ab
1313 1311 1481 1394 omnibus,
1508 1332 1650 1402 quorum

446 1432 593 1526 potentia
617 1444 673 1503 aut
697 1433 821 1502 sceiere
847 1441 965 1502 cuneta
990 1455 1031 1502 ea
1056 1441 1218 1522 gesserat,
1253 1456 1328 1525 qun
1363 1457 1463 1527 supra
1493 1435 1649 1513 diximus,

448 1559 487 1628 G.
513 1556 664 1628 Baebium
688 1556 856 1628 tribunum
881 1556 989 1650 plebis
1012 1577 1134 1647 magna
1157 1557 1310 1627 mercede
1335 1569 1447 1651 porat,
1478 1559 1571 1629 cuius
1596 1558 1651 1627 in·

446 1681 606 1774 pudentia
632 1682 823 1753 contraius
849 1693 881 1750 et
905 1680 1045 1751 iniurias
1078 1681 1186 1750 omnis
1218 1681 1365 1752 munitus
1396 1682 1491 1752 foret.
1541 1682 1585 1753 At
1610 1683 1648 1752 G.

445 1806 622 1875 Memmius
649 1805 805 1876 advocata
839 1806 1014 1884 contione,
1049 1828 1251 1898 quamquam
1285 1805 1357 1897 regi
1393 1806 1511 1876 infesta
1537 1805 1649 1898 plebes

447 1937 518 1998 erat
548 1939 580 1996 et
610 1951 687 2021 pars
712 1929 747 1998 in
771 1929 907 2000 vincula
931 1929 1009 1999 duci
1035 1929 1188 2011 iubebat,
1222 1952 1316 2022 pars,
1354 1929 1418 1998 nisi
1444 1930 1550 1999 socios
1576 1952 1649 2000 see-

446 2052 525 2122 leris
550 2052 603 2122 sui
628 2053 790 2145 aperiret,
823 2077 916 2124 more
941 2053 1108 2124 maiorum
1134 2053 1175 2123 de
1201 2054 1295 2124 boste
1320 2053 1518 2147 supplicium
1544 2055 1648 2133 sumi,

446 2175 596 2268 dignitati
622 2198 723 2268 quam
749 2177 806 2248 irae
831 2177 940 2268 magis
964 2177 1155 2260 consulens,
1192 2178 1308 2249 sedare
1334 2188 1440 2248 motus
1465 2187 1498 2247 et
1522 2179 1675 2248 animos*

446 2324 562 2372 eorum
580 2300 732 2380 mollire;
759 2311 925 2393 postremo
941 2301 1159 2385 confirmare,
1185 2303 1283 2373 fidem
1308 2302 1476 2396 publicam
1501 2325 1561 2395 per
1578 2323 1649 2370 sese

447 2425 639 2496 inviolatam
665 2427 746 2496 fore.
789 2427 865 2496 Post
882 2425 947 2495 ,ubi
964 2425 1133 2497 silentium
1156 2427 1274 2519 coepit,
1305 2425 1464 2518 producto
1488 2425 1649 2516 iugurtha

445 2549 545 2620 verba
570 2550 665 2628 tacit:
705 2551 818 2620 Romae
844 2550 1074 2642 Numidiaque
1100 2550 1247 2619 facinora
1273 2550 1344 2618 eins
1369 2559 1548 2628 memorat,
1575 2571 1649 2620 see-

446 2673 517 2742 lera
542 2672 576 2742 in
602 2673 718 2743 fratres
743 2683 936 2766 patremque
962 2673 1118 2743 ostendit:
1153 2672 1273 2764 quibus
1298 2671 1487 2745 iuvantibus
1510 2672 1650 2764 quibus-

445 2819 511 2889 que
535 2795 692 2866 ministris
712 2821 751 2867 ea
779 2797 883 2888 egerit
908 2820 1111 2891 quamquam
1137 2797 1298 2888 intelligat
1313 2796 1648 2890 populusliomanns,

445 2929 554 2990 tamen
572 2922 657 2990 velte
670 2922 843 2991 manifesta
868 2923 975 3013 magis
1001 2946 1043 2992 ex
1068 2923 1127 2992 illo
1150 2921 1292 3001 babere3
1322 2921 1349 2990 si
1375 2943 1492 2994 verum
1510 2922 1649 3013 aperiat,

445 3044 478 3113 in
497 3043 561 3114 tide
579 3055 612 3112 et
628 3044 803 3115 clementia
820 3046 934 3139 populi
951 3046 1093 3117 Romani
1111 3068 1267 3137 magnam
1283 3067 1376 3138 spem
1390 3044 1440 3115 illi
1456 3045 1571 3125 sitam;
1597 3044 1649 3114 sin

445 3167 589 3252 reticeat,
614 3191 680 3239 non
699 3169 796 3238 sociis
813 3169 909 3240 saluti
931 3170 1013 3251 fore,
1031 3170 1088 3240 sed
1105 3191 1139 3238 se
1153 3191 1293 3262 suasque
1314 3191 1387 3262 spes
1406 3177 1648 3262 corrupturum.

518 3339 637 3386 xxxiv.
687 3317 837 3400 Deinde,
874 3319 932 3388 ubi
966 3318 1141 3390 Memmius
1175 3316 1305 3388 dicendi
1344 3317 1444 3388 finem
1482 3317 1575 3398 feeit,
1616 3329 1649 3386 et

444 3441 603 3532 iugurtba
628 3442 829 3535 respondere
862 3445 966 3513 iussus
1002 3453 1068 3522 est,
1109 3442 1149 3511 u.
1182 3441 1313 3512 Baebius
1351 3440 1647 3534 tribunusplebis,

443 3587 544 3656 quern
569 3567 712 3658 pecunia
737 3575 928 3659 corruptum
953 3588 1052 3659 supra
1077 3564 1239 3648 diximus,
1266 3587 1380 3656 regern
1406 3576 1514 3635 tacere
1540 3565 1646 3636 iubet:

444 3709 483 3758 ae
508 3689 636 3758 tametsi
674 3688 868 3773 multitudo,
908 3710 981 3781 quae
1020 3689 1054 3757 in
1091 3690 1245 3758 contione
1271 3687 1400 3770 aderat,
1435 3689 1649 3759 vehementer

444 3833 602 3894 aceensa,
639 3813 783 3884 terrebat
816 3835 892 3884 eum
928 3814 1092 3890 clamore,
1128 3813 1237 3894 voltu,
1272 3833 1359 3904 saepe
1394 3812 1519 3906 impetu
1547 3823 1649 3905 atque

443 3935 517 4006 aliis
542 3937 714 4020 omnibus,
750 3957 824 4030 quae
863 3937 914 4006 ira
952 3935 1024 4005 fieri
1050 3948 1158 4018 amnt,
1194 3937 1271 4008 vicit
1297 3947 1406 4005 mmen
1443 3935 1647 4029 inpudentia.

443 4061 492 4130 lta
517 4061 658 4154 populus
695 4059 839 4132 ludibrio
869 4059 1003 4131 babitus
1037 4083 1079 4130 ex
1110 4061 1262 4131 contione
1287 4059 1444 4142 discedit;
1478 4059 1648 4150 iugurthae

443 4184 628 4275 bestiaeque
662 4195 695 4253 et
727 4185 858 4266 ceteris,
900 4207 984 4277 quos
1021 4185 1080 4255 illa
1115 4186 1253 4278 quaestio
1292 4185 1503 4276 exagitabat,
1541 4183 1649 4254 animi

443 4318 634 4398 augescunt.

515 4454 623 4501 xxxv.
673 4433 754 4502 Erat
785 4455 824 4502 ea
863 4445 1052 4528 tempestate
1086 4437 1199 4506 Romae
1226 4434 1369 4506 Numida
1394 4432 1547 4526 quidam,
1584 4453 1650 4502 no-

442 4555 532 4624 mine
557 4556 713 4637 Massiva,
741 4557 890 4629 Gulussae
918 4557 1019 4642 tilius,
1054 4560 1235 4630 Masinissae
1260 4582 1377 4651 nepos,
1404 4557 1479 4650 qui,
1506 4557 1585 4650 quia
1610 4557 1647 4626 in

442 4677 645 4749 dissensione
680 4702 797 4772 regum
823 4684 991 4774 lugnrtbae
1017 4683 1174 4754 advorsus
1200 4684 1322 4766 fuerat,
1360 4682 1471 4752 dedita
1496 4680 1587 4752 Cirta
1611 4691 1648 4750 et
