3554 5600
430 653 502 719 202

428 848 607 942 prodendae
621 847 734 941 patrie
747 859 803 917 aut
818 849 1042 942 opprimendae
1056 849 1197 942 publice
1214 849 1384 920 libertatis.
1424 850 1512 920 Nihil
1530 851 1620 940 igitur

430 971 494 1042 erit
511 969 756 1064 impedimento,
782 971 863 1064 quin
889 971 1063 1042 audaciam
1084 971 1304 1042 crudelissimi
1320 971 1462 1041 bominis
1480 973 1622 1042 Catilinae

429 1094 657 1165 crudelissimo
696 1117 818 1186 genere
856 1095 1092 1188 suppliciorum
1128 1095 1288 1188 expietis,
1334 1105 1366 1164 et
1398 1095 1555 1165 ultionem
1586 1121 1622 1164 er
1753 1109 1754 1196 l

430 1219 566 1290 illorum
597 1219 797 1290 cruciatibus
822 1241 860 1288 ac
886 1219 1125 1312 poeniscapiat
1141 1241 1195 1287 res
1220 1218 1364 1310 publica,
1387 1241 1528 1310 quorum
1561 1232 1626 1288 erat
1753 1227 1754 1300 l

431 1341 674 1434 conflagratum
700 1344 864 1425 manibus,
891 1343 955 1413 nisi
981 1342 1176 1412 sanctissimi
1203 1343 1333 1435 imperii
1358 1344 1498 1412 Romani
1523 1355 1626 1414 custo-
1753 1351 1754 1436 ]

432 1467 490 1537 des
528 1489 567 1537 ac
601 1466 747 1538 vindices
782 1467 837 1538 Dii
876 1467 1079 1538 immortales
1112 1467 1248 1537 nefariis
1280 1466 1363 1537 votis
1387 1467 1596 1537 obstitissent.

506 1615 626 1664 xxxvi.
679 1593 820 1675 Credite,
847 1593 986 1673 ludices,
1019 1591 1179 1663 hodierno
1205 1590 1258 1662 die
1284 1591 1533 1662 consurrexisse
1556 1591 1628 1660 uni-

432 1739 562 1788 versam
587 1717 704 1787 urbem
730 1727 980 1811 conspecturam
1014 1739 1056 1785 ex
1084 1715 1209 1786 iudicio
1232 1726 1342 1787 vestro
1367 1716 1534 1808 planeque
1559 1715 1628 1784 ani-
1753 1709 1754 1726 ¹

432 1839 691 1922 miserentem,
716 1841 796 1935 quid
814 1841 848 1910 iu
866 1851 1034 1934 posterum
1052 1839 1093 1909 de
1118 1840 1222 1909 salute
1248 1861 1309 1910 sua
1333 1839 1442 1932 deque
1469 1837 1628 1908 lacultati-

433 1963 495 2034 bus
514 1963 581 2034 suis
602 1965 803 2056 sperandum
822 1965 873 2034 sit.
917 1964 1048 2035 Credite
1067 1963 1146 2032 item
1170 1963 1239 2033 vim
1260 1963 1445 2034 universam
1464 1961 1629 2054 flagitiose

434 2087 611 2158 iuventutis
635 2099 691 2158 aut
717 2087 877 2159 hodierno
899 2087 1051 2160 Catilina
1076 2086 1240 2180 supplicio
1265 2087 1364 2157 simul
1397 2085 1630 2156 conficiendam

433 2211 516 2294 lore,
543 2219 600 2281 aut
624 2212 714 2282 illius
739 2211 936 2282 liberatione
962 2213 1072 2281 laetam
1097 2221 1197 2303 atque
1220 2211 1423 2280 exultantem
1448 2233 1516 2280 non
1536 2209 1631 2280 multo

434 2347 506 2428 post
538 2337 572 2404 iu
605 2335 755 2406 omnium
790 2346 939 2406 nostrum
970 2335 1153 2428 perniciem
1184 2355 1250 2404 uua
1276 2355 1352 2404 cum
1379 2333 1438 2403 illo
1463 2333 1633 2402 celerrime

435 2469 733 2529 consurrecturam.
775 2459 895 2551 Agitur
912 2457 1077 2553 siquidem
1102 2456 1265 2529 bodierua
1289 2467 1396 2526 vestra
1421 2458 1583 2527 sententia
1595 2456 1633 2525 de

434 2584 540 2653 salute
565 2582 663 2654 buius
687 2582 920 2676 pulcherrimae
944 2591 1043 2674 atque
1070 2581 1203 2675 optimae
1226 2579 1377 2664 civitatis,
1403 2580 1445 2650 de
1463 2581 1634 2651 stabilitate

436 2707 568 2800 imperii
593 2707 746 2790 Romani,
781 2707 822 2777 de
848 2708 962 2797 legum
988 2706 1227 2788 incolumitate,
1260 2705 1303 2776 de
1328 2705 1479 2776 libertate
1504 2707 1634 2787 civium,

436 2831 479 2901 de
502 2831 659 2925 pudicitia
689 2832 871 2902 liberorum
901 2854 941 2901 ac
974 2831 1154 2922 coniugum
1179 2840 1373 2901 vestrarum.
1417 2831 1527 2900 lluius
1553 2831 1636 2899 enim

436 2956 536 3050 pestis
561 2957 650 3027 idem
675 2958 783 3028 scelus
808 2966 894 3038 erat,
930 2967 967 3027 ut
992 2978 1058 3026 non
1085 2967 1312 3046 grassaturum
1338 2978 1400 3049 per
1424 2956 1534 3048 capita
1559 2979 1636 3050 pau-

438 3104 564 3162 corum,
595 3083 652 3153 scd
678 3093 833 3176 unquam
860 3082 1064 3153 atrocissima
1089 3083 1138 3152 vis
1161 3082 1283 3153 veneni
1313 3105 1374 3175 per
1398 3103 1497 3151 omne
1524 3102 1638 3173 corpus

438 3205 534 3276 Urbis
560 3207 823 3277 demanaturum.
863 3205 961 3288 Quod
987 3205 1093 3276 scelus
1121 3215 1177 3276 aut
1202 3227 1302 3298 quant
1328 3215 1452 3298 pestem
1478 3205 1507 3274 si
1532 3203 1639 3274 vindi-

439 3329 583 3400 candum
609 3352 680 3398 esse
706 3329 891 3410 censebitis,
923 3339 960 3398 ut
987 3351 1064 3400 reor
1090 3338 1122 3398 ct
1145 3352 1198 3399 res
1224 3329 1357 3422 publica
1378 3329 1554 3410 desiderat,
1578 3350 1640 3420 pu·

441 3462 507 3524 tate
531 3453 677 3545 prolecto
693 3455 782 3525 Deos
804 3453 1004 3522 immortales
1031 3464 1064 3522 et
1088 3453 1123 3522 in
1145 3453 1262 3546 primis
1279 3453 1501 3546 Capitolinum
1519 3453 1638 3532 lovem,

438 3577 674 3668 sempiternum
700 3575 868 3646 custodem
892 3597 932 3646 ac
947 3575 1112 3647 vindicem
1135 3574 1233 3646 buius
1250 3575 1393 3670 imperii,
1418 3598 1479 3669 pro
1497 3575 1641 3647 liberatis

442 3724 558 3772 eorum
583 3702 714 3793 templis
747 3723 787 3770 ac
822 3701 1018 3772 ceremoniis
1051 3700 1175 3792 gratias
1206 3700 1299 3771 vobis
1328 3700 1548 3792 amplissimas
1573 3721 1642 3770 esse

440 3823 643 3895 reddituros:
669 3834 781 3917 putate
807 3823 930 3916 pariter
955 3822 1043 3892 idem
1061 3823 1225 3894 iacturam
1250 3845 1323 3893 esse
1348 3823 1473 3894 curiam
1499 3847 1561 3917 pro
1586 3825 1642 3894 de-

440 3951 530 4020 leusa
556 3951 728 4021 consulum
754 3950 821 4020 vita
846 3959 1040 4042 servataque
1062 3949 1218 4019 senatorii
1239 3949 1365 4022 ordinis
1382 3950 1555 4042 dignitate:
1582 3975 1643 4045 pu-

441 4087 507 4146 tate
534 4086 701 4147 matronas
718 4075 815 4147 Urbis
832 4097 872 4154 ac
894 4073 1015 4144 liberos
1040 4083 1169 4144 nostros
1195 4073 1239 4144 ub
1264 4085 1426 4146 servatam
1451 4074 1643 4168 pudicitiam

441 4199 606 4294 supplices
640 4223 679 4269 ac
708 4199 975 4290 congratulantes
1013 4199 1185 4270 universos
1219 4198 1259 4269 ad
1294 4221 1404 4292 genna
1435 4209 1544 4270 vestra
1575 4221 1644 4272 sese

441 4324 671 4397 obversatums
694 4324 785 4394 lore:
812 4333 924 4416 putato
949 4323 1095 4414 virgines
1113 4323 1262 4394 Vestales
1286 4335 1384 4418 atque
1409 4325 1515 4416 ipsam
1540 4326 1645 4394 maie-

442 4459 557 4520 statem
575 4447 772 4541 amplissimi
795 4446 942 4517 numinis
967 4448 1011 4518 ob
1036 4447 1269 4518 liberationem
1294 4470 1388 4518 suam
1409 4469 1538 4518 summa
1554 4449 1644 4520 vobis

441 4575 555 4644 letitia
576 4572 893 4664 congratulaturam:
920 4583 1031 4665 putate
1052 4572 1197 4666 denique
1223 4573 1310 4644 cives
1326 4595 1441 4642 omnes
1465 4573 1509 4644 ob
1535 4585 1645 4644 reten-

443 4713 507 4768 tam
525 4699 623 4768 vitam
642 4721 679 4767 ac
700 4695 886 4767 libertatem
913 4719 1018 4777 suam,
1049 4700 1187 4768 Penates
1212 4698 1363 4790 publicos
1385 4721 1447 4790 pro
1469 4721 1645 4768 conserva-
