3662 5594
414 565 483 632 152

411 774 553 846 terennt,
579 787 645 856 qua
662 775 854 856 tempestate
880 764 954 835 nrlri
972 765 1129 835 Romanae
1156 765 1256 835 latum
1275 764 1397 836 excidii
1419 763 1609 842 adventarit

413 889 493 959 civis
519 912 595 959 cnm
621 889 748 959 civibus
773 912 891 960 manus
917 900 1146 972 conserturos;
1181 889 1226 959 ita
1258 889 1403 960 delesses
1432 899 1464 958 et
1492 909 1612 960 usan-

413 1012 488 1103 guis
514 1010 586 1104 regi
611 1023 668 1083 aut
693 1012 818 1083 nationi
842 1012 964 1106 praedae
990 1013 1128 1083 tuturos.
1169 1013 1277 1084 Aliter
1300 1035 1367 1082 non
1392 1012 1482 1084 orbis
1507 1023 1613 1083 terra·

412 1161 501 1221 rum,
527 1161 636 1232 neque
661 1149 788 1209 cunctae
809 1151 924 1230 gentes
945 1139 1164 1232 conglobata,
1189 1161 1322 1210 movere
1339 1149 1395 1210 aut
1412 1136 1612 1208 eontundere

413 1274 539 1357 queunt
573 1263 637 1335 hoc
671 1265 860 1358 imperinm.
911 1264 1090 1336 Firmanda
1123 1265 1225 1358 igitur
1250 1275 1325 1336 snnt
1350 1267 1404 1336 vel
1429 1263 1613 1336 conenrdiae

412 1385 511 1470 hona,
538 1398 571 1457 et
595 1386 768 1457 discordiae
794 1389 882 1460 mala
908 1388 1117 1482 expellenda.
1159 1388 1197 1458 ld
1222 1387 1266 1458 ita
1288 1388 1428 1470 eveniet,
1454 1387 1482 1458 si
1498 1410 1613 1480 sump-

413 1519 505 1580 tuum
533 1517 564 1578 et
589 1509 781 1603 rapinarum
807 1511 975 1583 licentiam
1001 1512 1194 1606 dempseris,
1226 1535 1292 1582 non
1317 1510 1359 1582 ad
1384 1520 1495 1581 vetera
1518 1509 1613 1581 insti-

412 1644 481 1707 tuta
514 1658 685 1720 revocans,
722 1659 797 1732 quae
832 1638 899 1708 iam
932 1637 1060 1732 pridem
1092 1639 1253 1732 comptis
1289 1636 1437 1707 moribus
1469 1633 1612 1706 ludibrio

316 1737 319 1744 ⁴
413 1770 509 1841 sunu
543 1759 600 1831 sed
626 1761 654 1830 si
687 1783 781 1832 snam
807 1763 953 1858 quoique
978 1784 1049 1833 rem
1075 1762 1271 1833 familiarem
1298 1760 1398 1832 linem
1424 1769 1612 1852 sumptuum

358 1867 366 1911 '·
413 1884 583 1956 statueris:
622 1886 780 1978 quoniam
806 1887 833 1956 is
859 1887 991 1956 incessit
1020 1908 1102 1967 mos,
1136 1897 1172 1958 ut
1195 1885 1349 1958 homines
1374 1881 1612 1955 adulescentuli

413 2031 471 2079 ena
498 2019 596 2102 atque
621 2009 731 2080 aliena
756 2033 962 2091 consumere,
990 2011 1075 2082 nihil
1101 2010 1243 2082 lubidini
1267 2021 1366 2102 atque
1390 2009 1464 2080 aliis
1490 2027 1613 2098 rugan·

413 2132 500 2202 tibus
526 2133 692 2228 denegare
717 2134 989 2232 pulcherrumum
1011 2146 1141 2228 putent:
1168 2158 1243 2206 eam
1260 2134 1412 2210 uirtutem
1429 2142 1463 2203 et
1479 2129 1613 2224 magni-

359 2277 360 2280 ’
411 2257 562 2328 tudinem
588 2258 702 2341 animi,
729 2259 890 2354 pudorem
916 2271 1014 2353 atque
1033 2259 1227 2330 modestiam
1252 2283 1313 2352 pru
1338 2257 1489 2329 aoeordia
1514 2267 1614 2328 estu-

412 2391 514 2451 ment.
556 2383 646 2476 Ergo
671 2383 802 2454 animus
827 2385 922 2454 lerox
946 2407 1047 2478 prava
1078 2383 1132 2454 via
1157 2384 1340 2476 ingressus,
1375 2382 1433 2454 nbi
1457 2392 1614 2453 consueta

412 2529 482 2578 non
500 2516 687 2602 suppetunt,
714 2509 820 2579 lertnr
840 2531 997 2582 accensus
1023 2509 1058 2578 in
1084 2509 1189 2579 socios
1214 2509 1325 2592 modo,
1351 2508 1450 2578 modo
1467 2507 1502 2577 in
1520 2506 1613 2588 einis,

413 2642 521 2699 moret
547 2632 727 2725 composita
754 2642 786 2701 et
810 2655 863 2702 res
889 2655 990 2702 novas
1021 2631 1185 2704 veteribus
1216 2631 1368 2724 acquirit.
1410 2630 1523 2714 Quare
1548 2630 1614 2701 tol-

413 2754 530 2825 lendus
557 2767 605 2824 est
630 2758 795 2827 fenerator
820 2757 855 2825 in
880 2768 1059 2851 posterum,
1093 2757 1140 2828 uti
1171 2777 1246 2826 suas
1272 2756 1412 2848 quisque
1435 2777 1490 2825 res
1515 2776 1615 2826 eure-

412 2903 497 2950 mus.
540 2883 591 2952 Ea
615 2902 692 2950 vera
718 2893 817 2976 atque
843 2881 985 2974 simplex
1004 2880 1059 2951 via
1075 2892 1135 2960 est.
1160 2880 1388 2972 magistratum
1405 2880 1529 2974 pupulo
1545 2901 1613 2949 non

412 3004 566 3075 credituri
591 3016 781 3099 gerere‚.et
806 3005 1069 3097 magnitudinem
1096 3004 1197 3074 animi
1223 3005 1257 3074 in
1283 3003 1434 3076 addendo
1460 3027 1527 3074 nen
1552 3001 1614 3073 de-

412 3126 533 3197 mendo
559 3129 607 3199 rei
630 3128 772 3222 publieae
797 3128 983 3199 ostendere.

485 3253 595 3346 Atque
621 3274 684 3344 ego
710 3254 790 3334 seio,
815 3275 916 3347 qnam
943 3277 1059 3348 aspera
1083 3253 1157 3326 haee
1181 3276 1234 3324 res
1258 3254 1294 3324 in
1319 3253 1484 3347 principio
1503 3254 1613 3326 lutura

411 3374 462 3454 sit,
487 3375 669 3467 praesertim
686 3377 724 3458 is,
752 3377 810 3472 qni
835 3399 871 3446 se
897 3379 931 3447 in
957 3378 1092 3449 victoria
1113 3378 1265 3448 licentius
1291 3376 1495 3469 liberiusque
1512 3399 1613 3471 quam

411 3499 513 3570 artius
547 3499 673 3571 laturos
702 3500 891 3572 credebant.
938 3501 1089 3586 Quomm
1123 3502 1151 3571 si
1175 3502 1273 3572 saluti
1298 3501 1407 3594 potins
1432 3524 1532 3595 quum
1558 3501 1614 3572 ln-

411 3623 516 3694 bidini
539 3626 703 3709 consules,
735 3626 876 3721 illosque
901 3649 1029 3719 nosque
1054 3639 1087 3698 et
1112 3626 1218 3698 socios
1243 3627 1278 3696 in
1303 3648 1385 3720 pace
1410 3626 1506 3698 tirma
1530 3649 1613 3698 enn-

410 3749 535 3819 etitnes.
590 3750 648 3820 Sin
680 3750 796 3821 eadem
827 3751 934 3822 studia
960 3762 1112 3845 artesque
1137 3751 1296 3823 iuventuti
1330 3763 1439 3834 erunt,
1475 3775 1526 3823 nae
1551 3752 1614 3822 ista

410 3875 546 3965 egregia
583 3884 641 3944 tua
678 3874 766 3946 lama
803 3876 900 3945 simul
944 3898 1018 3945 cum
1058 3875 1141 3946 urlre
1177 3877 1283 3946 Roma
1320 3876 1411 3947 brevi
1451 3876 1612 3947 concidet.

410 3999 578 4069 Postremo
612 3999 775 4093 sapientes
809 4000 899 4093 pacis
934 4022 1034 4070 cansa
1060 4001 1185 4071 bellum
1211 4012 1341 4093 gerunt,
1381 4000 1529 4072 laborem
1553 4023 1612 4094 spe

408 4121 467 4192 otii
492 4135 683 4195 sustentant.
724 4124 794 4194 Nisi
820 4123 913 4194 illam
932 4122 1060 4195 firmam
1079 4124 1194 4206 efficis,
1220 4125 1308 4196 vinci
1333 4147 1375 4194 an
1397 4125 1515 4197 vicisse
1532 4125 1613 4220 qnid

409 4245 555 4315 rettulit?
593 4244 708 4329 Quare
733 4269 881 4340 capesse,
918 4247 1092 4340 perdens,
1132 4271 1203 4319 rem
1229 4221 1408 4343 publicam.
1443 4259 1476 4320 et
1500 4249 1612 4319 omnia

409 4391 536 4462 aspera,
563 4370 609 4440 uti
635 4370 736 4452 soles,
762 4371 918 4465 pervade.
959 4373 1111 4465 Namque
1137 4384 1195 4443 ant
1220 4383 1254 4444 tu
1279 4372 1407 4442 mederi
1427 4384 1529 4466 potes,
1556 4384 1614 4444 ant

408 4494 585 4564 omittenda
613 4505 661 4564 est
686 4517 765 4565 eura
792 4494 956 4565 omnibns.
998 4497 1114 4589 Neque
1140 4498 1316 4591 quisquam
1343 4509 1374 4568 te
1400 4497 1442 4568 ad
1468 4497 1612 4570 erudelis

409 4641 522 4708 pennas
548 4633 604 4690 ant
628 4620 748 4692 acerba
766 4622 888 4692 iudicia
906 4624 1046 4706 invocat,
1074 4624 1193 4715 quibus
1216 4624 1330 4695 civitas
1345 4635 1491 4696 vastatur
1508 4624 1613 4716 magis
