3576 5602
443 613 515 682 tta

441 813 488 882 cis
512 811 659 884 Tiberim
684 811 890 884 redeundum
916 826 974 896 est,
1006 813 1096 906 quod
1126 813 1167 884 de
1192 814 1286 882 caelo
1312 813 1480 905 auspicari
1505 816 1556 886 ins
1580 837 1637 884 ne-

440 937 521 1008 mini
537 938 579 1007 sit
594 947 725 1031 praeter
742 938 949 1029 magistrum.
976 939 1100 1009 Nonius
1113 963 1148 1030 p.
1167 936 1226 1016 92,
1250 934 1305 1007 11.
1407 936 1466 1008 33.
1492 941 1637 1028 lnsignia
1765 919 1766 1006 1

440 1061 692 1153 magistratuum
718 1063 759 1132 ab
784 1063 898 1134 Tuscis
923 1073 1050 1156 sumpta
1068 1065 1184 1132 Numa¹
1202 1085 1262 1132 rex
1288 1063 1323 1131 in
1348 1062 1513 1134 civitatem
1539 1064 1637 1134 intro-

438 1187 544 1271 duxit,
570 1189 655 1259 sicut
672 1199 704 1258 et
724 1211 816 1260 arma
833 1199 932 1281 atque
954 1189 1019 1259 tela
1038 1188 1192 1258 militaria
1216 1187 1259 1257 ab
1280 1187 1395 1258 Gallis.
1440 1189 1552 1258 Testes
1567 1200 1637 1258 sunt
1765 1209 1766 1228 1

439 1312 536 1384 buius
562 1313 612 1383 rei
638 1313 753 1406 Capito
779 1324 810 1382 et
837 1313 1003 1394 Fonteius,
1038 1336 1057 1382 e
1083 1312 1204 1404 quibus
1230 1313 1329 1382 etiam
1357 1315 1465 1383 Varro
1490 1313 1636 1382 doctissi-
1765 1389 1766 1418 ,

438 1460 523 1522 mus,
549 1449 621 1531 post
636 1462 719 1531 quos
736 1439 899 1510 Salustius
924 1439 981 1509 ille
1005 1438 1182 1508 historicus
1207 1439 1241 1508 in
1265 1439 1373 1530 prima
1391 1436 1528 1508 historia
1546 1437 1635 1506 luca·

437 1563 545 1634 lenter
560 1562 668 1632 docet.
701 1565 919 1653 Laor.1.ydus
933 1566 970 1634 de
987 1565 1131 1652 magistr.
1148 1565 1248 1653 moes.
1266 1566 1323 1652 cfr.
1343 1585 1442 1654 supra
1451 1586 1486 1654 p.
1503 1559 1562 1640 34.
1579 1561 1632 1632 21.

437 1686 496 1757 31.
522 1688 615 1758 Sicut
640 1685 728 1779 apud
758 1687 900 1756 eundem
929 1687 1113 1756 Varronem
1143 1684 1268 1776 legitur
1296 1684 1329 1753 in
1356 1685 1442 1754 libro
1470 1683 1512 1753 de
1541 1685 1632 1756 Cultu

435 1811 585 1894 deorum,
611 1811 784 1883 Terentius
805 1811 939 1903 qnidam
966 1834 1042 1880 cum
1068 1809 1206 1880 baberet
1230 1811 1272 1880 ad
1289 1810 1477 1880 laniculnm
1500 1811 1631 1881 fundum

436 1947 469 2007 et
494 1936 655 2008 bubulcus
687 1937 757 2006 eius
787 1937 878 2006 iuxta
911 1936 1099 2028 sepulcrum
1133 1937 1262 2005 Numae
1295 1935 1449 2027 Pompilii
1474 1935 1631 2006 traiieiens

435 2071 580 2130 aratrum
605 2061 743 2130 aruisset
768 2083 810 2130 ex
835 2071 922 2130 terra
948 2057 1049 2130 libros
1079 2059 1160 2140 eius,
1198 2059 1253 2130 ubi
1280 2082 1449 2131 sacrorum
1475 2061 1632 2132 instituto-

434 2207 508 2254 rum
540 2185 679 2277 scriptae
708 2195 801 2254 erant
833 2206 963 2263 causae,
998 2184 1033 2253 in
1065 2182 1183 2253 urbem
1208 2184 1343 2276 pertulit
1372 2183 1414 2254 ad
1441 2195 1631 2276 praetorem.

433 2311 477 2380 At
501 2310 559 2379 ille
580 2331 655 2378 curn
672 2309 868 2401 inspexisset
885 2307 1057 2400 principia,
1084 2329 1155 2378 rem
1179 2318 1302 2377 tantam
1329 2307 1448 2377 detulit
1472 2307 1516 2378 ad
1539 2330 1632 2378 sena-

433 2443 515 2504 tum.
558 2432 618 2504 Ubi
644 2454 720 2502 cum
746 2431 906 2524 primores
931 2431 1091 2524 quasdam
1117 2453 1232 2502 causas
1258 2432 1425 2524 legissent,
1454 2456 1516 2503 cur
1540 2433 1632 2525 qnid-

433 2557 558 2649 quein
584 2556 686 2626 sacris
712 2556 810 2626 luerit
834 2555 1029 2635 institutum,
1056 2557 1183 2624 Numae
1210 2567 1341 2626 mortuo
1366 2567 1501 2627 sanatus
1525 2581 1633 2627 essen

432 2703 488 2753 sus
522 2691 570 2750 est
601 2703 723 2773 eosque
755 2680 876 2760 libros,
915 2689 1083 2771 tamquam
1115 2678 1283 2769 religiosi,
1323 2690 1431 2772 patres
1463 2681 1632 2774 conscripti

431 2817 563 2899 praetor
579 2816 616 2877 nt
632 2806 840 2876 combureret
857 2815 1064 2877 censuerunt.
1107 2807 1305 2897 Augustinus
1321 2809 1359 2875 de
1375 2809 1435 2876 αὐ.
1454 2808 1508 2876 dei
1525 2805 1558 2888 7,
1576 2801 1629 2876 31.

432 2930 538 3001 Varro
564 2931 754 3002 ..lllanim
787 2930 874 3022 quod
901 2930 979 3000 dum
1005 2929 1246 3010 administrant,
1278 2929 1312 2998 in
1339 2929 1457 2999 scrobe
1483 2929 1631 3000 fodiendo

432 3054 605 3126 inveniunt
629 3076 752 3125 arcam
795 3055 918 3124 Nouius
940 3077 975 3144 p.
1001 3052 1085 3134 225,
1118 3051 1173 3124 10.
1196 3057 1255 3145 csr.
1284 3077 1383 3146 supro
1405 3078 1437 3146 p.
1464 3051 1550 3137 294,
1579 3051 1630 3124 15.

431 3180 541 3250 Numa
563 3181 745 3273 Pompilius
770 3180 850 3274 quid
878 3180 1009 3250 molitus
1035 3179 1079 3248 sit
1104 3191 1136 3248 et
1160 3179 1282 3272 quibus
1307 3179 1432 3250 artibus
1453 3181 1533 3250 deos
1556 3180 1630 3250 tales

431 3301 494 3372 sibi
519 3303 572 3373 val
597 3304 718 3373 civitati
745 3304 934 3373 consociare
960 3303 1113 3395 potuerit,
1146 3305 1254 3374 Varro
1279 3302 1398 3394 prodit.
1439 3305 1631 3395 Augustinus

432 3429 470 3497 de
495 3429 554 3498 ein
581 3430 633 3498 dei
656 3424 690 3507 3,
717 3427 751 3499 9.
795 3431 903 3500 Numa
930 3480 938 3495 .
965 3479 974 3496 .
1000 3426 1253 3520 hydromantian
1280 3423 1403 3512 [lecit]
1430 3437 1467 3496 ut
1492 3427 1526 3497 in
1550 3448 1629 3520 aqna

429 3552 557 3622 videret
582 3549 745 3642 imagines
774 3551 924 3632 deorum,
950 3549 1176 3641 ..aquibus
1202 3549 1330 3620 audiret
1362 3549 1442 3644 quid
1472 3550 1507 3620 in
1533 3551 1629 3622 sacris

430 3676 630 3746 constituere
656 3683 756 3764 atque
782 3674 958 3744 observare
983 3674 1129 3744 deberet
1169 3672 1267 3756 Quod
1294 3695 1400 3764 genus
1425 3673 1630 3745 divinationis

430 3800 518 3872 idem
535 3799 640 3870 Varro
661 3824 681 3870 a
699 3801 804 3871 Persis
830 3801 912 3871 dicit
938 3802 1087 3882 allatum,
1115 3797 1238 3884 [Varro
1264 3811 1376 3870 autem
1402 3811 1559 3892 quattuor
1574 3825 1630 3893 ge·

430 3949 510 3998 nera
535 3925 773 3997 divinationum
801 3928 898 3999 dicit:
931 3939 1065 4008 terrem,
1092 3951 1214 4007 aerem,
1242 3949 1374 4020 aquam,
1404 3926 1530 4017 ignem,
1557 3925 1630 3996 binc

429 4049 653 4140 geomantian,
680 4051 916 4130 aeromantian,
944 4049 1207 4144 hydromantiam
1230 4051 1473 4143 pyromantiam
1506 4050 1629 4119 Sunius

428 4176 472 4244 od
502 4175 588 4265 Verp.
614 4176 691 4243 Aca.
710 4172 744 4254 3,
766 4172 849 4244 359.
886 4176 1031 4244 Isidorus
1057 4177 1138 4266 orip.
1160 4173 1195 4254 8.
1214 4172 1248 4253 9.
1270 4173 1345 4260 12.]
1380 4197 1447 4266 qua
1473 4184 1507 4243 et
1525 4174 1629 4267 ipsum

427 4298 570 4368 Numam
596 4309 629 4368 et
649 4309 762 4392 postea
781 4285 1002 4396 Pythagoram
1029 4299 1265 4393 philosopham
1292 4321 1387 4370 usum
1413 4299 1515 4368 luisse
1541 4319 1629 4367 com-

427 4432 598 4502 memorat,
633 4413 705 4512 (ubi
731 4421 877 4492 adhibito
903 4423 1065 4514 sangnine
1098 4424 1197 4493 etiam
1224 4423 1349 4492 inferos
1373 4421 1528 4515 perbibet
1552 4421 1629 4490 scis-

427 4545 523 4616 citari
555 4557 587 4616 et
618 4549 867 4618 necromantian
900 4570 1019 4638 graece
1054 4548 1133 4617 dicit
1162 4547 1283 4628 vocari,
1312 4599 1320 4614 .
1349 4597 1357 4614 .
1386 4545 1444 4616 ubi
1479 4545 1628 4616 videntur

426 4669 546 4741 mortni
573 4669 732 4762 divinare)
754 4723 761 4739 .
783 4725 790 4740 .
814 4671 911 4755 Quod
938 4695 1019 4763 ergo
1045 4692 1165 4765 aquam
1195 4671 1353 4762 egesserit
1377 4669 1411 4739 id
1437 4681 1486 4738 est
1511 4689 1627 4761 expor-
