3576 5602
427 616 498 686 tot

426 819 489 889 boc
513 816 673 909 templum
699 813 937 886 circumvolare
963 823 1062 904 atque
1088 812 1234 882 incolere
1265 811 1324 882 bas
1348 812 1444 882 alites
1470 824 1533 882 tam
1559 813 1630 882 mi-

424 941 525 1012 rabili
555 939 730 1032 obsequio,
766 949 802 1007 nt
833 960 954 1030 aquam
989 938 1149 1029 impleant
1177 948 1209 1006 et
1239 947 1431 1030 aspergant:
1468 947 1500 1006 ot
1525 961 1567 1006 eo
1599 935 1629 1004 si

425 1065 543 1138 Graeci
572 1062 724 1132 venerint
756 1061 822 1130 vel'
840 1064 1041 1133 Graecorum
1072 1061 1174 1154 stirpe
1200 1060 1380 1153 progeniti,
1420 1083 1485 1130 nou
1517 1062 1631 1131 solum
1781 1063 1782 1072 ’

425 1190 554 1282 quietas
579 1209 651 1257 csse
676 1208 792 1256 verum
823 1197 855 1254 et
881 1186 1016 1277 iusuper
1047 1185 1196 1264 adulare,
1232 1185 1259 1254 si
1285 1197 1396 1255 antem
1426 1186 1633 1278 alienigenas

423 1312 577 1395 viderint,
602 1311 778 1382 subvolare
796 1310 837 1380 ad
858 1309 965 1403 capita
982 1321 1116 1401 tamque
1137 1308 1293 1400 gravibus
1312 1308 1443 1390 ictibus,
1469 1319 1503 1379 ut
1526 1309 1632 1378 etiam

424 1438 599 1532 perimant,
626 1435 814 1508 vulnerare.
853 1436 937 1504 Nam
964 1433 1054 1505 duris
1080 1443 1112 1502 et
1136 1431 1319 1524 grandibus
1343 1432 1457 1502 rostris
1482 1433 1556 1502 satis
1585 1430 1633 1502 ad

424 1562 508 1634 baec
523 1561 652 1654 proelia
673 1559 889 1654 perhibentur
907 1570 1065 1628 armatae.
1104 1559 1178 1626 Hoc
1196 1559 1302 1627 Varro
1323 1569 1359 1629 nt
1375 1568 1510 1636 astruat,
1533 1579 1633 1626 com-
1783 1605 1784 1646 3

425 1695 588 1756 memorat
616 1684 681 1752 alia
705 1705 772 1752 non
805 1682 915 1752 minus
953 1681 1160 1751 incredibilia
1194 1682 1235 1752 de
1267 1703 1365 1773 maga
1391 1683 1451 1752 illa
1477 1681 1633 1752 tamosis-

424 1811 507 1881 sima
531 1808 640 1888 Circe,
667 1829 753 1899 quae
778 1807 884 1876 socios
910 1829 1043 1898 quoque
1069 1806 1190 1898 Ulyssis
1215 1806 1354 1876 mumvit
1379 1807 1413 1876 in
1439 1806 1570 1886 bestias,
1597 1815 1632 1874 et

424 1934 465 2005 do
483 1932 680 2012 Arcadibus,
707 1931 765 2023 qui
790 1943 877 2000 sorte
904 1929 992 2000 docti
1018 1929 1263 2000 transnatabant
1280 1931 1448 2024 quoddam
1473 1943 1630 2022 stagnum

423 2069 524 2152 atque
550 2055 597 2126 ibi
622 2055 895 2126 convertebantur
928 2055 961 2122 in
994 2054 1089 2147 lupos
1115 2065 1148 2124 et
1173 2078 1249 2126 cum
1274 2055 1440 2126 similibus
1466 2056 1545 2125 ieris
1569 2077 1631 2149 per

423 2183 513 2255 illius
538 2178 687 2270 regionis
721 2178 852 2247 deserta
883 2177 1048 2247 vivebant.
1096 2179 1130 2248 Si
1157 2189 1268 2248 autem
1294 2202 1394 2250 carne
1422 2203 1488 2250 non
1514 2203 1631 2249 vesce-

423 2317 538 2378 rentur
568 2304 733 2384 bumana,
774 2324 889 2372 rursus
921 2311 994 2394 post
1024 2322 1143 2370 novem
1182 2323 1288 2372 annos
1324 2303 1443 2374 eodem
1481 2313 1631 2373 renatato

423 2441 540 2522 stagno
565 2426 833 2499 reformabantur
860 2426 894 2496 in
920 2425 1084 2495 bomines.
1125 2427 1280 2520 lienique
1306 2428 1406 2498 etiam
1432 2428 1631 2499 nominatim

423 2552 583 2647 expressit
607 2550 774 2644 quendam
800 2553 1054 2629 Demaenetum,
1087 2572 1162 2620 cum
1197 2562 1358 2642 gustasset
1384 2553 1426 2622 de
1452 2553 1632 2635 sacrificio,

423 2676 512 2772 quod
538 2675 683 2747 Arcades
709 2674 878 2744 immolato
898 2695 1002 2765 puero
1023 2671 1085 2743 deo
1104 2695 1164 2744 suo
1182 2675 1311 2767 Lycaeo
1338 2676 1448 2746 iacere
1473 2678 1632 2758 solerent,

423 2803 457 2872 in
491 2801 605 2892 lupum
639 2799 740 2870 luisse
772 2808 932 2869 mutatum
964 2809 998 2868 et
1026 2820 1113 2867 anno
1142 2797 1272 2867 decimo
1306 2800 1339 2868 in
1373 2799 1518 2892 liguram
1552 2826 1634 2895 pro—

422 2926 530 3022 priam
555 2923 740 2995 restitutum
765 2922 915 3015 pugilatu
941 2943 1013 2990 sese
1039 2921 1227 2992 exercuisse
1246 2933 1278 2992 et
1294 2923 1494 3017 Olympiaca
1511 2926 1633 2996 vicisse

423 3052 615 3124 certamine.
662 3051 731 3119 Nec
766 3048 854 3118 idem
889 3057 1021 3141 propter
1054 3047 1144 3118 aliod
1175 3047 1353 3120 arbitratur
1384 3049 1562 3120 historicus
1597 3051 1633 3121 in

421 3175 567 3250 Arcadia
604 3175 669 3246 tale
703 3197 822 3244 nomeu
858 3172 1006 3243 affictum
1040 3172 1122 3242 l’ani
1154 3176 1286 3266 Lycaeo
1321 3185 1353 3244 et
1385 3176 1456 3244 lovi
1485 3177 1634 3270 Lycaeo,

422 3302 487 3374 nisi
512 3311 645 3395 propter
677 3300 763 3370 banc
792 3299 825 3369 in
858 3300 953 3392 lupos
979 3298 1150 3369 bominum
1178 3299 1404 3384 mutationem,
1437 3298 1528 3394 quod
1555 3323 1634 3370 eam

422 3427 486 3498 nisi
511 3427 544 3496 ui
570 3425 681 3496 divina
707 3423 779 3495 fieri
808 3447 872 3494 non
898 3435 1062 3516 putarent.
1110 3430 1223 3518 Lupus
1254 3426 1344 3494 enim
1374 3427 1501 3496 Graece
1535 3428 1635 3514 λύκος

423 3551 553 3634 dicitur,
580 3549 668 3622 unde
686 3550 807 3644 Lycaei
833 3572 955 3620 nomen
973 3563 1110 3643 apparet
1130 3551 1302 3622 inllexom.
1345 3553 1511 3622 Romanos
1529 3551 1634 3620 etiam

421 3681 592 3770 Lupercos
617 3698 661 3744 ex
687 3673 820 3744 illorum
847 3673 1077 3766 mysteriorum
1104 3675 1195 3745 velut
1220 3675 1346 3744 semine
1373 3674 1452 3744 dicit
1484 3687 1632 3744 exortos.

422 3802 619 3894 Augustinus
643 3799 682 3866 dc
706 3799 765 3868 oio.
789 3798 842 3866 dci
867 3793 923 3876 18,
956 3795 1000 3866 16

423 3922 533 3998 c17.
635 3923 692 3992 17.
722 3923 828 3991 Varro
854 3920 1000 3990 secundo
1049 3921 1155 3989 Varro
1179 3923 1305 3992 llerum
1337 3919 1560 3992 humanarum
1584 3920 1634 3990 ait

423 4047 646 4122 Historiarum
706 4045 807 4116 relert
861 4045 998 4116 Aenean
1050 4045 1246 4138 permissum
1276 4069 1296 4114 a
1331 4047 1465 4116 Graecis
1492 4046 1633 4117 Aeneae

423 4184 520 4266 capta
546 4171 646 4240 Troia
680 4193 792 4240 arcem
825 4192 899 4238 cum
927 4170 1004 4262 plu·
1054 4178 1088 4237 ut
1107 4169 1263 4239 evaderet
1279 4181 1311 4240 et
1330 4170 1418 4263 qnod
1437 4193 1553 4241 carum
1567 4193 1634 4262 pu-

423 4295 516 4366 rimis
536 4317 714 4387 occupasse
734 4316 922 4388 magnaque
940 4293 1003 4364 bo-
1052 4302 1136 4361 taret
1167 4295 1329 4375 auferret3
1373 4295 1467 4364 illum
1502 4306 1632 4389 patrem

424 4419 522 4491 stium
545 4421 653 4510 gratio
670 4419 840 4488 obtinuisse
857 4417 1002 4488 obeundi
1051 4415 1220 4496 liberasse,
1255 4441 1330 4488 cum
1361 4419 1411 4488 illi
1440 4419 1563 4510 quibus
1583 4419 1633 4489 si-

424 4555 629 4637 potestatem.
676 4544 792 4636 ltaque
829 4565 1002 4612 conoessum
1052 4541 1141 4610 milis
1166 4542 1259 4634 optio
1294 4555 1380 4612 esset
1408 4543 1486 4614 data
1511 4567 1631 4615 aurum

424 4669 583 4762 quidquid
602 4668 702 4738 vellet
722 4667 873 4747 aulerre;
906 4689 1001 4736 cum·
1051 4677 1085 4735 et
1109 4677 1284 4756 argeutum
1304 4667 1524 4738 abstulissent.
1565 4669 1630 4739 Sed
