3702 5600
1372 645 1443 713 ete

240 839 370 900 videtur.
411 838 509 898 laetat
526 839 605 898 enim
619 837 753 915 Lepidus
775 857 859 899 suam
881 841 1091 916 innocentiam,
1114 843 1198 918 qued
1219 845 1339 904 nonnisi
1361 849 1443 906 metu

239 945 389 1005 adductus
409 947 489 1006 bona
506 948 747 1023 prescriptorum
765 949 921 1022 coemerit,
943 966 1040 1024 eaque
1058 949 1117 1010 iam
1132 949 1263 1012 dominis
1278 953 1445 1013 restituere

239 1053 365 1127 paratus
385 1052 435 1111 sit
466 1052 598 1112 Primum
620 1054 715 1130 igitur
732 1054 772 1113 ad
793 1071 828 1113 ue
848 1054 1052 1114 excusandum
1070 1057 1227 1132 [cmiter
1247 1059 1359 1134 posuit,
1381 1060 1444 1118 tum

240 1157 369 1234 pretium
395 1176 431 1219 ee
459 1160 595 1220 solvisse
622 1161 716 1237 adiit,
749 1161 842 1238 igitur
870 1165 935 1222 turc
963 1162 1018 1222 illa
1042 1162 1215 1241 possidere,
1245 1164 1443 1226 nihilominus

239 1267 339 1324 nmen
362 1283 397 1325 se
419 1265 458 1324 iis
478 1266 591 1326 cedere
611 1267 766 1326 volentem
787 1266 928 1327 affirmat.
955 1274 1079 1345 peterat
1108 1269 1199 1330 etiam
1222 1270 1321 1330 altera
1343 1271 1441 1332 inter-

238 1372 363 1448 punctio
385 1373 606 1450 quodammodo
628 1374 762 1447 delendi,
784 1375 894 1451 pretio,
921 1376 1014 1434 selule
1036 1379 1108 1450 inre,
1136 1381 1169 1436 ut
1190 1377 1280 1453 paule
1295 1375 1373 1437 inira
1393 1382 1442 1437 in-

238 1481 344 1537 mnan
363 1478 484 1554 cotom,
506 1478 563 1539 sed
585 1480 612 1538 si
627 1479 687 1538 hec
703 1479 808 1540 dicere
823 1479 957 1540 Salustie
978 1481 1009 1539 iu
1032 1482 1133 1541 anime
1149 1481 1269 1555 luisset,
1295 1483 1361 1542 sine
1383 1483 1441 1542 du·

240 1583 291 1643 bie
311 1587 377 1644 turc
395 1585 475 1644 nune
501 1587 552 1646 vel
581 1586 644 1646 tale
669 1585 742 1661 quill
769 1586 908 1646 dixisset
950 1587 1049 1664 Magis
1076 1589 1169 1649 etiam
1195 1589 1217 1648 ii
1238 1588 1439 1665 improbandi,

240 1691 291 1766 qui
312 1694 377 1751 iure
397 1691 519 1750 domim
540 1692 674 1768 iungunt,
704 1693 722 1750 i.
744 1709 769 1752 e.
790 1692 947 1768 legitimis,
969 1693 1050 1768 qued
1072 1695 1100 1753 ei
1122 1694 1327 1771 significasset
1347 1692 1442 1771 Lepi-

239 1797 304 1872 dus,
326 1813 410 1855 suam
431 1797 529 1874 ipsius
550 1797 670 1856 laudem
691 1797 900 1858 imminuiseet.
926 1815 1011 1875 quem
1032 1805 1145 1874 raptum
1165 1803 1204 1858 iri
1225 1799 1291 1859 licet
1310 1806 1338 1858 ct
1356 1817 1441 1878 puurn

238 1904 349 1964 cadere
369 1909 425 1962 tam
446 1903 537 1962 videri
554 1902 669 1980 felicem
691 1904 727 1962 V.
743 1904 802 1962 l.3
823 1903 928 1962 pudice
952 1903 987 1962 V.
1008 1907 1036 1963 2.
1058 1904 1146 1964 locus
1165 1911 1334 1983 corruptus.
1356 1923 1441 1984 quum

239 2018 352 2086 replum
373 2014 418 2069 irc
438 2010 504 2070 licet
522 2013 558 2084 ci,
580 2028 662 2088 ptern
682 2011 884 2086 cccccccccc
902 2017 959 2070 lum
978 2011 1070 2070 cidem
1086 2011 1200 2088 felicem
1219 2013 1256 2089 cj.
1274 2014 1406 2074 Orellius
1421 2034 1440 2076 1.

238 2135 319 2195 quem
343 2117 451 2192 pudeat
478 2135 530 2176 ccc
554 2123 611 2176 tum
637 2118 729 2176 uideri
747 2117 862 2195 felicem
889 2117 939 2176 Or.
962 2121 989 2177 2.
1032 2116 1131 2178 Causa
1160 2120 1341 2195 corruptelae
1369 2121 1440 2180 inde

238 2224 406 2302 repetenda
427 2241 498 2285 esse
519 2223 650 2300 vitietur,
672 2224 755 2300 qued
775 2224 815 2283 ad
831 2231 905 2299 unte,
924 2225 1005 2300 qued
1022 2226 1261 2303 suprapositum
1276 2228 1334 2300 cst,
1356 2244 1441 2305 ᾳιιαιιι

238 2334 415 2394 necessarie
437 2335 592 2410 pertinere
612 2335 784 2392 statuerent
803 2332 934 2408 librarii,
962 2349 1029 2392 cum
1050 2339 1117 2392 ente
1144 2334 1204 2392 iam
1234 2335 1339 2393 verbis
1365 2334 1440 2394 cline

236 2440 325 2500 elium
350 2444 509 2516 principem
537 2447 737 2516 cmrpcctentce
767 2440 843 2498 satis
872 2440 914 2498 sit
944 2440 1136 2516 explicatum.
1184 2439 1317 2500 Primum
1347 2441 1441 2518 igitur

236 2565 330 2624 ᾳιιαηι,
351 2547 380 2607 ei
400 2562 476 2606 vcra
489 2552 539 2606 est
551 2545 653 2618 lectio,
675 2545 716 2604 ad
729 2545 901 2620 coemerent,
924 2561 983 2602 nen
999 2545 1038 2604 ad
1053 2551 1120 2606 unte
1133 2543 1336 2605 referendum.
1358 2544 1440 2621 quei

238 2656 265 2716 ei
287 2672 343 2732 pre
364 2671 441 2714 vere
462 2655 594 2732 punitur,
619 2659 731 2729 ceptum
751 2656 796 2712 irc
821 2671 887 2713 cum
914 2652 1019 2715 Gertie
1050 2654 1279 2714 emendandum.
1308 2653 1439 2712 infiniti-

235 2780 294 2845 uus
315 2762 394 2822 enim
414 2760 509 2822 futuri
529 2761 648 2838 passivi
671 2759 867 2820 nullomodo
898 2760 975 2820 ferri
997 2765 1110 2838 petest,
1136 2777 1235 2835 neque
1256 2767 1367 2835 replum
1389 2761 1439 2820 le-

237 2885 303 2928 cum
324 2868 431 2943 liabet5
468 2869 498 2926 in
524 2867 653 2942 reliquis
682 2867 791 2928 Orellii
819 2867 912 2927 tertia
939 2869 1116 2928 coniectura
1142 2884 1202 2927 nen
1229 2868 1319 2945 plane
1347 2885 1440 2927 sensu

237 2976 335 3034 caret:
364 2975 429 3034 licet
448 2977 483 3048 ei,
505 2991 587 3051 quem
610 2975 715 3034 media
735 2979 792 3034 tum
817 2974 908 3033 videti
927 2975 1058 3052 felicem·
1080 2991 1146 3050 quae
1171 2979 1204 3034 ut
1227 2991 1287 3034 nen
1312 2973 1440 3034 rimisa

236 3080 371 3142 lectione
392 3080 530 3141 ecdicum
550 3082 677 3156 recedit,
700 3082 742 3140 ita
764 3082 840 3140 satis
861 3085 971 3158 aperte
992 3079 1109 3140 Sullam
1129 3080 1291 3156 signifieat.
1324 3079 1438 3140 Sensus

237 3188 331 3265 igitur
351 3189 517 3249 verberum
537 3187 590 3247 hic
611 3190 682 3248 erit:
715 3195 821 3248 vestra
851 3187 996 3247 secordia
1021 3187 1115 3247 facile
1146 3188 1185 3247 ab
1214 3204 1252 3246 ee
1278 3186 1438 3264 decipitur,

237 3297 289 3372 qui
317 3296 397 3355 hanc
421 3296 519 3372 ipsam
545 3295 585 3355 eb
612 3311 678 3354 rem
706 3294 783 3355 lelix
810 3295 870 3355 sibi
900 3311 972 3354 esse
1001 3293 1171 3354 videbatur.
1214 3292 1276 3353 Sed
1297 3297 1439 3354 contorta

237 3403 330 3463 ctiam
350 3408 412 3462 tum
432 3406 466 3462 ut
486 3402 651 3462 verberum
671 3404 834 3476 structura,
855 3402 900 3461 ita
921 3400 1072 3460 sententia
1094 3405 1151 3460 eet.
1183 3398 1256 3460 Cum
1270 3401 1349 3460 enim
1364 3418 1435 3461 ora-

237 3513 287 3570 tur
308 3510 445 3584 inprimis
466 3509 566 3587 plebis
584 3508 757 3568 socordiam
779 3508 798 3566 i.
816 3525 842 3566 e.
861 3510 1019 3584 torperem
1040 3510 1072 3565 et
1089 3507 1241 3584 ignaviam
1257 3509 1437 3582 incursasset,

237 3617 335 3676 fusius
361 3614 504 3692 explicat,
534 3618 646 3690 quante
671 3613 732 3672 ista
758 3613 843 3690 plebi
870 3613 912 3671 sit
938 3613 1043 3686 exitio,
1072 3614 1184 3690 quippe
1213 3631 1301 3688 quam
1328 3616 1438 3676 fallere

236 3725 375 3784 omnibus
396 3724 498 3796 liceat,
527 3723 578 3798 qui
600 3723 629 3781 in
651 3721 711 3780 hae
731 3738 767 3781 re
787 3721 916 3797 gloriam
942 3725 1058 3798 putent.
1099 3721 1161 3781 Sed
1186 3723 1366 3782 vocabulum
1386 3723 1437 3800 sc-

236 3831 289 3907 lic,
309 3830 391 3906 qued
412 3829 580 3906 usurpavit,
602 3827 641 3887 ad
660 3826 778 3886 Sullam
798 3832 941 3904 spectare
962 3827 1094 3901 videtur,
1117 3828 1168 3901 qui
1185 3826 1244 3886 hec
1258 3829 1437 3902 cognomine

237 3935 406 4013 gaudebat,
427 3934 496 3994 intie
518 3933 611 4012 igitur
631 3934 709 3992 satis
724 3933 895 4009 probabilis
911 3930 944 3990 iit
957 3932 1131 3991 coniectura
1147 3932 1256 3990 Orellii
1271 3936 1298 3989 ci
1313 3934 1434 3993 ceniec-

237 4044 339 4118 tantis,
360 4043 511 4102 etaltera
532 4059 614 4118 quem
634 4041 812 4100 necessarie
834 4040 981 4114 sequitur.
1016 4038 1078 4098 Sed
1099 4039 1165 4097 lieri
1188 4043 1294 4116 petest
1315 4043 1348 4098 ut
1362 4057 1436 4098 aue-

237 4157 287 4210 tor
313 4151 382 4228 ipsa
407 4151 555 4210 erationis
581 4150 679 4210 ferma
710 4148 914 4209 turbulentum
943 4146 1051 4224 lepidi
1086 4147 1237 4222 ingenium
1265 4149 1437 4222 exprimere

236 4259 380 4318 veluerit.
402 4262 498 4335 itaque
518 4261 586 4318 iure
607 4263 635 4316 et
654 4257 761 4316 iudicia
781 4256 818 4316 V.
835 4259 860 4314 1.
882 4273 938 4333 pre
962 4272 1021 4331 que
1043 4259 1139 4331 utiquc
1159 4260 1245 4314 recte
1265 4259 1437 4314 correctum

237 4369 292 4424 eet.
313 4364 510 4441 intellcpcrcnl
530 4364 566 4422 V.
590 4366 616 4421 1.
640 4379 680 4422 ex
701 4361 880 4440 apographo
903 4360 1024 4436 Orellii;
1052 4361 1082 4418 in
1109 4360 1185 4418 meis
1210 4359 1367 4419 schedulis
1388 4363 1437 4419 ic-

236 4470 395 4547 tcllcpen'ut
420 4473 476 4544 est,
507 4468 588 4543 qued
615 4473 735 4546 tempus
764 4468 854 4527 unice
883 4467 942 4526 hue
972 4465 1111 4542 quadrat.
1153 4466 1217 4524 Niet'
1241 4467 1320 4542 sorte
1343 4467 1438 4540 rpccic

235 4575 398 4636 concordie
417 4582 445 4634 cl
461 4577 544 4649 pecie
566 4576 623 4633 ete.
644 4573 880 4651 pertinentiae
899 4573 938 4632 ad
954 4571 1130 4649 superiora:
1152 4587 1243 4648 quere
1258 4573 1346 4647 ipilur
1359 4577 1436 4630 lcnto

235 4683 348 4758 cenete
368 4687 396 4740 cl
414 4682 519 4740 mutia
543 4679 665 4739 uweeu?
698 4679 839 4740 scabrum
861 4681 894 4740 ct
917 4678 1079 4755 abruptum
1106 4676 1228 4737 (licendi
1247 4692 1353 4753 genus,
1380 4676 1437 4736 sed
