3554 5600
186 1623 222 1707 d.
245 1619 427 1707 Slbdb'l'll
451 1619 581 1706 tntstt
605 1619 660 1704 lll'
682 1619 941 1706 tttttttttttrtttt
964 1620 1010 1705 lll
1031 1621 1073 1706 Ι.
1095 1619 1272 1707 l'lllllb!

525 1763 755 1850 dlbblltlllbll
780 1764 933 1850 llllbl'ltl.

204 1978 355 2048 Graviter
380 1987 413 2048 et
437 1977 553 2071 iniquo
578 1978 690 2048 animo
715 1978 889 2049 maledicta
916 1988 970 2048 tua
995 1987 1137 2071 paterer,
1170 1979 1216 2050 ld·
1234 1976 1335 2058 Tulli,

134 2103 160 2170 si
186 2115 218 2171 te
242 2102 364 2173 scirem
390 2101 513 2172 iudicio
538 2102 644 2193 magis
669 2125 769 2195 quarn
794 2102 912 2172 morbo
937 2102 1042 2173 animi
1067 2101 1249 2195 petulantia
1275 2101 1336 2170 ista

134 2227 198 2305 uti;
232 2225 292 2296 sed
323 2227 482 2317 quoniam
508 2225 542 2295 in
569 2237 600 2295 te
625 2249 735 2320 neque
760 2229 896 2298 modum
929 2249 1038 2320 neque
1064 2227 1256 2297 modestiam
1281 2226 1336 2297 ul·

132 2350 199 2419 lam
225 2350 465 2434 animadverto,
496 2349 703 2444 respondebo
728 2351 806 2420 tibi:
847 2362 894 2433 ut,
923 2351 1078 2443 siquam
1107 2350 1336 2421 maledicendo

130 2475 331 2568 voluptatem
357 2475 483 2568 cepisti,
514 2498 589 2545 earn
615 2476 702 2546 male
728 2474 893 2546 audiendo
918 2475 1057 2545 amittas.
1102 2474 1167 2546 Ubi
1191 2473 1335 2567 querar?

132 2623 213 2692 qnos
230 2598 421 2694 implorem,
447 2603 484 2671 P.
502 2601 539 2672 C.
567 2601 668 2694 diripi
693 2624 765 2671 rem
790 2600 958 2694 publicam
984 2610 1083 2693 atque
1114 2598 1336 2670 audacissimo

134 2723 255 2818 cuique
277 2745 348 2793 esse
374 2722 544 2816 perfidiae?
569 2723 667 2816 apud
693 2724 852 2817 populum
875 2722 1085 2794 Romanum?
1111 2722 1169 2814 qui
1195 2720 1241 2790 ita
1265 2721 1336 2791 lar·

131 2848 313 2942 gitionibus
345 2859 519 2941 corruptus
553 2860 612 2931 est,
650 2848 699 2918 uti
731 2871 802 2918 sese
834 2871 874 2918 ac
905 2849 1053 2918 fortunas
1089 2869 1164 2916 suas
1202 2844 1336 2917 venales

131 2974 275 3045 babeat?
316 2998 360 3044 an
384 2975 472 3069 apud
497 2999 566 3058 vos,
601 2979 713 3046 Patres
747 2975 947 3068 conscripti?
989 2997 1130 3068 quornm
1160 2973 1337 3044 auctoritas

132 3097 322 3191 turpissimo
347 3099 468 3192 cuique
494 3109 527 3168 et
553 3098 808 3169 sceleratissimo
834 3097 980 3169 ludibrio
1006 3091 1074 3167 esti
1108 3095 1166 3166 ubi
1190 3100 1236 3169 Μ.
1254 3097 1337 3167 Tul·

131 3223 194 3292 lius
218 3223 324 3314 leges,
359 3222 483 3294 iudicia
507 3223 623 3317 populi
647 3223 790 3294 Romani
815 3223 975 3307 defendit,
1005 3235 1104 3318 atque
1130 3222 1164 3292 in
1190 3222 1254 3292 boc
1279 3245 1337 3293 or-

132 3346 209 3416 dine
235 3345 281 3416 ita
308 3345 509 3430 moderatur,
543 3348 638 3440 quasi
665 3371 749 3418 nnus
778 3348 928 3440 reliquus
957 3371 1001 3417 ex
1025 3347 1152 3419 familia
1176 3347 1240 3418 viri
1266 3347 1337 3417 cla·

131 3470 255 3541 tissimi
286 3471 449 3564 Scipionis
474 3473 636 3555 Africani,
674 3497 714 3542 ac
745 3495 812 3542 non
839 3472 1006 3566 septicius,
1041 3472 1145 3542 acitus
1171 3494 1211 3541 ac
1234 3470 1335 3564 paulo

133 3605 208 3664 ante
233 3595 351 3666 insitus
376 3594 454 3667 huic
479 3597 555 3667 urbi
577 3597 668 3667 civis.
711 3599 764 3668 An
781 3620 871 3681 vero,
898 3599 942 3670 Μ.
962 3596 1062 3678 ΤυΙΙί,
1088 3596 1175 3666 lacta
1193 3619 1233 3666 ac
1250 3595 1336 3665 dicta

134 3731 189 3790 tna
213 3719 356 3790 obscura
381 3720 477 3790 suntl
521 3744 564 3791 an
590 3744 658 3790 non
684 3721 729 3791 ita
754 3745 774 3792 a
799 3721 942 3815 pueritia
963 3721 1085 3802 vixisti,
1111 3729 1147 3791 ut
1172 3719 1257 3791 nibil
1272 3720 1337 3790 lla·

133 3845 290 3936 gitiosum
315 3845 446 3937 corpori
471 3854 527 3915 tuo
562 3856 708 3938 putares,
747 3846 837 3938 quod
863 3846 960 3917 alteri
986 3843 1208 3916 collibuisset?
1256 3837 1335 3934 [An]

135 3968 269 4039 Scilicet
303 3967 400 4038 istam
433 3969 685 4040 immoderatam
724 3971 947 4064 eloquentiam
981 3969 1070 4064 apud
1102 3972 1148 4041 ld.
1183 3969 1337 4039 Pisonem

137 4116 202 4164 non
236 4093 406 4187 pudicitia
445 4094 571 4166 iactura
608 4094 836 4188 perdidicistil
882 4097 996 4188 ltaque
1033 4094 1171 4164 minime
1210 4093 1338 4163 miran-

135 4221 213 4292 dum
240 4231 301 4302 est,
331 4221 359 4290 si
385 4243 458 4291 eam
483 4221 647 4314 flagitiose
672 4221 833 4302 venditas,
863 4243 963 4315 quam
987 4220 1175 4313 turpissime
1205 4216 1336 4310 parasti.

134 4347 335 4428 ullorum,
361 4355 399 4416 ut
414 4345 543 4439 opinor,
569 4346 727 4440 splendor
752 4345 947 4416 domesticus
973 4344 1031 4414 tibi
1056 4343 1183 4414 animos
1208 4340 1336 4422 attollit,

135 4492 218 4540 uxor
243 4469 411 4562 sacrilega
435 4494 474 4541 ac
499 4470 653 4564 periuriis
679 4470 837 4552 delibuta,
874 4469 944 4540 filia
971 4469 1086 4540 matris
1116 4467 1239 4560 pellex,
1278 4464 1337 4535 tibi

135 4593 311 4666 iucundior
336 4603 436 4688 atque
461 4595 706 4688 obsequentior,
739 4616 840 4688 mam
866 4595 995 4688 parenti
1015 4616 1075 4687 par
1101 4601 1159 4661 est.
1192 4593 1337 4662 Domum

134 4729 224 4790 tuam
249 4719 358 4812 ipsam
384 4719 415 4788 vi
449 4729 482 4790 et
512 4719 637 4812 rapinis
672 4718 834 4789 inuestem
868 4718 926 4788 tibi
961 4742 1000 4788 ac
1034 4717 1098 4789 tuis
1124 4715 1336 4808 comparasti:
