3576 5602
1265 651 1337 722 399

131 865 226 926 crata
253 853 439 948 erectisque
463 852 531 924 Diti
557 853 679 923 sacello
705 863 738 922 et
758 853 899 920 Saturno
924 873 995 930 ara,
1020 851 1114 921 cuius
1140 851 1256 921 sertum
1278 853 1339 921 Sa·

132 980 278 1050 turnalia
304 979 527 1048 nominarunt.
582 978 735 1070 Cumque
767 976 824 1045 diu
858 975 1012 1046 humanis
1041 975 1202 1068 capitibus
1227 977 1337 1046 Ditem

134 1115 167 1174 et
192 1105 341 1176 virorum
367 1105 509 1174 victimis
531 1106 708 1175 Saturnum
734 1104 867 1196 placare
893 1125 928 1172 ee
954 1103 1224 1182 crederent...
1251 1105 1340 1172 Her·

133 1230 247 1300 colem
274 1229 383 1298 serunt
408 1239 520 1320 postea
546 1249 622 1298 eum
649 1227 810 1320 Geryonis
836 1249 958 1318 pecore
985 1249 1044 1319 per
1070 1227 1199 1297 ltaliam
1225 1248 1340 1296 rever-

135 1363 261 1422 tentem
287 1352 428 1421 suasisse
454 1351 588 1421 illorum
615 1351 765 1444 posteris,
801 1362 836 1421 ut
867 1351 979 1421 faustis
1004 1349 1174 1420 sacrificiis
1199 1350 1342 1421 infausta

133 1488 316 1554 mutarent,
333 1475 518 1545 inferentes
544 1475 610 1546 Diti
637 1499 703 1546 non
730 1475 902 1546 bominum
929 1475 1038 1568 capita
1070 1476 1126 1545 sed
1158 1475 1274 1545 oscilla
1299 1475 1340 1545 ud

135 1601 317 1671 bumanam
343 1601 488 1693 effigiem
514 1614 584 1672 arte
610 1602 775 1682 simulata,
803 1613 836 1672 et
860 1625 933 1672 aras
960 1603 1129 1672 Saturniae
1155 1624 1220 1671 nou
1249 1623 1343 1670 mac-

136 1726 239 1795 tando
264 1726 351 1795 viros
377 1725 434 1795 sed
460 1725 605 1795 accensis
626 1725 809 1796 luminibus
827 1727 1025 1808 excolentes,
1052 1726 1213 1818 quianon
1235 1726 1342 1796 solnm

136 1851 246 1920 virum
272 1849 328 1918 sed
355 1859 388 1916 et
414 1848 539 1918 lumina
565 1861 666 1948 quiea
688 1848 863 1938 significat.
908 1849 989 1919 inde
1015 1872 1086 1918 mos
1106 1872 1164 1941 per
1181 1851 1343 1919 Saturna·

138 1975 184 2044 lin
210 1972 411 2042 missitandis
436 1973 541 2042 cereis
567 1973 683 2065 coepit.
727 1974 908 2044 Macrobius
933 1975 1061 2043 Satura.
1093 1973 1124 2050 1,
1152 1970 1185 2042 7.
1228 1975 1344 2066 Appa-

138 2109 198 2176 ret,
226 2096 400 2187 antiquum
426 2119 498 2164 esse
524 2096 801 2167 immolandorum
828 2096 1000 2167 bominum
1025 2097 1137 2177 ritum,
1164 2097 1191 2166 si
1209 2097 1344 2189 quidem

139 2225 303 2292 Saturnus
324 2221 358 2288 in
377 2220 472 2290 Latio
497 2221 613 2290 eodem
640 2243 763 2313 genere
789 2222 942 2292 sacrificii
968 2221 1075 2292 cuitus
1096 2235 1155 2301 est,
1182 2244 1250 2290 non
1268 2221 1346 2314 qui-

139 2347 217 2416 dem
246 2357 282 2416 ut
307 2345 406 2416 bomo
431 2346 473 2415 ad
500 2369 592 2417 aram
620 2347 860 2429 immolaretur,
899 2348 955 2418 sed
989 2350 1034 2419 uti
1070 2349 1103 2418 in
1130 2349 1276 2418 Tiberim
1303 2349 1345 2418 de

139 2480 241 2564 ponte
267 2472 383 2542 Milvio
409 2473 602 2544 mitteretur.
654 2474 750 2557 Quod
778 2497 820 2544 ex
846 2497 1002 2567 responso
1037 2475 1182 2568 quodam
1214 2475 1346 2544 iactita-

139 2605 210 2665 tum
236 2597 344 2666 Varro
369 2607 483 2667 unctor
508 2607 568 2676 est,
594 2596 689 2669 cuius
716 2597 864 2690 responsi
892 2598 1027 2668 ultimus
1053 2621 1166 2668 versus
1189 2608 1239 2666 est
1257 2597 1345 2666 talis:

143 2729 211 2796 Καὶ
236 2721 382 2817 κεφαλᾶς
403 2727 547 2818 Κρονίδῃ
565 2729 619 2796 καὶ
639 2734 690 2816 aqi
716 2730 816 2814 πατρὶ
845 2721 988 2812 πέμπετε
1008 2735 1118 2822 φῶτα.
1164 2723 1348 2791 Lactantius

139 2845 279 2912 institut.
309 2839 341 2920 1,
368 2840 427 2922 21,
455 2839 489 2911 7.
514 2846 572 2932 cfr.
598 2842 775 2932 Dionysius
800 2843 906 2912 Helio.
931 2841 961 2923 1,
984 2843 1040 2914 19.
1074 2845 1249 2936 Stephanus
1269 2847 1347 2935 Byr.

141 2983 168 3036 et
185 2967 308 3036 Sciam
324 2987 350 3033 s.
366 2989 396 3033 o.
419 2965 624 3060 Ἀβοριγῖνες.
644 2965 786 3034 Saturno
811 2967 1020 3056 sexagenarii
1039 2965 1190 3038 bominee
1212 2991 1255 3038 ex
1271 2993 1349 3062 per-

141 3111 224 3158 sona
248 3088 413 3180 Apollinis
439 3087 479 3156 de
505 3098 604 3179 ponte
631 3087 664 3156 in
691 3088 837 3158 Tiberim
863 3089 1115 3160 deiiciebantnr.
1159 3093 1346 3163 Lactantius

142 3217 275 3306 epitome
300 3210 359 3290 23,
386 3211 424 3282 2.
530 3215 585 3280 10.
611 3213 724 3282 Sabini
752 3213 841 3292 dicti,
867 3226 904 3284 ut
929 3214 976 3284 ait
993 3215 1100 3284 Varro
1121 3267 1128 3283 .
1150 3269 1233 3298 ...‚
1261 3220 1349 3310 quod

143 3365 184 3410 ea
211 3361 293 3430 gens
316 3318 366 3431 'pp
392 3334 568 3430 [penetret]
600 3338 777 3430 praecipue
804 3339 891 3408 colat
920 3340 1003 3418 deos,
1039 3341 1076 3409 id
1104 3353 1146 3408 ert
1179 3341 1257 3420 ἀπὸ
1277 3357 1352 3420 τοῦ

143 3469 314 3560 σέβεσθαι.
354 3466 459 3534 Fertor
485 3463 541 3532 b'b.
571 3463 615 3534 19
646 3486 673 3532 r.
700 3487 730 3531 o.
757 3463 882 3533 Sabini.
929 3466 967 3534 ln
992 3465 1132 3534 Reatino
1158 3487 1249 3557 agro,
1285 3489 1352 3559 qno

144 3604 297 3684 tempore
323 3585 522 3678 Aborigines
548 3609 624 3655 eum
649 3586 817 3664 tenebant,
844 3587 939 3678 virgo
962 3588 1126 3679 quaedam
1147 3589 1352 3660 nobilissimo

144 3739 272 3809 genere
306 3726 377 3782 orta
411 3712 453 3782 ad
487 3711 703 3781 celebrandos
729 3711 848 3782 uboros
874 3713 907 3781 in
934 3713 1005 3783 eius
1023 3714 1086 3783 dei
1112 3717 1271 3808 tempium
1297 3717 1353 3794 in-

145 3851 262 3919 trarat,
296 3861 395 3932 quem
422 3838 537 3908 Sabini
570 3861 692 3930 eosque
725 3839 828 3908 secuti
863 3838 1003 3908 Romani
1035 3841 1212 3924 Quirinum
1243 3843 1354 3912 nomi·

147 3978 229 4036 nant
251 4018 260 4034 .
281 4015 318 4033 ..
346 3967 382 4035 ln
409 3964 507 4035 buius
532 3963 586 4033 dei
613 3987 690 4032 aree
716 3965 839 4033 saltans
867 3965 975 4058 puella
1002 3978 1136 4060 repente
1163 3968 1274 4039 divino
1300 3970 1354 4039 fu-

146 4114 224 4161 rore
252 4100 404 4179 correpta
435 4087 573 4157 eborum
607 4087 751 4157 deseruit
783 4098 815 4156 et
848 4088 881 4156 in
908 4089 962 4158 dei
988 4091 1171 4160 sacrarium
1197 4092 1353 4163 cucurrit.

149 4213 281 4287 Deinde
307 4212 415 4283 adeo
449 4233 652 4303 compressa.
687 4222 723 4281 ut
754 4213 854 4303 vulgo
888 4213 995 4282 visum
1021 4225 1084 4293 est.
1120 4215 1225 4285 filium
1253 4216 1356 4286 edidit

148 4339 286 4409 nomine
311 4335 477 4415 Medium,
510 4334 687 4404 Fabidium
715 4331 923 4422 [sonuerit]
950 4338 1160 4428 cognomine.
1215 4340 1245 4407 ls
1275 4339 1356 4407 viri-

151 4464 216 4533 lem
243 4472 385 4531 aetatem
411 4459 579 4551 ingressus
605 4469 637 4526 et
663 4457 767 4526 forma
794 4482 894 4551 snpra
921 4459 1089 4530 bominem
1116 4461 1177 4532 fuir
1202 4472 1233 4530 et
1259 4461 1292 4530 in
1319 4483 1356 4529 re

150 4589 287 4660 militari
314 4588 414 4676 longe
440 4584 642 4652 durissimus
668 4581 770 4652 iactus
788 4596 848 4664 est,
875 4607 1018 4677 cumque
1040 4597 1153 4679 captus
1175 4596 1260 4656 esset
1276 4609 1358 4654 cou-

152 4711 278 4782 dendee
305 4709 397 4779 urbis
423 4706 590 4800 cupidine,
618 4727 739 4794 magna
766 4729 784 4774 e
807 4706 956 4777 finitimis
982 4709 1071 4799 agris
1097 4733 1197 4779 manu
1219 4712 1357 4781 collecta
