3526 5604
426 663 500 735 312

425 866 501 935 dala
527 887 609 936 csse.
645 861 1288 957 01111112,19,7.ο[ν.1.111018,27.
1390 864 1425 934 9.
1451 859 1511 948 [Q.
1528 862 1619 934 (llan-

425 989 499 1063 dius
524 990 631 1082 primo
645 989 775 1078 annali]
800 991 987 1070 Convallcs,
1011 990 1130 1082 inquit,
1156 999 1189 1058 ct
1208 989 1361 1060 arboreta
1382 1011 1505 1080 magna
1522 998 1619 1058 erant.

430 1115 550 1186 Gellius
573 1113 630 1198 17,
655 1113 691 1196 2,
719 1113 777 1186 25.
884 1115 941 1183 10.
972 1113 1131 1183 claudius
1155 1112 1282 1206 primos
1313 1112 1408 1205 prins
1433 1111 1524 1182 lrisoe
1546 1132 1620 1180 auc-

429 1237 555 1310 toribus
580 1234 814 1325 [doctorr‘dusl]
847 1237 926 1308 inde
949 1236 1087 1307 reticula
1108 1236 1269 1326 galeeria.
1306 1236 1432 1306 Nursina
1444 1259 1481 1328 p.
1504 1233 1625 1316 2222.

434 1365 490 1432 11.
517 1365 633 1456 ltaque
657 1385 737 1445 non,
776 1373 813 1432 ut
836 1363 937 1454 vulgo
963 1360 1102 1432 eredunt
1125 1360 1353 1451 Claudiusque
1382 1362 1483 1432 etiam
1514 1361 1624 1443 seinis

431 1487 564 1559 loedere
588 1510 656 1580 pax
675 1486 837 1570 Caudina,
864 1486 921 1556 sed
946 1507 1007 1578 per
1032 1485 1243 1578 sponsionem
1268 1485 1354 1556 lacta
1379 1498 1440 1556 est.
1480 1491 1585 1558 liciae
1595 1485 1623 1568 9,

431 1612 467 1694 5.
493 1614 528 1686 2.
631 1615 687 1684 ta.
715 1610 775 1698 [Q.
788 1611 947 1698 Claudius
961 1612 1069 1706 primo
1098 1611 1228 1700 annali]
1253 1613 1393 1694 Domus,
1419 1613 1625 1706 inquirens

431 1763 598 1834 quemque
623 1741 672 1810 ire
697 1739 791 1810 iubet
815 1749 847 1808 ct
871 1759 931 1809 sna
954 1739 1067 1807 omnia
1093 1737 1241 1809 frunisci.
1265 1734 1340 1832 [cfr.
1359 1739 1487 1810 Noniae
1502 1762 1537 1832 p.
1553 1733 1623 1820 113,

430 1861 472 1952 8]
499 1916 508 1935 .
528 1917 536 1934 .
553 1917 562 1934 .
588 1864 673 1934 Cum
698 1872 818 1942 tantus,
843 1861 962 1954 inquit,
989 1861 1109 1932 arrabo
1134 1884 1236 1954 penes
1253 1861 1420 1932 Samnites
1433 1859 1548 1954 populi
1565 1860 1624 1930 llo.-

432 1989 522 2059 manl
548 1997 633 2058 esset
657 1980 868 2075 (arrabonem
893 1985 978 2056 dixit
1002 1997 1173 2056 sexcentos
1199 1983 1354 2077 obsides.)
1380 1987 1503 2056 Gellius
1522 1983 1574 2067 17,
1592 1982 1623 2054 2.

436 2111 492 2183 13.
518 2112 609 2184 ldem
636 2111 879 2203 Quadrigarius
904 2111 938 2180 in
965 2111 1081 2182 eodem
1112 2111 1227 2182 libro.
1247 2137 1281 2182 .:
1313 2111 1346 2180 id
1372 2109 1625 2181 animatorum

432 2235 610 2330 propinqui
627 2234 792 2316 obsidum,
820 2257 903 2326 qnos
920 2234 1036 2304 Pontio
1057 2235 1192 2304 traditos
1212 2255 1313 2326 snpra
1329 2233 1625 2314 demonstravimus,

434 2382 548 2431 eornm
573 2371 726 2453 parentes
751 2383 827 2430 curn
853 2360 1048 2454 propinquis
1074 2361 1195 2453 capillo
1224 2383 1321 2452 passo
1345 2361 1378 2430 in
1405 2361 1493 2430 riam
1516 2381 1627 2452 proro-

434 2485 554 2555 larunt.
600 2484 722 2554 Gellius
740 2482 776 2567 2,
806 2481 864 2566 19,
889 2481 925 2555 8.
1029 2483 1085 2552 ll.
1112 2479 1173 2568 [Q.
1197 2482 1355 2554 Claudius
1376 2483 1487 2576 primo
1507 2479 1626 2568 annali]

434 2611 549 2689 Arna,
574 2608 692 2701 inquit,
722 2607 874 2702 plerique
899 2607 1047 2677 abiciunt
1072 2617 1173 2700 atque
1198 2607 1317 2678 inermi
1342 2606 1529 2678 illatabrant
1550 2628 1626 2676 sese.

435 2732 613 2816 0111002,
638 2733 696 2817 19,
723 2731 757 2805 3.
784 2737 842 2828 cfr.
869 2735 993 2804 Nonius
1018 2757 1051 2826 p.
1077 2731 1159 2814 129.
1185 2730 1244 2804 23.
1271 2734 1328 2803 ool
1351 2744 1454 2826 atque
1477 2730 1627 2802 inlrermir

434 2857 469 2926 in
495 2857 639 2927 latebras
665 2878 700 2926 ss
727 2855 930 2928 inlatebrant
956 2857 1116 2928 seimus.
1225 2856 1282 2930 15.
1313 2859 1352 2927 ln
1384 2858 1494 2950 primo
1524 2854 1626 2926 annali

436 2979 648 3072 Quadrigarii
683 2979 841 3072 scriptum
873 2989 933 3062 est,
968 2980 1005 3050 C.
1031 2980 1185 3049 Pontium
1217 2980 1400 3051 Samnitem
1429 3003 1452 3050 a
1479 2980 1625 3050 dictatore
1734 2999 1735 3006 ’

436 3105 586 3173 llomano
617 3125 676 3172 ser
706 3102 865 3174 horarum
896 3102 1038 3174 indutias
1064 3104 1255 3196 postulasse.
1306 3104 1429 3174 Gellius
1458 3102 1490 3186 1,
1516 3101 1575 3185 25,
1598 3100 1625 3173 6.

439 3228 495 3297 16.
531 3222 591 3311 [Q.
619 3226 777 3298 Claudius
801 3228 911 3320 primo
935 3221 1061 3320 annali]
1092 3229 1182 3308 Sese,
1214 3227 1332 3322 inquit,
1364 3251 1409 3298 ne
1433 3227 1468 3298 id
1493 3250 1625 3322 quoqne,

434 3349 524 3443 quod
559 3361 629 3420 tunr
659 3350 831 3434 suaderet,
867 3351 1031 3422 facturum
1063 3373 1135 3421 osse
1255 3355 1299 3424 lit
1322 3353 1480 3431 Romani.
1520 3351 1626 3446 inquit.

433 3472 546 3543 multis
570 3473 671 3543 armis
696 3486 729 3544 ct
750 3495 870 3566 magno
888 3486 1076 3545 commeatu
1096 3475 1288 3568 praedaque
1308 3475 1436 3568 ingenti
1452 3477 1624 3570 sopiantur.

435 3597 558 3667 Gellius
576 3595 634 3680 17,
660 3597 696 3669 2.
723 3603 781 3692 cfr.
803 3600 928 3669 Nouius
951 3623 983 3692 p.
1008 3597 1070 3679 87,
1096 3599 1130 3672 0.
1235 3602 1293 3670 17.
1320 3596 1379 3685 [Q.
1397 3601 1558 3672 Claudius
1574 3621 1624 3670 an·

433 3720 504 3791 nali
528 3723 654 3815 primo]
686 3728 765 3806 Nos,
800 3725 918 3818 inquit,
953 3727 987 3795 in
1018 3726 1166 3797 medium
1195 3727 1517 3820 relinquemus
1548 3724 1623 3799 Nihil

433 3843 510 3924 sibi,
540 3843 659 3938 inquit,
691 3847 821 3919 divitias
846 3871 929 3942 opus
959 3871 1031 3920 essa
1153 3850 1367 3933 Miserrimus,
1402 3852 1522 3944 inqnit,
1555 3852 1623 3922 ritas

433 3955 628 4058 exegerunt,
654 3981 688 4040 et
706 3971 772 4042 Hie
796 3971 917 4042 mimus
942 3968 1106 4060 [statut]
1133 3975 1168 4042 in
1193 3973 1279 4056 otiis,
1312 3975 1430 4068 inquit,
1456 3999 1623 4070 consump-

434 4103 486 4163 tus
510 4103 559 4162 est
584 4145 651 4164 ...
677 4096 761 4165 Nam
786 4096 881 4179 haee,
907 4097 1024 4191 inquit,
1055 4100 1200 4172 maxime
1230 4111 1380 4170 versatur
1404 4101 1547 4174 deornm
1569 4100 1622 4170 ini·

432 4203 551 4310 pullas,
589 4217 679 4310 qnod
711 4217 892 4290 deteriores
927 4232 1004 4292 sunt
1036 4223 1280 4305 incolumiores,
1319 4247 1428 4316 neque
1465 4237 1620 4319 optnmnn
1734 4233 1735 4302 l

431 4363 634 4434 quemqnam
659 4342 745 4413 inter
769 4365 830 4412 nos
855 4345 967 4416 sinunt
992 4347 1160 4418 diurnare.
1207 4349 1328 4418 Gellius
1343 4349 1401 4432 17,
1420 4349 1457 4421 2.
1483 4355 1543 4442 ψ.
1565 4349 1620 4418 llo-

431 4466 505 4534 nior
526 4489 562 4558 p.
593 4463 673 4548 109,
705 4465 761 4537 19.
865 4469 920 4538 18.
950 4470 1195 4564 Quadrigarius
1219 4474 1390 4544 annalium
1418 4476 1477 4545 lib.
1497 4477 1531 4545 l:
1558 4489 1619 4542 eun
1734 4493 1735 4560 l

431 4609 499 4658 non
524 4601 675 4680 possetnr
699 4591 845 4674 decerni,
881 4594 986 4664 utrius
1018 4607 1191 4688 putaretur
1221 4597 1360 4670 victoria
1386 4621 1470 4670 esse.
1514 4599 1619 4670 Noster

428 4735 463 4804 p.
491 4711 574 4795 508,
604 4713 661 4786 17.
765 4717 821 4786 19.
848 4717 1090 4811 Quadrigarius
1113 4723 1227 4794 annali
1252 4723 1312 4793 lils
1330 4725 1379 4794 ll:
1406 4724 1460 4794 his
1485 4719 1617 4796 desubito
1734 4717 1735 4728 ’
