3576 5602
418 639 489 708 138

418 841 494 908 aterr.
520 838 555 918 2,
586 838 641 911 15.
743 842 776 911 b.
804 844 879 911 Post
905 841 987 911 baec
1012 842 1175 912 Ascanius
1201 854 1262 912 etc.
1297 866 1397 935 supro
1417 867 1449 934 p.
1475 840 1566 922 260,
1600 840 1631 910 1.

419 961 453 1030 5.
480 962 530 1030 De
555 977 643 1054 copto
669 988 690 1032 o
715 965 897 1057 pastoribus
922 967 1018 1034 Romo
1051 991 1072 1035 o
1102 969 1209 1036 ceteris
1238 966 1444 1058 scriptoribus
1468 968 1632 1057 discrepat
1778 1027 1779 1052 ,

419 1088 532 1158 Aelius
558 1088 691 1159 Tubero
716 1089 766 1159 vir
784 1090 894 1182 gravis
920 1090 1011 1159 etin
1042 1091 1280 1161 conscribenda
1306 1091 1443 1162 historia
1467 1089 1631 1180 diligens.

417 1212 531 1284 Tradit
556 1213 645 1282 enim
672 1214 852 1284 Numitoris
878 1225 1036 1307 pastores,
1062 1217 1121 1307 qui
1146 1226 1280 1284 nossent
1299 1214 1532 1307 Lupercalium
1560 1215 1633 1284 Ar-

419 1337 534 1412 cadico
558 1361 664 1419 more,
698 1350 796 1431 prout
820 1340 979 1410 Euander
1004 1341 1200 1420 instituerat,
1237 1341 1317 1410 Pani
1348 1337 1631 1409 celebrandorum

418 1461 518 1542 diem,
546 1461 673 1532 insidiis
695 1461 835 1554 elegisse
851 1464 935 1535 illud
954 1475 1095 1558 tempus,
1122 1488 1189 1558 quo
1212 1465 1349 1535 iuvenes
1367 1463 1509 1534 Palatini
1527 1485 1631 1530 mon-

418 1586 459 1654 tis
481 1587 608 1656 accolas
637 1586 800 1656 sacrificio
825 1599 959 1680 peracto
984 1590 1158 1682 oportebat
1182 1589 1289 1658 nudos
1315 1611 1334 1656 e
1360 1586 1540 1680 Lupercali
1566 1609 1631 1679 per

418 1710 528 1780 vicum
554 1711 713 1780 cursitare
738 1712 882 1804 pellibus
910 1736 1026 1784 recens
1058 1725 1275 1783 mactatarum
1306 1713 1473 1805 pecudum
1500 1711 1629 1781 circum

420 1834 557 1924 inguina
574 1834 759 1926 subligatis,
786 1837 874 1930 qnod
901 1837 1101 1908 lustrationis
1127 1860 1232 1929 genus
1259 1837 1383 1907 vicanis
1408 1837 1517 1928 patrio
1534 1857 1629 1904 more

419 1967 588 2050 receptum
606 1982 695 2028 nunc
716 1983 850 2052 quoque
876 1960 948 2031 fieri
974 1963 1067 2032 solet.
1111 1962 1183 2031 Hac
1204 1961 1448 2054 opportunitate
1470 1983 1547 2030 usus
1567 1960 1629 2051 qui

419 2081 555 2152 insidias
579 2083 843 2153 adolescentibus
876 2085 994 2156 facturi
1026 2096 1121 2156 erant
1148 2097 1289 2179 angusto
1314 2087 1390 2157 loco
1414 2109 1487 2154 sese
1512 2085 1630 2154 oecul-

419 2216 505 2275 tasse
539 2219 571 2276 et
602 2231 679 2278 cum
707 2209 851 2302 primum
882 2211 977 2280 Remi
1010 2221 1140 2280 caterva
1179 2204 1252 2299 (tria
1286 2211 1376 2280 enim
1406 2211 1543 2302 agmina
1568 2231 1628 2300 per

420 2329 592 2401 intervalla
618 2334 794 2404 currebant
819 2345 852 2404 et
875 2336 1037 2406 Romulus
1072 2359 1148 2404 eum
1178 2335 1414 2428 posterioribus
1443 2329 1528 2424 erat)
1565 2333 1629 2402 olr-

420 2453 507 2524 viam
535 2455 620 2525 lacta
650 2468 710 2538 est,
745 2481 812 2528 non
838 2460 1020 2551 expectatis
1045 2459 1193 2552 reliquis,
1226 2481 1351 2550 magno
1377 2481 1454 2527 cum
1480 2459 1628 2527 clamere

422 2578 455 2646 in
488 2579 612 2671 primos
650 2582 785 2653 irruisse
820 2594 852 2652 ct
894 2583 1043 2676 undique
1076 2585 1316 2654 circumventos
1361 2583 1492 2662 iaculis,
1540 2582 1629 2651 saxis

420 2703 561 2798 aliisque
586 2706 661 2776 telis
686 2708 840 2800 petivisse
870 2718 903 2778 et
933 2710 1076 2778 incertos
1108 2708 1188 2800 quid
1221 2707 1285 2777 hoc
1317 2709 1367 2778 rei
1393 2719 1479 2776 esset
1505 2705 1628 2800 quidve

420 2829 568 2898 lacerent
591 2829 735 2900 inermes
760 2831 916 2902 adversus
941 2842 1096 2913 armatos,
1126 2831 1215 2900 incili
1242 2833 1375 2923 negotio
1405 2831 1629 2924 comprehen-

423 2953 508 3023 disse
540 2954 732 3047 vinctusque
759 2956 880 3026 Albam
915 2956 1118 3049 perduxisse.
1165 2957 1343 3047 Dionysius
1367 2955 1476 3026 Helio.
1507 2954 1540 3036 1,
1567 2954 1627 3028 80.

423 3079 457 3148 6.
493 3078 530 3147 0.
557 3079 689 3150 Tubero
715 3075 917 3173 [promemus
941 3083 1003 3150 atti
1028 3077 1189 3166 omittunt]
1220 3080 1254 3148 in
1281 3079 1494 3150 historiarum
1520 3081 1629 3171 primo

423 3203 553 3295 scripsit
584 3205 736 3276 Servium
765 3205 912 3276 Tullium
945 3228 1061 3297 regem
1091 3204 1205 3298 populi
1240 3205 1399 3284 Romani,
1440 3227 1519 3273 cum
1555 3204 1630 3273 illas

422 3329 570 3422 quinque
604 3331 723 3401 classes
756 3331 925 3401 iuniorum
963 3353 1080 3400 census
1114 3327 1260 3400 faciendi
1292 3327 1397 3420 gratia
1428 3327 1629 3409 institueret,

422 3476 542 3547 pueros
560 3476 631 3523 esse
648 3454 852 3526 existimasse
878 3456 935 3548 qui
961 3455 1106 3524 minores
1132 3464 1241 3523 essent
1259 3452 1355 3522 annis
1372 3453 1629 3544 septemdecim

421 3586 521 3670 atque
547 3578 625 3648 inde
650 3577 692 3648 ab
718 3601 807 3648 anno
832 3580 973 3672 septimo
1006 3578 1152 3655 decimo.
1192 3599 1258 3669 quo
1291 3576 1427 3645 idoneos
1462 3575 1532 3644 iam
1559 3597 1630 3644 esse

422 3703 471 3774 rei
496 3703 649 3796 publicae
674 3703 901 3784 arbitraretur,
928 3702 1049 3773 milites
1074 3701 1261 3795 scripsisse;
1289 3723 1410 3794 eosque
1437 3700 1479 3770 ad
1503 3723 1631 3770 annum

421 3827 713 3921 quadragesimum
739 3840 867 3899 sextum
891 3827 1048 3908 iuniores,
1074 3849 1240 3919 supraque
1266 3848 1343 3896 eum
1368 3847 1495 3894 annum
1517 3824 1631 3894 senio-

421 3977 474 4024 res
499 3954 696 4046 appellasse.
742 3954 863 4023 Gellius
893 3951 949 4034 10,
976 3951 1035 4034 28,
1065 3950 1096 4022 1.
1202 3954 1236 4020 7.
1270 3949 1422 4021 Valerius
1451 3949 1572 4019 Antias
1597 3959 1632 4016 et
1778 3963 1779 4025 t

421 4079 464 4163 Q.
491 4076 624 4148 Tubero
649 4088 710 4148 etc.
737 4101 892 4171 supro-p.
920 4075 1003 4160 355,
1034 4074 1090 4147 18.
1192 4075 1227 4144 8.
1253 4076 1385 4144 Tubero
1411 4073 1631 4144 historiarum

421 4215 554 4297 quarto:
589 4203 767 4273 inimiciter
792 4202 1001 4272 irascendum
1027 4223 1092 4270 uon
1120 4211 1180 4270 est.
1226 4200 1393 4270 Charisius
1416 4198 1453 4278 2,
1484 4196 1541 4280 14,
1567 4196 1629 4269 81.

420 4326 454 4398 0.
481 4330 520 4398 lu
545 4352 621 4400 eum
648 4349 773 4397 annum
799 4339 860 4397 etc.
887 4350 986 4419 supra
1007 4351 1041 4419 p.
1069 4323 1154 4406 301,
1182 4323 1241 4395 23.
1346 4326 1402 4394 10.
1433 4323 1569 4393 Tubero
1594 4323 1629 4390 in

420 4451 565 4526 historiis
589 4453 746 4545 scriptum
773 4452 919 4544 reliquit,
947 4452 1035 4522 bello
1061 4451 1170 4544 primo
1196 4450 1321 4520 Punico
1345 4449 1487 4520 Atilium
1513 4449 1631 4540 Regu-

420 4579 489 4649 lum
516 4579 686 4649 consulem
712 4579 746 4647 in
764 4577 877 4648 Airica
903 4579 1017 4649 castris
1043 4577 1130 4670 apud
1148 4575 1335 4667 Bagradam
1362 4574 1488 4644 llumen
1515 4572 1630 4666 positis

419 4704 583 4800 proelium
610 4705 736 4794 grande
762 4714 860 4794 atque
887 4727 962 4773 acre
989 4702 1104 4772 fecisse
1130 4701 1286 4771 adversus
1312 4721 1415 4769 unum
1438 4709 1629 4791 serpentem
