3526 5604
458 645 530 714 326

456 869 570 928 annos,
597 847 654 916 sed
671 867 729 938 per
754 844 823 914 dies
849 845 996 936 singulus
1020 867 1073 914 res
1098 856 1209 937 gestae
1234 847 1435 926 scribuntur,
1461 869 1499 916 ea
1517 845 1636 918 historia

456 970 582 1040 Graeco
607 968 767 1040 vocabulo
792 970 951 1070 ἐφημερὶς
983 967 1117 1051 dicitur,
1151 969 1245 1040 ouius
1269 971 1425 1040 Latinum
1457 971 1636 1064 interpreta-

455 1105 602 1165 mentum
628 1093 784 1187 scriptum
811 1103 859 1164 est
884 1093 917 1162 in
944 1092 1030 1162 libro
1048 1093 1234 1184 Sempronii
1252 1094 1432 1164 Asellionis
1457 1095 1577 1186 primo;
1601 1119 1635 1166 er

455 1242 521 1311 qno
546 1219 631 1290 libro
656 1217 765 1309 pluria
797 1217 898 1286 verba
931 1214 1181 1307 adscripsimus,
1222 1226 1257 1286 nt
1288 1217 1386 1289 simul
1418 1218 1540 1288 ibidem
1566 1219 1636 1310 quid
1733 1243 1734 1308 3

455 1343 524 1436 ipse
550 1343 636 1413 inter
660 1363 712 1413 res
738 1353 848 1432 gestas
874 1349 906 1410 et
938 1340 1076 1410 annales
1109 1361 1181 1409 esse
1215 1339 1346 1422 dixerit,
1386 1343 1635 1414 ostenderemus:

454 1468 577 1537 Verum
602 1466 689 1536 inter
715 1487 781 1547 eus,
808 1463 926 1556 inquit,
953 1463 1011 1554 qui
1036 1463 1164 1534 annalis
1189 1463 1380 1556 relinquere
1404 1464 1586 1546 volnissent,
1608 1475 1636 1533 et

454 1615 509 1661 eos
535 1591 593 1683 qui
619 1611 672 1660 res
698 1599 804 1680 gestas
829 1611 849 1657 a
874 1585 1030 1656 Romanis
1055 1585 1259 1678 perscribere
1287 1587 1396 1658 conati
1421 1599 1539 1670 essent,
1570 1611 1634 1658 onr-

453 1717 543 1786 nium
569 1735 681 1785 rerum
707 1712 770 1783 hoe
796 1710 953 1782 interluit.
991 1710 1137 1780 Annales
1163 1707 1240 1780 libri
1266 1720 1391 1779 tantum
1416 1711 1504 1804 quod
1526 1712 1632 1782 fartam

452 1861 585 1932 quoque
610 1858 699 1907 anno
724 1845 852 1926 gestum
878 1834 930 1915 sit,
956 1855 996 1904 ea
1022 1831 1300 1913 demonstrabant,
1339 1833 1372 1903 id
1399 1845 1450 1906 est
1473 1835 1562 1929 qnasi
1583 1836 1631 1928 qni

452 1963 593 2035 diarium
616 1961 776 2042 scribunt,
805 1982 905 2053 quam
930 1959 1045 2029 Graeci
1070 1963 1256 2060 ipppsploo
1280 1971 1409 2030 vocant.
1458 1961 1553 2032 Nobis
1574 1983 1628 2032 non
1734 1989 1735 2032 l

451 2089 550 2159 modo
574 2088 652 2158 satis
678 2109 748 2156 esse
773 2086 881 2167 video,
907 2085 995 2177 quod
1022 2085 1142 2154 lactum
1169 2095 1253 2156 esset
1279 2085 1311 2155 id
1337 2087 1557 2178 pronuntiare,
1579 2086 1628 2156 sed

452 2214 552 2282 etiam
578 2235 645 2306 qno
671 2211 807 2281 consilio
832 2233 965 2304 quaque
990 2210 1116 2279 ratione
1151 2220 1243 2301 gesta
1275 2221 1383 2280 essent
1413 2212 1627 2282 demonstrare.

452 2338 555 2407 Paulo
572 2349 645 2429 post
669 2337 757 2407 idem
775 2337 900 2409 Asellio
925 2337 959 2406 in
981 2335 1098 2406 eodem
1114 2336 1216 2407 libro:
1243 2337 1325 2406 Nam
1345 2360 1454 2429 neque
1471 2337 1629 2408 alacriores

451 2460 493 2530 ad
519 2481 589 2530 rem
616 2458 782 2552 publicam
807 2458 1052 2530 defendundum
1078 2481 1186 2552 nequo
1212 2460 1382 2550 segniores
1408 2460 1542 2532 adrem
1564 2483 1629 2553 per·

451 2607 566 2676 peram
593 2584 777 2656 laciundam
802 2585 939 2656 annales
963 2585 1039 2655 libri
1063 2607 1271 2655 commovere
1297 2587 1476 2679 quicquam
1501 2595 1628 2680 possunt

452 2709 602 2780 Scribere
630 2721 739 2780 autem
764 2710 889 2780 bellum
915 2709 1033 2780 initum
1059 2732 1125 2801 qno
1151 2712 1286 2780 consule
1312 2723 1345 2780 et
1369 2733 1437 2805 quo
1462 2711 1629 2781 conlectum

450 2837 492 2906 sit
523 2847 554 2905 et
587 2837 661 2929 quis
693 2837 899 2930 triumphans
930 2836 1092 2906 introierit
1122 2846 1156 2905 et
1186 2859 1226 2907 eo
1257 2838 1343 2908 libro
1377 2860 1464 2929 quae
1495 2837 1528 2906 in
1554 2833 1629 2904 bella

450 2970 541 3050 gestu
567 2961 632 3028 sint
658 2960 789 3042 iterare,
816 2982 881 3028 non
906 2959 1098 3052 praedicare
1124 2971 1180 3030 ant
1203 2961 1331 3030 interea
1348 2960 1428 3054 quid
1444 2958 1630 3030 senatusde-

451 3083 590 3153 creverit
615 3094 670 3154 aut
695 3106 780 3178 quae
805 3085 860 3154 lex
884 3083 1051 3174 rogatiove
1077 3083 1143 3153 luta
1170 3083 1222 3165 sit,
1257 3105 1365 3176 neque
1391 3083 1511 3176 quibus
1535 3080 1630 3152 consi·

450 3208 502 3276 liis
528 3229 567 3277 ea
592 3219 686 3299 gesta
711 3208 791 3278 sint:
818 3207 851 3277 id
877 3207 1005 3277 fabulas
1030 3207 1140 3298 pueris
1167 3219 1215 3276 est
1230 3229 1379 3288 narrare,
1404 3231 1472 3278 non
1494 3205 1629 3277 historias

449 3332 606 3401 scribere.
645 3331 766 3402 Gallias
789 3329 823 3411 5,
852 3329 909 3410 18,
936 3328 1044 3402 7-9.
1145 3331 1179 3400 d.
1205 3331 1330 3401 Asellio
1355 3331 1390 3400 in
1417 3333 1463 3402 lll
1492 3329 1629 3402 bistonu-

448 3478 523 3526 rnm
549 3455 783 3526 adverbialiter
808 3454 878 3524 sine
904 3477 969 3546 que
996 3453 1129 3524 extulit:
1163 3464 1199 3524 ut
1223 3453 1297 3524 fieri
1322 3455 1405 3525 solet
1434 3457 1569 3547 plerum,
1598 3463 1629 3522 at

449 3581 482 3649 in
509 3581 644 3650 victoria
677 3579 785 3648 mitior
817 3577 1086 3670 mansuetiorqne
1118 3577 1186 3646 fiat.
1229 3579 1412 3648 Priscianus
1438 3577 1472 3660 5,
1500 3559 1553 3658 ll,
1577 3575 1625 3648 65.

448 3704 483 3774 5.
510 3704 723 3797 Sempronius
748 3703 875 3774 Asellio
900 3700 976 3771 bist.
1003 3701 1061 3771 lib.
1080 3703 1160 3771 llll:
1186 3713 1222 3771 ut
1247 3702 1355 3773 maior
1374 3703 1497 3772 invidia
1517 3699 1626 3794 Lepido

448 3829 654 3920 glisceretur.
696 3827 820 3895 Nonius
839 3848 873 3918 p.
900 3822 985 3906 481,
1010 3821 1045 3894 4.
1072 3827 1130 3916 cfr.
1152 3826 1319 3916 Appianas
1339 3827 1377 3895 de
1394 3825 1457 3895 rell.
1472 3826 1559 3917 Hisp.
1574 3819 1624 3893 83.

447 3954 481 4023 6.
508 3952 676 4046 Legebam
694 3951 880 4044 Sempronii
897 3949 1074 4022 Asellionis
1099 3949 1219 4020 veteris
1244 3949 1409 4042 scriptoris
1430 3957 1575 4044 quartam
1590 3965 1624 4012 er

446 4072 587 4146 historia
608 4075 740 4156 librum,
767 4075 800 4143 in
827 4096 893 4166 quo
919 4073 960 4142 de
985 4074 1021 4142 P.
1039 4071 1197 4142 Africano
1213 4073 1308 4142 Pauli
1335 4071 1404 4141 lilio
1425 4071 1469 4141 ita
1485 4071 1623 4162 scriptum

446 4209 510 4267 est:
537 4220 613 4266 nam
638 4219 673 4266 se
699 4207 825 4288 patrem
846 4217 942 4265 suum
961 4193 1091 4265 audisse
1109 4194 1219 4263 dicere
1238 4197 1275 4265 L.
1292 4193 1475 4264 Aemilium
1491 4192 1622 4266 Paulum.

444 4321 542 4390 nimis
559 4319 682 4389 bonum
701 4320 933 4416 imperatorem
953 4317 1057 4408 signis
1082 4317 1208 4388 collatis
1233 4316 1403 4388 decertare
1429 4317 1493 4388 nisi
1512 4333 1624 4386 sumna

444 4445 651 4516 necessitudo
676 4456 732 4514 aut
748 4467 877 4515 summa
902 4445 933 4514 ei
958 4443 1087 4513 occasio
1106 4443 1183 4514 data
1205 4453 1297 4512 esset
1340 4443 1461 4514 Gellius
1479 4439 1533 4524 13,
1549 4438 1580 4520 3,
1595 4435 1622 4508 6.

444 4574 500 4663 cfr.
531 4573 698 4662 Appianas
728 4571 766 4639 dc
800 4569 862 4638 rod.
898 4570 992 4662 Hisp.
1022 4567 1082 4639 87.
1190 4572 1223 4638 7.
1262 4570 1300 4639 ln
1333 4569 1419 4639 libro
1457 4558 1623 4658 Sempronii

428 4673 620 4764 'Asellionis
646 4715 756 4764 rernm
776 4703 944 4784 gestarum
967 4694 1082 4786 quinto
1105 4690 1247 4777 ¹[liberos
1264 4714 1325 4786 pru
1344 4715 1410 4763 uno
1428 4691 1497 4764 lilio
1513 4681 1624 4768 filiave]
