3576 5602
1317 645 1388 715 453

178 841 272 897 vicina
286 869 324 878 -
334 839 514 915 perfundunt
526 871 563 880 -
578 839 735 899 borlenlur.
758 857 834 915 quas
850 841 971 916 quidem
988 841 1140 900 lectiones
1160 828 1247 916 qu'am
1263 842 1303 901 ob
1325 858 1388 901 rom

179 963 240 1005 noo
257 963 362 1006 omnes
378 947 592 1025 exprimendas
607 949 787 1023 curaverim,
808 950 868 1008 iarn
882 949 989 1025 paucis
1004 963 1162 1026 exponam.
1176 950 1264 1025 sortia
1279 951 1348 1011 Vat.
1370 971 1389 1010 r.

170 1057 267 1134 ,ouius
282 1056 348 1117 loro
364 1059 471 1118 eadem
486 1075 553 1134 quaa
563 1057 633 1118 Bas.
644 1077 662 1117 1.
675 1061 850 1119 auotoritas.
859 1059 1109 1134 pulcherrumum
1130 1060 1174 1120 ita
1188 1059 1266 1118 bano
1278 1075 1389 1135 super-

179 1163 273 1223 lativi
294 1164 424 1225 formam
445 1167 559 1242 ubique
581 1167 701 1243 scripsi,
724 1167 862 1227 rationes
881 1173 1011 1242 sanutus,
1035 1185 1112 1244 quas
1130 1167 1209 1228 inira
1224 1185 1385 1245 exponam;

182 1271 353 1350 eademque
382 1275 431 1334 est
458 1277 538 1335 ratio
561 1275 721 1352 scriptura
742 1276 851 1334 divorsi
879 1281 911 1336 ot
935 1275 1044 1352 ooipna.
1072 1277 1203 1335 ommacio
1223 1275 1297 1334 dicio
1318 1274 1388 1333 Vat.

181 1381 265 1454 quod
286 1381 379 1440 etiam
401 1381 590 1458 etymologia
611 1382 743 1441 suadere
764 1382 886 1442 videtur
907 1382 1060 1441 etaltera
1082 1381 1239 1442 scribendi
1259 1380 1338 1438 ratio
1358 1381 1386 1438 in

181 1484 249 1544 eod.
272 1484 439 1546 Basiliensi
469 1503 508 1546 eo
535 1487 635 1546 minus
662 1487 856 1547 auctoritatis
884 1486 987 1563 babet,
1019 1488 1101 1561 quod
1121 1486 1215 1564 paulo
1236 1485 1318 1545 inira
1339 1491 1389 1546 ter

180 1591 300 1652 dividas
322 1593 477 1670 seriptum.
500 1595 687 1668 nosmetipsi
708 1595 777 1653 Vai.
800 1594 882 1670 quod
904 1611 1014 1654 sensns
1036 1597 1068 1654 et
1087 1595 1136 1652 vis
1158 1593 1305 1654 orationis
1326 1610 1387 1671 po-

182 1700 285 1760 stulat.
308 1702 354 1760 bio
375 1702 481 1761 obnoa
502 1700 573 1762 Bas.
596 1705 627 1760 et
648 1701 716 1760 Vat.
738 1705 776 1760 iis
796 1701 894 1762 Paris.
916 1700 1000 1761 Laid.
1023 1701 1159 1762 llinsied.
1186 1702 1254 1761 Tur.
1276 1702 1309 1760 et
1328 1701 1385 1760 ba-

179 1808 276 1868 bebat
290 1809 345 1868 illa
359 1810 463 1886 lontio,
486 1827 545 1884 quo
562 1810 796 1886 defenderetur,
817 1810 873 1869 sod
887 1811 1015 1887 primum
1032 1815 1178 1870 eonstans
1198 1809 1306 1868 borum
1326 1825 1387 1868 vo-

180 1914 360 1974 eabulorum
388 1916 575 1991 permutatio
602 1917 659 1992 est,
692 1921 785 1991 atquo
815 1932 853 1976 eo
882 1915 1014 1990 iaoilior,
1041 1914 1124 1991 qnod
1149 1918 1175 1974 ia
1201 1916 1233 1974 et
1253 1919 1290 1974 iis
1311 1931 1387 1991 pro·

180 2021 296 2080 misene
318 2022 471 2092 scribitur,
494 2027 526 2082 ot
546 2023 564 2080 b
586 2023 616 2081 in
639 2023 763 2099 optimis
784 2022 873 2082 libris
902 2023 1012 2082 iisdem
1033 2021 1194 2082 vocabulis
1216 2020 1307 2080 ruodo
1329 2021 1387 2082 ad-

180 2125 270 2201 ditur,
293 2127 384 2186 modo
406 2127 593 2203 detrahitur,
616 2133 678 2188 tum
701 2144 789 2188 nemo
805 2130 861 2203 est,
884 2128 957 2203 quin
971 2127 1133 2204 intelligat,
1157 2142 1324 2202 pronomen
1340 2126 1388 2185 bic

181 2240 214 2294 ot
236 2235 368 2294 orationi
390 2236 535 2297 maiorem
564 2237 626 2296 vim
655 2235 771 2296 addere
797 2241 828 2296 et
854 2235 1095 2313 indignationem
1121 2235 1260 2294 Catilinae
1288 2233 1387 2308 magis

181 2342 367 2418 exprimere.
388 2341 443 2402 cir.
465 2361 490 2402 o.
514 2345 561 2402 23.
583 2343 619 2403 nt
641 2344 693 2418 bio,
725 2347 774 2422 pni
799 2345 856 2403 eto.
879 2347 912 2402 et
933 2345 980 2402 ab.
1003 2343 1055 2402 aad
1074 2345 1105 2401 in
1125 2346 1151 2401 ia
1172 2348 1236 2400 erut
1255 2357 1312 2418 pro
1333 2341 1386 2398 bis.

82 2527 84 2530 Ι
179 2450 256 2508 Boni
278 2449 360 2524 quod
380 2449 450 2509 Bas.
475 2450 587 2524 omisit,
610 2451 639 2508 in
666 2451 735 2510 Vat.
757 2449 855 2527 primo
881 2447 952 2510 loeo
980 2451 1113 2526 positum
1138 2453 1169 2508 et
1190 2454 1276 2525 atqua
1296 2447 1386 2505 addi-

180 2558 253 2631 tum,
276 2555 307 2614 in
329 2556 396 2616 Tur.
419 2559 524 2616 eontra
546 2563 632 2634 otpue
660 2561 729 2617 anto
754 2558 864 2617 nobiles
884 2561 941 2618 est.
964 2573 1031 2632 quae
1052 2555 1311 2633 transpositiones
1332 2570 1386 2613 er-

180 2677 255 2720 rore
276 2660 475 2750 librariorum
497 2665 582 2738 ortae,
605 2664 655 2737 qui
677 2662 829 2740 asyndeta
850 2663 930 2722 alius
952 2663 1014 2722 alio
1036 2661 1127 2721 modo
1148 2659 1262 2720 tollere
1278 2659 1386 2719 stude-

180 2767 263 2828 bant.
285 2785 302 2826 o
321 2769 477 2846 sorbsainr'
497 2769 583 2844 qnod
603 2769 633 2828 in
656 2767 726 2828 Bas.
745 2787 765 2828 ι.
787 2774 844 2845 est,
867 2756 1138 2851 nultrflonro'aapov
1151 2765 1276 2826 videtur
1291 2770 1323 2826 et
1337 2767 1387 2826 in·

182 2874 325 2935 teriectio
345 2895 364 2936 a
385 2877 585 2954 grammatico
606 2875 732 2936 videtur
753 2893 824 2936 esse
840 2876 969 2936 adiecta.
993 2875 1124 2951 donique
1138 2875 1290 2934 bortontnr
1305 2873 1387 2948 quod

181 2981 211 3038 in
234 2981 303 3040 Vat.
326 2984 383 3057 est,
405 2987 513 3059 aperte
535 2982 647 3041 falsum
668 2982 785 3042 dixeris
792 3001 799 3056 ;
831 2984 863 3040 in
888 2980 947 3040 line
969 2981 1048 3040 enim
1075 2980 1225 3040 orationis
1246 2979 1386 3039 admoni-

181 3085 258 3145 tioni
278 3087 366 3147 loeus
389 3091 439 3147 ost
458 3092 491 3147 et
511 3089 674 3174 postquam
696 3091 930 3164 eaperpisoimini
946 3088 1034 3163 dixit,
1056 3104 1167 3146 novum
1189 3084 1314 3161 aliquod
1328 3103 1386 3145 ex-

181 3192 381 3268 speotaveris.
407 3193 580 3268 eodemque
606 3194 697 3253 modo
724 3175 840 3254 ntoininr'
859 3195 930 3254 Vat.
952 3194 992 3253 ab
1022 3193 1060 3252 iis
1085 3192 1255 3268 inventum,
1276 3193 1387 3267 quibus

180 3305 319 3375 tempora
344 3301 433 3360 verbi
459 3319 582 3376 aquare
608 3301 780 3378 elegantius
806 3303 913 3362 visum.
956 3300 1052 3361 Simul
1081 3317 1121 3359 ex
1147 3300 1197 3359 bis
1219 3298 1387 3376 eollegeris

181 3405 311 3466 alteram
340 3405 425 3465 illam
452 3407 591 3466 oodioum
620 3406 775 3483 familiam,
802 3425 891 3482 qnam
916 3407 1030 3482 aliquis
1052 3405 1175 3479 dixerit,
1203 3407 1386 3466 nonninus

182 3529 265 3590 saepe
287 3529 305 3572 a
328 3513 413 3572 voris
434 3517 466 3574 et
486 3515 626 3591 genuinis
647 3515 783 3573 auotoris
806 3514 911 3574 vorbis
932 3515 1090 3574 recedere.

261 3637 287 3678 e.
301 3621 351 3678 21.
371 3619 459 3679 Varr.
477 3620 547 3679 leot.
563 3607 633 3679 Bas.
649 3639 668 3678 r.
685 3627 716 3679 ut
724 3626 910 3696 proponeret,
925 3618 1006 3695 quod
1027 3620 1217 3680 retinendum
1232 3619 1298 3680 luit.
1314 3636 1387 3678 oon-

180 3723 257 3783 dilio.
274 3725 356 3799 quod
368 3729 480 3803 postea
495 3740 553 3784 non
568 3725 698 3803 amplius
713 3725 838 3785 notabo.
852 3731 1041 3785 monnetoneo
1059 3742 1095 3784 m.
1110 3744 1154 3803 pr.
1168 3726 1225 3785 sed
1239 3743 1257 3784 a
1272 3743 1308 3784 nn.
1325 3742 1386 3785 seo.

179 3832 311 3906 utroquo
338 3829 409 3890 loeo
434 3833 445 3887 i
471 3835 651 3891 oorreotum.
675 3835 819 3908 apostatis
847 3861 885 3870 —
915 3830 1062 3906 norapiuria
1088 3849 1125 3890 m.
1154 3847 1198 3908 pr.
1224 3848 1241 3888 e
1267 3848 1303 3890 ru.
1326 3847 1386 3890 seo.

262 3955 288 3996 o.
303 3938 350 3996 22,
365 3937 568 4013 sollempnibus
577 3937 647 3998 Bas.
657 3957 682 3999 o.
691 3941 739 3998 23.
748 3945 915 3998 amoverant
925 3937 995 3998 Bas.
1006 3957 1025 3998 r.
1035 3937 1119 3997 Laid.
1132 3937 1268 3996 Einsied.
1284 3937 1313 3996 in
1324 3937 1387 3996 Pa-

180 4044 234 4102 ris.
256 4045 288 4102 et
301 4042 386 4103 Leirl
402 4061 429 4102 o.
443 4045 501 4120 spi.
524 4045 605 4119 qnod
618 4045 686 4104 siue
702 4044 794 4104 dubio
811 4061 850 4104 ox
864 4045 1076 4104 antecedentis
1101 4043 1242 4102 venabuli
1258 4043 1317 4101 line
1332 4059 1387 4102 or-

181 4155 252 4224 tum,
268 4151 325 4208 sod
341 4166 446 4210 omnes
458 4149 525 4209 iere
540 4149 615 4209 libri
627 4167 693 4210 eam
705 4151 871 4211 leotionom
884 4151 1024 4226 retinent,
1040 4151 1101 4209 nisi
1117 4149 1197 4226 quod
1209 4166 1286 4208 unus
1296 4149 1387 4225 Rivii,

181 4256 327 4318 llostoob.
341 4257 409 4317 Vin.
423 4278 442 4316 1.
454 4264 602 4317 moverunt
612 4258 769 4335 exhibent,
786 4259 880 4335 idque
889 4263 1034 4318 onustans
1050 4259 1172 4318 dicendi
1183 4257 1262 4317 ratio
1274 4257 1388 4316 oonfir-

181 4370 250 4424 mat.
273 4369 433 4442 mannaque
453 4383 489 4424 m.
508 4383 553 4442 pr.
576 4384 592 4424 e
613 4383 674 4425 seo.
696 4384 800 4425 manus
819 4367 955 4426 correxit
976 4365 1045 4424 Bas.
1062 4385 1080 4424 ι.
1095 4366 1248 4426 insolentia
1266 4364 1389 4440 plurimi

182 4471 266 4545 libri;
287 4471 447 4531 molerano
467 4472 536 4530 Vin.
551 4492 570 4531 r.
592 4472 661 4531 Bas.
685 4475 712 4531 2.
734 4471 797 4531 llrl.
813 4474 902 4533 Born.
927 4492 945 4530 r.
961 4475 987 4530 2.
1010 4490 1074 4550 pun
1092 4473 1272 4549 ecquomodo
1285 4469 1355 4530 Bas.
1371 4490 1388 4530 r.

182 4595 245 4655 pum
258 4579 399 4654 pnornndo
413 4578 481 4640 Tur.
495 4576 579 4638 Leid.
594 4597 659 4656 pnoe
672 4597 785 4656 piraque
798 4597 832 4638 m.
847 4579 981 4640 Einsled.
995 4581 1090 4639 Paris.
1106 4581 1139 4639 Z.
1152 4580 1219 4639 Vin.
1235 4600 1251 4639 r.
1266 4580 1354 4638 l'abr.
1371 4599 1389 4639 r.

182 4681 244 4744 Eri.
267 4686 364 4745 Paris.
388 4705 412 4746 e.
436 4703 502 4762 quaa
524 4688 720 4762 praestantior
741 4687 835 4746 leotio
858 4693 914 4746 est.
