3610 5592
1386 621 1408 686 7

203 823 273 892 lam
299 821 445 912 primum
471 819 637 899 iuventus,
668 818 832 888 simulac
860 818 938 888 belli
965 817 1092 910 patiens
1118 831 1205 897 erat,
1233 818 1267 886 in
1293 819 1407 888 castris

204 968 263 1038 per
277 945 430 1015 laborem
455 968 516 1016 usu
535 944 687 1016 militiam
712 944 874 1024 discebat,
902 945 1074 1038 magisque
1093 945 1126 1013 iu
1154 943 1281 1014 decoris
1307 945 1407 1014 armis

203 1081 235 1140 et
266 1067 467 1138 militaribus
492 1067 587 1160 equis
620 1091 722 1160 quam
756 1068 789 1137 in
826 1067 941 1138 scortis
973 1078 1072 1160 atque
1099 1067 1256 1137 conviviis
1284 1066 1407 1137 lubidi-

202 1215 279 1264 nem
303 1191 484 1262 habebant.
535 1191 639 1282 Igitur
664 1191 784 1262 talibus
808 1191 888 1260 viris
923 1213 989 1260 non
1019 1191 1114 1262 labor
1139 1191 1304 1280 insolitus,
1339 1213 1406 1261 non

202 1319 293 1388 locus
319 1317 408 1386 ullus
433 1338 530 1408 asper
555 1326 612 1386 aut
636 1315 759 1386 arduus
785 1326 870 1396 erat,
898 1339 964 1385 non
991 1327 1135 1388 armatus
1161 1315 1264 1400 bostis
1289 1317 1406 1386 sormi-

201 1441 350 1522 dolosus;
381 1440 484 1510 virtus
509 1439 621 1510 omnia
645 1439 828 1511 domuerat.
880 1441 944 1510 Sed
970 1440 1084 1532 glorio
1110 1461 1305 1511 maxumum
1331 1463 1406 1511 cer·

202 1579 311 1636 umen
338 1565 423 1634 inter
450 1565 537 1657 ipsos
562 1575 647 1634 erat:
674 1565 722 1634 sic
746 1587 782 1635 se
807 1565 948 1658 quisque
974 1564 1100 1635 bostem
1127 1565 1246 1644 ferire,
1272 1587 1404 1634 murum

201 1690 397 1771 ascendere,
440 1687 603 1780 conspici,
638 1688 716 1758 dum
752 1689 817 1760 lale
851 1689 979 1760 lacinus
1013 1690 1155 1768 laceret,
1189 1691 1403 1783 properabam

201 1835 257 1884 aas
282 1811 430 1893 divitias,
464 1833 540 1882 cam
565 1810 688 1882 bonam
712 1811 835 1882 lamam
861 1834 1084 1905 magnamque
1110 1812 1315 1884 nobilitatem
1341 1836 1405 1905 pu-

199 1937 331 2018 sabano
358 1936 464 2007 laudis
488 1935 592 2018 avidi,
619 1937 769 2028 pecuniae
796 1936 950 2008 liberales
976 1948 1087 2016 erant;
1114 1938 1256 2029 gloriam
1283 1939 1404 2030 ingen-

199 2074 286 2143 tem,
325 2060 455 2132 divitias
484 2059 638 2130 honestas
664 2060 828 2131 volebant.
878 2063 1065 2132 Memorare
1097 2085 1245 2156 possem,
1284 2065 1403 2158 quibus

199 2187 234 2256 in
272 2187 354 2256 locis
390 2207 564 2256 maxumas
596 2184 740 2262 bostium
779 2185 890 2278 copias
924 2186 1066 2279 populus
1100 2188 1269 2258 Romanus
1302 2211 1403 2281 parva

199 2333 302 2384 manu
329 2311 468 2392 fuderit,
503 2333 586 2404 quas
620 2310 719 2381 urbes
744 2322 861 2382 natura
885 2312 1029 2386 munitas
1055 2312 1234 2404 pugnando
1267 2313 1401 2407 ceperit,

198 2436 234 2506 ni
258 2457 301 2504 ca
325 2456 379 2504 res
403 2433 536 2525 longius
560 2455 620 2502 nos
646 2433 688 2504 ab
714 2434 844 2526 incepto
868 2433 1025 2503 baberet.

274 2581 346 2628 vm.
397 2556 463 2628 Sed
487 2557 633 2650 prolecto
657 2557 789 2627 lortuna
814 2557 847 2626 iu
873 2556 964 2626 omni
990 2579 1026 2626 re
1052 2558 1257 2640 dominatum
1284 2585 1324 2632 ea
1350 2583 1402 2632 res

198 2693 336 2756 cunctas
361 2705 404 2752 ex
425 2680 574 2752 lubidine
592 2679 700 2772 magis
722 2703 823 2774 quam
848 2704 891 2751 ex
910 2704 988 2751 vero
1010 2682 1153 2756 celebrat
1171 2685 1401 2779 obscuratque.

197 2807 453 2880 Atheniensium
475 2827 529 2876 res
547 2815 663 2896 gestas,
690 2805 785 2876 sicuti
809 2827 871 2896 ego
890 2817 1041 2888 aestumo‚
1067 2807 1145 2878 satis
1164 2809 1283 2900 amplae
1305 2833 1402 2904 mag-

197 2934 377 3026 nibwque
402 2932 513 3014 linere,
539 2953 655 3001 verum
680 2931 850 3024 aliquanto
875 2933 1020 3002 minores
1045 2945 1156 3004 tamen
1188 2959 1287 3028 quarn
1313 2936 1402 3006 fama

198 3058 361 3130 feruntur.
412 3057 477 3128 Sed
502 3055 581 3150 quia
607 3079 790 3148 provenere
817 3055 863 3126 ibi
887 3055 1084 3148 scriptorum
1110 3081 1232 3150 magna
1256 3060 1400 3152 ingenia,

198 3203 257 3272 per
285 3192 450 3252 terrarum
480 3180 596 3251 orbem
620 3178 875 3250 Atheniensium
911 3179 995 3249 lacta
1029 3203 1088 3272 pro
1119 3184 1284 3254 maxumis
1312 3187 1402 3257 celo-

198 3307 348 3378 brantur.
411 3308 461 3378 lta
494 3328 625 3388 eorum,
661 3306 719 3398 qui
753 3327 793 3374 ea
827 3305 952 3385 iecere,
991 3306 1094 3376 virtus
1127 3319 1216 3378 tanta
1250 3308 1401 3396 babetur,

198 3444 360 3526 quantum
385 3455 426 3502 ca
458 3429 567 3502 verbis
602 3441 740 3523 potuere
774 3429 934 3500 extollere
967 3431 1129 3523 praeclara
1163 3432 1309 3524 ingenia.
1360 3437 1404 3506 At

199 3559 322 3650 populo
348 3559 499 3628 Romano
522 3578 705 3649 numquam
732 3578 772 3625 ea
797 3555 892 3648 copia
917 3554 991 3638 luit,
1017 3556 1097 3649 quia
1121 3558 1402 3650 prudentissumus

198 3682 340 3774 quisque
360 3703 516 3750 muume
537 3679 726 3770 negotiosus
744 3689 830 3759 erat3
857 3678 1029 3770 ingenium
1051 3701 1150 3750 nemo
1171 3679 1242 3748 sine
1264 3703 1402 3773 corporo

199 3806 395 3884 exercebat;
420 3817 577 3898 optumus
598 3805 739 3898 quisque
764 3806 873 3876 lacere
906 3828 1006 3897 quam
1024 3805 1151 3888 dicere,
1177 3829 1237 3876 sua
1257 3806 1300 3876 ab
1328 3807 1402 3877 aliis

199 3930 373 4002 benefacta
399 3929 527 4001 laudari
556 3953 658 4024 quam
683 3930 753 4023 ipse
779 3930 922 4000 aliorum
947 3952 1083 4000 narrare
1109 3932 1263 4002 malebat.

272 4079 321 4126 rx.
373 4056 478 4148 igitur
502 4057 592 4127 domi
625 4055 818 4148 militiaeque
843 4055 921 4127 boni
946 4078 1054 4126 mores
1080 4055 1288 4137 colebantur;
1323 4080 1403 4126 coo-

199 4178 313 4250 cordia
339 4203 512 4264 maxuma,
546 4181 696 4250 minuma
721 4179 859 4250 avaritia
885 4192 972 4260 erat;
1008 4179 1058 4249 ins
1090 4179 1281 4272 bonumque
1314 4181 1401 4272 apud

199 4327 257 4374 eos
280 4327 349 4374 non
375 4303 504 4396 legibus
528 4305 637 4396 magis
662 4327 763 4399 quam
788 4315 906 4375 natura
932 4304 1071 4374 valebat.
1123 4303 1250 4394 lurgis,
1277 4304 1404 4374 discor-

198 4427 290 4508 dias,
324 4427 508 4498 simultates
533 4450 609 4498 cum
635 4426 782 4498 hostibus
807 4428 1026 4506 exercebant;
1062 4427 1149 4496 cives
1177 4449 1252 4496 cum
1278 4427 1403 4496 civibus

199 4550 242 4621 de
268 4551 387 4622 virtute
426 4549 614 4628 certabaut;
652 4549 685 4620 in
718 4550 885 4643 suppliciis
920 4551 1056 4620 deorum
1089 4549 1277 4640 magnifici,
1314 4552 1403 4621 domi

200 4676 309 4766 parci,
345 4675 379 4744 in
405 4675 529 4746 amicos
556 4675 670 4746 lideles
697 4685 799 4746 crant.
853 4676 988 4746 Duabus
1013 4674 1066 4744 bis
1092 4675 1231 4756 artibus,
1266 4676 1403 4746 audacia
