3610 5592
1053 693 1136 738 xviii

493 869 549 938 Qui
569 869 690 945 quidem
711 868 799 928 locus
820 884 879 929 non
901 868 943 927 ite
966 866 1163 944 explicandus
1178 869 1234 942 est,
1256 863 1406 924 Caesarem
1427 882 1464 925 eo
1480 865 1609 925 consilio
1622 863 1683 924 Nu·

491 975 614 1035 midiam
633 975 823 1052 provinciam
844 973 978 1032 Salustio
1000 972 1177 1046 tradidisse,
1199 975 1335 1047 utquam
1351 972 1497 1032 maximas
1515 975 1620 1049 posset
1634 971 1682 1030 di·

492 1082 586 1142 vitias
608 1081 796 1157 corraderet,
818 1081 874 1140 sed
895 1081 953 1140 llio
966 1079 1098 1154 Cassius,
1121 1097 1186 1155 quae
1208 1079 1274 1138 eins
1290 1081 1340 1138 est
1352 1079 1514 1154 acerbitas,
1537 1097 1619 1139 snum
1638 1079 1685 1136 in-

493 1189 645 1264 terposuit
661 1188 810 1248 iudicium.
841 1186 973 1246 Caesaris
987 1191 1087 1246 autem
1105 1203 1171 1245 cum
1184 1189 1268 1245 tanta
1283 1185 1469 1263 indulgentia
1485 1187 1513 1244 in
1529 1186 1613 1262 ipsos
1629 1185 1685 1244 ini-

491 1295 587 1354 micos
600 1293 721 1369 luisset,
744 1294 867 1354 facilius
883 1295 974 1354 etiam
996 1293 1160 1353 amicorum
1175 1293 1313 1369 peccatis
1329 1294 1447 1351 veniam
1465 1293 1589 1352 dedisse
1602 1292 1686 1350 vide-

492 1404 549 1459 tur.
571 1418 637 1460 cum
656 1416 716 1477 quc
737 1399 766 1459 S.
786 1401 932 1460 sestertio
957 1399 1124 1460 duodecies
1141 1403 1250 1476 pactus
1272 1416 1343 1458 esse
1364 1398 1485 1475 dicitur,
1511 1416 1548 1458 ne
1571 1415 1687 1458 cansam

492 1506 618 1567 diceret.
633 1506 711 1566 decl.
722 1507 743 1566 l.
758 1507 777 1565 1.
791 1507 894 1566 Tantae
907 1506 1029 1582 quidem
1043 1507 1072 1565 ei
1084 1506 1171 1566 luere
1186 1506 1311 1578 divitiae,
1327 1510 1360 1565 ut
1374 1507 1483 1566 hortos
1497 1504 1688 1583 pretiosissi-

491 1630 559 1673 mos
580 1613 610 1672 ln
624 1613 705 1673 colle
720 1613 868 1682 Quirinali
883 1619 915 1672 et
927 1612 1058 1672 Caesaris
1073 1612 1178 1672 villam
1191 1611 1378 1670 Tiburtinam
1393 1612 1453 1671 ribi
1466 1614 1600 1688 pararet.
1633 1610 1687 1679 Qui

492 1721 613 1795 quidem
627 1721 703 1778 nora
712 1719 869 1780 Soloaliooi
883 1719 1031 1796 appellati
1047 1725 1079 1778 οι
1092 1735 1108 1778 a
1125 1719 1229 1778 Tacito
1245 1719 1314 1778 bist.
1329 1737 1371 1776 ιιι.
1387 1721 1434 1778 82.
1451 1717 1560 1777 Annal.
1574 1737 1636 1778 xm.
1651 1721 1688 1778 tl

491 1830 524 1885 οι
549 1843 567 1884 a
589 1827 703 1886 ceteris
723 1826 890 1899 historicis,
918 1843 936 1884 a
957 1825 1054 1884 llicne
1080 1824 1204 1899 Cassio,
1228 1825 1374 1902 vopisco,
1397 1825 1549 1902 Procopio
1578 1825 1688 1902 passim

492 1935 771 1992 commemorantur.
805 1931 867 1990 Sed
889 1935 1001 2008 quanto
1023 1932 1188 2009 splendore
1209 1933 1315 1992 domus
1334 1931 1509 1992 Salustiana
1528 1935 1690 2002 exstructa,

492 2043 567 2113 quot
594 2039 703 2098 artium
731 2037 933 2098 monumentis
965 2037 1048 2097 horti
1081 2039 1180 2098 ornati
1214 2036 1334 2112 luerint,
1367 2054 1425 2097 non
1456 2038 1488 2096 id
1512 2038 1611 2098 solum
1639 2055 1692 2096 ar-

492 2147 635 2222 gumento
658 2147 714 2220 est,
736 2144 816 2218 quod
843 2144 930 2203 multi
950 2144 1153 2221 imperatores
1173 2145 1232 2205 bos
1252 2145 1362 2204 hortos
1383 2145 1488 2204 sedem
1510 2147 1542 2204 et
1562 2145 1692 2204 domici-

493 2251 566 2310 lium
587 2251 766 2324 babuerunt,
787 2249 878 2325 Nero,
892 2251 959 2310 Tac.
976 2251 1051 2310 Ano.
1067 2271 1129 2311 xm.
1146 2253 1193 2312 tn.
1208 2251 1427 2328 Vespasianus,
1443 2251 1500 2311 llio
1515 2251 1599 2311 Cass
1613 2269 1693 2309 cxvi.

494 2355 606 2433 Nerva,
627 2355 778 2416 Eusebius
799 2357 828 2415 in
845 2355 955 2416 curun.
977 2357 1156 2434 Hadrianus,
1178 2358 1363 2418 Aurelianus
1384 2375 1432 2436 ap.
1451 2358 1578 2435 Vopisc.
1599 2375 1625 2418 c.
1646 2361 1695 2430 ti,

499 2465 555 2523 sed
583 2464 673 2523 etiam
700 2464 781 2538 quod
807 2463 1011 2522 nobilissime
1039 2469 1157 2540 statuae,
1185 2465 1467 2542 Hermaphroditus,
1497 2463 1617 2524 Faunus
1644 2465 1694 2539 qui

475 2570 641 2630 ·inlantem
656 2568 833 2647 complexus
853 2575 946 2644 tenet,
967 2570 1108 2648 Papirius
1130 2571 1258 2648 iuvenis,
1285 2577 1412 2631 matrem
1434 2572 1521 2630 nimis
1543 2571 1694 2630 curiosam

495 2677 662 2737 mendaciis
688 2676 808 2752 fallens,
830 2675 973 2735 mirmillo
998 2677 1172 2755 exspirans,
1202 2679 1234 2736 et
1257 2683 1388 2752 quatuor
1408 2677 1523 2737 colossi
1545 2677 1695 2755 Aegyptii

493 2784 596 2862 lapide
618 2783 740 2860 syenite
760 2782 833 2842 iacti
855 2785 887 2841 et
907 2783 1006 2843 Niobe
1028 2801 1093 2844 cum
1115 2784 1222 2844 liberis
1243 2784 1273 2844 in
1288 2799 1440 2844 marmore
1455 2784 1563 2844 caelata
1579 2787 1637 2844 etc.
1657 2785 1696 2842 iis

495 2891 574 2950 locis
597 2889 712 2949 eilossa
733 2891 810 2949 sunt.
833 2888 887 2948 cir.
903 2890 1097 2951 blcntlaucon
1118 2891 1188 2950 Ant.
1207 2891 1319 2951 lllustr.
1342 2891 1372 2949 T.
1389 2909 1420 2949 ιι.
1435 2889 1587 2967 Supplem.
1609 2909 1649 2949 vr.
1672 2906 1697 2949 c.

494 3017 518 3056 1.
538 3014 567 3074 p.
593 2998 658 3056 128.
698 2994 812 3055 Domus
834 3003 902 3055 erat
923 2997 982 3055 sita
1003 2997 1083 3055 inter
1103 2999 1223 3074 portam
1244 2996 1393 3056 Salariam
1419 3000 1452 3055 et
1477 2997 1697 3057 Nomentanam

494 3108 526 3164 et
548 3105 668 3178 integra
682 3103 794 3162 mansit
807 3119 905 3179 usque
919 3101 958 3161 ad
973 3103 1110 3162 Alaricbi
1124 3105 1271 3180 tempora,
1292 3103 1345 3162 ubi
1360 3102 1502 3162 incendio
1516 3107 1698 3180 consumpta

495 3215 552 3272 cst.
573 3210 629 3271 clr.
651 3211 781 3287 Procop.
803 3209 875 3269 bell.
891 3209 1010 3269 Vandal
1031 3227 1050 3267 ι.
1070 3213 1096 3269 ².
1116 3196 1285 3289 Ἀλιίριχόν
1306 3229 1341 3270 τε
1360 3209 1403 3294 τῇ
1423 3197 1513 3272 πόλει
1535 3204 1699 3287 ἐδέξαντο,

495 3311 530 3380 o‘t'
548 3337 583 3378 σε
605 3304 665 3390 τίς
683 3336 719 3377 τε
739 3309 843 3389 οἰκίας
863 3309 1049 3400 ἐνέπρησαν,
1071 3309 1105 3376 αἱ
1125 3311 1182 3401 τῆς
1201 3305 1304 3400 πύλης
1324 3307 1460 3398 ἄγχιστα
1480 3303 1568 3401 ἦσαν.
1596 3311 1631 3378 ἐν
1646 3305 1700 3390 αἷς

493 3410 595 3508 ἦνκαὶ
610 3412 630 3507 ἠ
645 3416 842 3484 Σαλουστίου
855 3421 917 3484 τοῦ
927 3410 1096 3500 Ῥωμαίοις
1108 3410 1148 3482 ιο
1161 3410 1365 3507 παλαιιίστὴν
1382 3417 1529 3504 ἱστορίαν
1542 3411 1700 3508 γράψαι·

493 3549 559 3605 τος,
586 3520 607 3613 ἦ
625 3549 658 3590 τι
680 3515 720 3590 τό
740 3524 889 3590 πλεῖστον
909 3516 1088 3612 ἡμίκαοστα
1107 3523 1160 3589 καί
1181 3522 1227 3601 είς
1246 3522 1301 3606 ἐμὲ
1315 3521 1454 3613 ponpam.
1491 3528 1607 3590 Eodem
1630 3530 1702 3590 lere

493 3639 632 3713 tempore
653 3635 833 3705 Terentiam,
862 3635 910 3694 cui
931 3634 1039 3694 Cicero
1060 3635 1193 3695 nuntium
1214 3635 1384 3709 remiserat,
1412 3634 1443 3694 in
1472 3635 1702 3696 matrimonium

494 3742 629 3816 duxisse,
650 3740 827 3818 llierunym.
856 3740 924 3800 adv.
952 3741 1045 3800 levin.
1066 3760 1085 3800 ι.
1108 3743 1157 3802 18.
1178 3739 1283 3816 (quam
1305 3739 1370 3799 (lm.
1398 3758 1494 3801 annos
1517 3741 1703 3820 explevisse

496 3851 638 3908 auctores
668 3852 738 3906 sunt
762 3845 879 3906 Plinius
904 3845 938 3905 N.
964 3846 998 3906 ll.
1020 3865 1071 3906 vn.
1095 3865 1118 3906 c.
1142 3849 1188 3907 to.
1210 3865 1238 3924 p.
1261 3848 1308 3905 ti.
1331 3845 1385 3906 lid.
1407 3845 1473 3924 Bip.
1497 3851 1529 3908 et
1550 3849 1704 3910 Valerius

493 3953 643 4014 Maximus
654 3973 716 4012 mu.
731 3956 776 4014 13.
792 3956 819 4013 6.
833 3958 865 4012 et
878 3957 986 4030 postea
998 3954 1091 4014 Vibio
1103 3953 1181 4012 llulo
1195 3955 1315 4030 nuptam
1331 3953 1427 4014 luisse
1442 3956 1537 4015 tradit
1548 3955 1606 4016 llio
1621 3955 1704 4016 Cas-

494 4062 559 4122 sius
572 4079 642 4119 ινιι.
654 4059 716 4130 15.)
731 4060 787 4120 sed
801 4059 901 4119 nullos
917 4060 1035 4120 liberos
1050 4078 1089 4120 ex
1101 4077 1137 4119 ea
1150 4061 1326 4137 suscepisse
1339 4060 1469 4136 videtur,
1484 4062 1565 4137 quod
1578 4065 1705 4124 sororis

494 4172 635 4246 nepotem
649 4167 816 4246 adoptavit,
834 4168 884 4243 qui
898 4173 990 4244 polea
1003 4167 1133 4244 Augusti
1146 4167 1246 4244 gratia
1261 4166 1362 4228 doruit
1375 4167 1445 4226 Tac.
1459 4168 1535 4228 Ann.
1547 4189 1589 4228 ιιι.
1606 4173 1657 4230 30.
1678 4177 1706 4230 1.

495 4276 524 4336 6.
553 4274 694 4334 Ceterum
713 4279 786 4350 post
803 4272 934 4332 Caesaris
954 4273 1067 4334 caedem
1083 4273 1234 4333 Salustius
1249 4277 1385 4334 remotus
1401 4291 1467 4334 are
1480 4275 1603 4352 publica
1621 4278 1707 4336 reli-

495 4399 584 4459 quam
602 4384 723 4440 aetatem
742 4380 772 4438 in
793 4379 938 4438 bonarum
957 4380 1066 4438 artium
1085 4381 1187 4440 studio
1209 4383 1241 4438 et
1256 4381 1394 4457 inprimis
1413 4383 1443 4441 in
1464 4383 1597 4442 historia
1618 4384 1707 4443 scri-

494 4489 594 4548 benda
609 4487 839 4563 consumpsisse
856 4485 987 4545 videtur.
1025 4484 1117 4546 Cuius
1141 4486 1263 4563 quidem
1279 4488 1335 4547 otii
1349 4487 1472 4548 bonesti
1495 4494 1526 4548 et
1547 4490 1708 4550 moderati

495 4594 613 4655 fruetus
630 4593 802 4652 uberrimos
817 4591 951 4667 reliquit,
967 4591 1134 4668 Catilinam,
1150 4593 1322 4668 Iugurtham
1335 4597 1366 4653 et
1380 4594 1513 4668 quinque
1526 4594 1628 4655 libros
1645 4595 1708 4654 lli-

495 4701 668 4762 storiarum.
687 4699 773 4760 lliem
789 4715 961 4775 supremum
975 4698 1053 4757 obiit
1063 4698 1263 4772 quadriennio
1276 4703 1347 4759 ante
1357 4699 1470 4760 bellurn
1482 4701 1645 4762 Actiacum
1660 4722 1708 4762 ιιι.
