3576 5602
403 641 474 708 tea

401 854 473 897 cere
488 841 574 896 esset
588 835 761 912 prohibitus
775 835 1015 895 coniurationem
1030 835 1115 911 lecit,
1136 843 1169 898 et
1183 837 1293 897 eodem
1307 855 1386 898 anno
1402 842 1528 902 circiter
1538 842 1611 903 No·

400 963 456 1004 nas
469 945 649 1005 Decembris
671 943 830 1004 consilium
852 961 919 1003 cum
941 945 1035 1004 sociis
1058 946 1299 1006 communicavit
1328 945 1390 1007 Sed
1410 953 1530 1024 querat
1543 950 1613 1008 ali-

400 1051 477 1126 quis,
500 1067 566 1126 quae
580 1065 632 1108 res
646 1049 862 1125 impedimento
878 1048 980 1120 fuerit,
996 1051 1156 1124 quominus
1169 1050 1301 1111 Catilina
1314 1069 1426 1112 nomen
1439 1055 1613 1130 profitere-

399 1168 457 1221 tur.
480 1160 545 1229 Qua
566 1160 604 1218 de
627 1174 662 1217 re
683 1157 837 1216 Asconius
852 1156 1007 1217 Pedianus
1028 1177 1056 1235 p.
1079 1161 1126 1218 85.
1159 1158 1216 1219 lld.
1238 1160 1363 1220 Orellii:
1386 1161 1517 1222 Catilina
1539 1179 1612 1220 cum

398 1267 546 1328 rediisset
567 1283 608 1326 ex
621 1265 730 1325 Africa
743 1265 899 1341 Torquato
916 1268 948 1326 et
962 1266 1052 1326 Cotta
1067 1265 1152 1327 Coss.
1169 1275 1332 1330 accusatus
1351 1275 1399 1330 est
1413 1271 1610 1347 repetunda-

379 1394 463 1444 ¹rum
485 1381 517 1435 et
535 1393 563 1452 p.
582 1376 631 1435 89.
652 1373 813 1451 protessus
834 1374 947 1434 deindo
963 1381 1011 1434 est
1024 1373 1160 1451 Catilina,
1182 1383 1289 1454 petere
1308 1395 1342 1437 se
1357 1377 1557 1438 consulatum.
1571 1375 1609 1436 L

397 1480 558 1540 Volcatius
573 1479 676 1538 'lullus
690 1479 851 1540 consilium
869 1479 1021 1556 publicum
1034 1481 1151 1556 babuit,
1171 1499 1211 1542 an
1225 1483 1375 1543 rationem
1389 1481 1530 1542 Catilinae
1545 1483 1609 1544 ba·

397 1588 472 1646 bere
487 1587 623 1664 deberet,
644 1587 671 1646 si
691 1591 812 1664 peteret
833 1588 1036 1648 consulatum:
1061 1607 1128 1648 nam
1149 1591 1345 1665 querebatur
1357 1591 1607 1668 repetundarum.

398 1692 526 1754 Catilina
548 1694 588 1754 ob
609 1711 676 1754 eam
697 1711 763 1753 rem
788 1695 910 1754 destitit
931 1711 949 1753 a
970 1689 1145 1772 petitione.“
1193 1697 1264 1765 Qua
1285 1698 1313 1756 si
1333 1697 1373 1756 ab
1390 1696 1530 1758 Asconio
1552 1697 1607 1756 di-

396 1802 529 1878 ligonter
549 1805 620 1860 sunt
641 1801 792 1878 exposita,
815 1800 884 1860 inde
898 1801 1093 1862 manifestum
1110 1803 1152 1877 lit,
1175 1802 1335 1863 Catilinam
1348 1805 1510 1864 absentem
1532 1822 1606 1864 esse

397 1906 570 1984 professum
592 1923 626 1966 se
648 1907 837 1966 consulatum
859 1924 929 1967 esse
952 1908 1124 1985 petiturum,
1145 1909 1333 1984 quodetiam
1347 1910 1503 1971 Asconius
1526 1929 1604 1971 cou-

395 2015 504 2090 firmat,
525 2033 554 2092 p.
576 2016 626 2075 85.
650 2013 700 2074 0r.
728 2000 886 2074 Ciceronis
908 2016 1006 2074 verba
1035 2033 1115 2090 ,curn
1139 2021 1320 2093 momentaria
1347 2023 1452 2079 metris
1480 2019 1604 2078 decretis

395 2121 499 2180 olem
526 2125 641 2179 notum
672 2113 731 2178 ost“
761 2119 805 2178 ita
831 2125 1051 2180 commentans:
1086 2121 1216 2182 Catilina
1243 2140 1282 2181 ex
1307 2127 1442 2200 praetura
1463 2123 1604 2184 Africam

395 2229 585 2307 provinciam
607 2228 746 2288 obtinuit.
789 2228 883 2297 Quam
909 2246 976 2288 cum
1003 2231 1143 2308 graviter
1158 2237 1312 2307 vexasset,
1335 2231 1433 2308 legati
1448 2230 1521 2290 diri
1542 2231 1604 2290 iam

395 2341 467 2398 tunc
488 2336 616 2395 absente
638 2334 692 2394 illo
715 2336 817 2410 questi
840 2340 923 2410 suut;
945 2337 1107 2412 multaeque
1128 2355 1241 2414 graves
1264 2339 1424 2398 sententiae
1444 2339 1476 2398 in
1491 2343 1604 2400 senatu

395 2442 434 2501 de
455 2459 492 2500 eo
520 2442 609 2501 diotae
631 2436 726 2501 sunt.“
770 2440 817 2502 Ex
840 2443 947 2502 Africa
968 2443 1070 2520 igitur,
1096 2445 1287 2504 consulatum
1315 2445 1469 2521 petitirrus
1492 2431 1604 2505 extress

393 2550 451 2609 mis
466 2549 622 2610 mensibus
643 2551 713 2609 anni
734 2569 813 2610 nxvr.
835 2551 865 2610 in
882 2551 987 2610 urbem
1009 2552 1154 2628 redierat,
1177 2553 1233 2612 sed
1254 2571 1272 2612 a
1293 2555 1443 2630 petitione
1464 2553 1604 2628 destitit;

393 2673 453 2715 nou
477 2657 559 2730 quod
581 2673 619 2716 eo
639 2659 779 2734 tempore
799 2658 1036 2734 repetundarum
1059 2659 1118 2718 iam
1140 2663 1301 2720 accusatus
1317 2661 1418 2736 tuerit,
1438 2661 1500 2720 boc
1519 2661 1605 2720 enim

393 2761 548 2838 Torquato
570 2770 603 2823 et
624 2762 713 2824 Cotta
735 2763 821 2824 Coss.
845 2764 957 2824 iactum
978 2763 1033 2824 cir.
1058 2764 1172 2825 Ascon.
1189 2783 1217 2842 p.
1234 2768 1282 2843 85,
1304 2765 1361 2826 aad
1377 2767 1459 2842 quod
1472 2769 1602 2844 gravis-

393 2870 477 2928 simae
510 2871 671 2930 sententiaa
704 2871 743 2930 de
775 2888 813 2931 eo
835 2872 865 2931 in
896 2874 1003 2932 serrato
1032 2872 1122 2932 diotae
1149 2876 1264 2933 esseut.
1288 2872 1379 2933 Nulla
1405 2873 1501 2950 igitur
1528 2875 1602 2952 lege

393 2983 518 3038 coactus
540 2979 721 3056 petitionem
743 2979 853 3054 omisit,
878 2981 934 3038 sed
963 2981 1045 3055 quod
1074 2982 1171 3041 omnis
1199 2983 1228 3040 ei
1257 2982 1441 3043 confidentia
1468 2982 1601 3041 excide-

392 3088 448 3142 rat.
490 3082 552 3142 Sed
575 3101 640 3143 cum
664 3101 734 3143 sero
757 3085 903 3160 venisset,
926 3085 1011 3144 licuit
1031 3087 1061 3144 ei
1082 3087 1139 3146 bac
1159 3088 1358 3146 excusatione
1380 3087 1434 3160 uti,
1457 3093 1490 3148 ut
1510 3087 1601 3148 dioe-

392 3195 448 3264 ret,
471 3207 505 3250 se
528 3190 609 3249 inter
629 3189 784 3268 legitimos
806 3191 874 3250 dies
895 3191 1034 3267 profiteri
1056 3193 1243 3268 nequivisse.
1279 3193 1383 3252 Verba
1405 3195 1501 3271 igitur
1521 3195 1603 3272 quod

390 3299 550 3373 nequiverit
568 3312 628 3355 nou
655 3295 790 3370 Salustii,
818 3313 917 3372 neque
943 3303 1120 3358 senatorum
1149 3303 1220 3360 sunt
1245 3300 1399 3377 iudicium,
1427 3302 1510 3376 quod
1537 3302 1600 3360 iam

391 3419 430 3462 ex
451 3402 647 3462 coniunctivo
669 3403 860 3478 intelligitur,
883 3404 939 3462 sed
961 3421 1000 3463 ex
1021 3408 1123 3466 mente
1139 3405 1278 3466 Catilinae
1301 3405 1484 3481 dictasunt,
1506 3425 1599 3482 quem

390 3508 542 3568 Salustius
563 3508 653 3583 quasi
674 3508 848 3584 loquentem
863 3510 988 3572 inducit.
1008 3515 1177 3589 nequiverat
1197 3513 1300 3589 igitur,
1323 3513 1406 3587 quod
1421 3519 1530 3574 contra
1544 3514 1597 3573 bi-

390 3618 496 3678 storiae
518 3616 608 3676 fidem
630 3623 687 3693 est,
708 3617 860 3678 Salustius
882 3618 987 3678 dicere
1007 3637 1068 3679 non
1090 3620 1198 3698 potuit,
1222 3621 1279 3680 sed
1300 3621 1377 3680 satis
1398 3621 1508 3680 babuit
1528 3637 1599 3680 eam

389 3725 538 3784 rationem
564 3725 685 3800 allerre,
716 3744 776 3801 qua
798 3724 927 3786 Catilina
951 3727 1080 3786 iniurias
1107 3726 1296 3786 inimicorum
1321 3733 1518 3802 coinquestus,
1549 3730 1598 3787 sui

389 3832 520 3893 sceleris
542 3833 735 3894 atrocitatem
758 3834 904 3894 leniebat.

470 3957 495 3999 o.
512 3941 558 3998 19.
573 3943 603 3997 tn
614 3942 768 4014 promocio
782 3939 853 4000 Bas.
873 3959 891 3998 ι,
902 3919 1055 4014 provincio
1074 3959 1110 3999 m.
1130 3958 1191 4000 seo.
1207 3943 1295 4017 prior
1308 3941 1403 4002 lectio
1423 3941 1595 4016 retinenda,

389 4045 470 4121 quod
492 4049 524 4104 et
544 4045 640 4104 verba
661 4049 691 4104 in
709 4051 862 4120 momoria
883 4048 922 4106 ab
943 4051 999 4105 iter
1009 4048 1125 4124 somena
1140 4048 1260 4125 longius
1281 4049 1400 4122 absunt,
1422 4050 1455 4107 et
1471 4048 1596 4108 aliunde

388 4153 465 4212 satis
486 4156 615 4228 constat,
650 4153 794 4213 Pisonem
815 4155 845 4213 in
867 4155 935 4231 ipsa
956 4155 1117 4232 provincia
1132 4172 1203 4214 esse
1218 4155 1420 4229 interfectum,
1445 4153 1501 4216 eir.
1533 4155 1594 4214 Ilio

387 4257 471 4318 Cass.
493 4277 598 4318 ιιιιιιιιι.
622 4261 669 4319 27.
691 4278 719 4336 p.
742 4263 789 4319 21.
831 4261 944 4320 Aaoou.
967 4279 995 4337 p.
1017 4264 1064 4321 et.

467 4363 563 4424 dicum
576 4383 669 4443 supra
682 4367 794 4426 lineam
807 4385 827 4426 u
843 4385 932 4427 mauu
948 4369 1048 4444 prima
1068 4367 1138 4427 Bas.
1153 4367 1235 4444 quod
1257 4371 1343 4428 recte
1364 4367 1487 4444 iactum,
1509 4369 1594 4428 nulla

387 4475 466 4534 enim
489 4492 582 4534 causa
604 4475 680 4535 salis
703 4475 823 4549 idouea,
847 4492 902 4534 cor
922 4476 1132 4536 coniunctivus
1153 4477 1292 4552 ponatur.

467 4598 493 4640 o.
504 4582 552 4639 20.
562 4577 929 4640 lectionn.var.Cod.Bas.
937 4580 1032 4657 sortes
1042 4581 1306 4656 -pulcleem'mum
1317 4619 1342 4628 -·-
1359 4580 1466 4639 danai
1476 4597 1592 4638 -con-

385 4686 583 4745 ditio-nosmet
594 4687 845 4762 ipsos—ditionem
869 4721 888 4728 -
907 4691 1017 4746 strenui
1034 4688 1143 4747 nobiles
1156 4721 1188 4732 -
1200 4689 1304 4764 οιιίφιι
1320 4717 1356 4725 -
1372 4687 1473 4762 osori.
1490 4721 1527 4730 —-
1542 4685 1590 4744 di-
