3526 5604
429 611 501 679 tet

429 810 632 901 colliguntur
666 811 746 879 anni
779 811 948 892 DXXXV,
989 823 1022 881 et
1056 812 1117 882 hos
1151 813 1251 883 fuisse
1290 837 1307 881 e
1340 811 1470 895 charta,
1508 815 1626 884 maiore
1745 905 1746 914 ἵ

432 935 614 1004 etiamnum
639 935 812 1017 miraculo,
838 937 928 1029 qnod
953 948 1002 1007 tot
1026 938 1141 1007 infossi
1166 937 1368 1008 duraverunt
1392 939 1499 1008 annis.
1539 939 1629 1022 Qua-
1745 933 1746 994 ἐ

431 1070 566 1152 propter
591 1061 624 1128 in
650 1083 687 1129 re
714 1071 802 1130 tanta
818 1061 920 1153 ipsius
941 1060 1106 1132 Heminae
1124 1064 1226 1135 verba
1247 1085 1387 1154 ponam:
1429 1063 1630 1134 Mirabantur

368 1173 371 1179 ’
432 1183 502 1263 alii.
534 1185 702 1275 quomodo
734 1185 785 1255 illi
810 1186 887 1255 libri
918 1186 1039 1257 durare
1070 1187 1264 1279 potuissent.
1312 1188 1373 1257 llle
1405 1187 1630 1256 iterationem
1745 1225 1746 1248 1

432 1307 601 1390 reddebat,
641 1309 785 1403 lapidem
819 1311 920 1380 luisse
955 1312 1150 1405 quadratum
1186 1311 1318 1382 circiter
1352 1311 1386 1380 in
1416 1311 1525 1380 media
1555 1333 1630 1380 arca
1745 1327 1746 1342 ¹

431 1435 579 1504 vinctum
616 1434 764 1504 candelis
790 1457 1058 1528 quoquoversum
1099 1437 1133 1505 in
1166 1459 1206 1506 eo
1232 1435 1343 1529 lapide
1375 1437 1510 1529 insuper
1534 1435 1631 1505 lihros
1745 1413 1746 1438 l

434 1559 603 1650 impositos
638 1559 755 1638 luisse,
796 1570 972 1651 propterea
1006 1559 1159 1628 arbitrari
1194 1581 1251 1628 eos
1282 1582 1348 1630 non
1384 1559 1630 1651 computruisse;
1745 1621 1746 1640 ,

434 1695 466 1752 et
491 1683 593 1753 libras
618 1684 749 1754 citratos
774 1683 886 1765 luisse,
916 1694 1089 1778 propterea
1115 1685 1307 1755 arbitrarier
1337 1685 1443 1754 tineas
1469 1707 1534 1754 non
1558 1685 1633 1753 teti·
1745 1709 1746 1788 p

435 1807 533 1898 gissa.
579 1808 616 1876 ln
643 1806 694 1876 his
719 1807 813 1876 libris
845 1808 967 1900 scripta
999 1819 1093 1878 erant
1122 1807 1353 1901 philosophiae
1378 1807 1630 1902 Pythagoricae3
1745 1795 1746 1890 l

435 1953 558 2022 eosque
592 1931 779 2001 combustos
814 1954 834 1999 a
869 1930 911 2013 Q.
939 1931 1057 2001 Petilio
1091 1942 1255 2022 praetore,
1294 1931 1373 2024 qnia
1406 1930 1632 2024 philosophiae

434 2056 555 2147 scripta
581 2065 702 2124 essent.
746 2056 820 2124 Hoc
846 2054 935 2124 idem
961 2051 1061 2124 tradit
1088 2058 1128 2125 l..
1154 2055 1231 2124 Piso
1263 2051 1324 2140 [sia
1347 2057 1383 2124 ia
1409 2053 1530 2142 indiae]
1557 2077 1633 2123 cen-

435 2179 541 2249 sorius
567 2179 674 2271 primo
700 2179 1025 2258 commentariorum,
1058 2179 1116 2249 sed
1143 2179 1245 2250 libras
1269 2191 1394 2272 septem
1419 2180 1503 2250 iuris
1528 2179 1633 2272 ponti-

435 2300 502 2370 ficii
528 2301 733 2395 totidemque
757 2301 993 2395 Pythagoricos
1019 2303 1137 2382 luisse3
1174 2302 1354 2372 Tuditanus
1379 2303 1632 2382 decimotertio,

435 2426 564 2495 Numae
591 2426 801 2496 decretorum
827 2426 944 2507 luisse:
982 2428 1052 2519 ipse
1078 2427 1184 2498 Varro
1209 2427 1433 2496 humanarum
1459 2427 1634 2519 antiquita·
1745 2409 1746 2498 f

435 2560 506 2618 tum
530 2562 634 2630 sexto,
659 2550 776 2620 Antias
801 2550 958 2630 secundo,
984 2549 1066 2619 duos
1092 2550 1297 2642 pontificales
1327 2551 1474 2630 Latinos,
1501 2549 1633 2620 totidem
1745 2591 1746 2594 =

437 2675 581 2743 Graecos
600 2686 777 2767 praecepta
794 2674 1025 2767 philosophiae
1047 2676 1263 2744 continentes.
1306 2675 1399 2744 ldem
1420 2675 1520 2744 tertio
1540 2675 1633 2767 ponit,
1745 2677 1746 2680 ’

438 2821 504 2891 quo
530 2799 680 2869 comburi
699 2821 756 2868 eos
769 2799 942 2891 placuerit.
985 2799 1111 2868 Plinius
1134 2813 1201 2868 aot.
1219 2800 1291 2868 laist.
1312 2796 1369 2879 13,
1400 2797 1456 2882 13,
1482 2795 1634 2870 84-Θῖ.

437 2923 496 2995 38.
522 2924 654 2994 Cassius
681 2923 827 2993 Hemina
851 2923 885 2992 in
912 2925 957 2992 IV
983 2922 1113 2992 anuali:
1145 2921 1205 2992 hos
1230 2923 1332 2994 libros
1359 2922 1386 2991 si
1412 2923 1488 3015 quis
1514 2933 1636 2991 nostra·

437 3051 478 3119 tis
511 3051 653 3142 sapiens.
697 3051 881 3120 fflsca’aaaa
909 3049 966 3127 12.
996 3047 1031 3129 4.
1067 3047 1123 3119 17.
1224 3048 1284 3118 39.
1318 3051 1362 3119 Et
1398 3048 1479 3119 alibi
1511 3049 1636 3119 Cassius

439 3175 585 3245 Hemina
602 3175 697 3245 docet
713 3175 776 3244 itas
803 3175 982 3266 Sinnegiae
1008 3173 1154 3264 magalia
1179 3173 1331 3244 addenda
1356 3197 1557 3266 murumque
1577 3172 1638 3242 cir·

439 3278 513 3372 cam
532 3322 619 3369 eam.
662 3300 850 3370 Seroiasad
875 3300 960 3390 Verp.
979 3301 1056 3368 Aeo.
1078 3296 1110 3381 l,
1130 3295 1214 3370 425.
1256 3299 1386 3368 Collatia
1404 3301 1493 3390 apud
1519 3300 1637 3368 Liviam

440 3425 500 3508 41,
526 3425 587 3507 27,
617 3425 662 3497 12
689 3425 810 3495 ambisa
850 3440 877 3495 et
896 3426 1078 3495 &eamcam
1104 3449 1124 3494 a
1148 3450 1305 3515 pa.....
1332 3427 1376 3494 da
1400 3421 1638 3494 aiam-'acinlr's

440 3553 526 3622 etclo
546 3603 553 3620 .
575 3598 583 3618 .
603 3605 610 3620 .
632 3605 640 3621 .
666 3577 720 3621 am
745 3553 1007 3621 circumducead.
1024 3604 1050 3632 .‚
1077 3553 1164 3645 apud
1186 3552 1329 3621 Cassiam
1354 3551 1532 3630 Sinamcae,
1558 3547 1638 3640 apati

440 3679 568 3748 Liviam
596 3671 634 3747 ‘at
659 3677 825 3747 Sinuessae
856 3679 999 3768 mapalia
1028 3678 1177 3746 addenda
1195 3715 1240 3725 -
1259 3699 1384 3745 mamm
1409 3676 1638 3745 aramancia-

440 3785 673 3872 dam'emeado.
766 3800 824 3870 to.
851 3803 901 3872 De
919 3783 1112 3893 quartorum
1131 3799 1288 3870 ludorum
1305 3794 1540 3884 [secularium]
1559 3815 1638 3866 anno
1745 3775 1746 3782 ἵ

440 3925 562 4018 triplex
579 3923 691 4016 opinio
717 3934 775 3992 est.
818 3925 933 3994 Antias
959 3922 1050 3992 euim
1076 3933 1108 3990 et
1124 3924 1230 3992 Varro
1248 3933 1280 3990 et
1297 3921 1410 3991 Livius
1435 3921 1560 3990 relatos
1577 3937 1639 3988 esse

441 4049 658 4142 prodiderunt
683 4050 722 4119 L.
748 4048 874 4120 lllarcio
900 4048 1084 4120 Censorino
1109 4048 1163 4118 hl'.
1190 4047 1330 4118 Manilio
1355 4043 1550 4115 consulibus
1576 4049 1639 4134 post

440 4176 580 4243 Romam
607 4173 772 4244 conditam
792 4173 890 4244 DCV.
933 4174 977 4242 At
1001 4173 1077 4242 Piso
1102 4171 1272 4241 censorius
1298 4182 1331 4239 et
1345 4169 1407 4240 Gn.
1422 4167 1565 4250 Gellius,
1589 4162 1638 4233 sed

442 4310 475 4368 et
492 4299 622 4370 Cassius
639 4297 797 4381 Hemina,
824 4298 882 4389 qui
907 4298 965 4367 illo
990 4309 1139 4390 tempore
1162 4295 1301 4374 vivebat,
1327 4302 1402 4385 post
1425 4314 1553 4362 annum
1579 4291 1640 4359 lac-

443 4435 491 4493 tos
508 4425 641 4493 tertium
659 4422 847 4504 adfirmant,
866 4422 928 4492 Gn.
940 4422 1095 4492 Cornelio
1112 4420 1254 4491 Lentulo
1269 4422 1309 4489 L.
1319 4416 1481 4489 Mummio
1498 4415 1639 4488 Achaim

377 4535 390 4552 ’
443 4547 646 4628 consulibus,
686 4547 794 4616 idest
826 4569 912 4616 anno
942 4546 1058 4617 DClll.
1095 4547 1132 4616 ln
1160 4542 1511 4627 Quindecimvirornm
1537 4549 1639 4610 autem
1745 4585 1746 4592 .

444 4671 687 4741 commentariis
719 4679 875 4740 notantur
909 4670 969 4739 sub
1000 4692 1087 4738 anno
1113 4668 1310 4739 DCXXVlll
1337 4668 1380 4737 Μ.
1408 4665 1556 4737 Aemilio
1582 4667 1638 4734 Le·
1745 4735 1746 4740 ,
