3526 5604
377 636 382 646 '
433 630 505 698 ddi

431 831 505 922 regi
538 829 750 902 ministraret.
799 831 883 900 Eam
918 849 990 898 rem
1024 827 1196 898 Fabricius
1230 827 1272 898 ad
1310 835 1462 896 senatum
1499 824 1636 917 scripsit

432 957 572 1026 Senatus
597 953 724 1044 legatos
749 953 791 1024 ad
815 975 931 1043 regem
957 952 1047 1022 misit
1066 951 1299 1045 mandavitque
1325 961 1362 1022 nt
1385 951 1427 1022 de
1440 947 1637 1022 Timochare
1734 931 1735 994 ἶ

433 1080 519 1150 nilril
543 1079 734 1172 proderent,
768 1079 827 1149 sed
860 1089 1033 1150 monerent
1064 1078 1112 1150 nti
1146 1102 1207 1148 ren
1230 1077 1502 1170 circumspectius
1527 1083 1639 1164 ageret

434 1213 533 1296 atque
563 1225 584 1272 a
614 1202 845 1295 proximorum
877 1201 1005 1272 insidiis
1036 1203 1175 1274 salutem
1205 1211 1376 1272 tutaretur.
1421 1200 1497 1270 Hoc
1523 1198 1570 1268 ita
1593 1196 1638 1266 uti
1734 1247 1735 1260 .

434 1326 590 1410 diximus,
622 1326 657 1396 in
681 1327 807 1398 Valerii
832 1326 974 1398 Antiatis
1000 1325 1137 1396 historia
1162 1324 1320 1417 scriptum
1346 1335 1404 1394 est.
1447 1321 1638 1409 Quadriga-

434 1451 505 1524 rius
529 1461 641 1522 antem
667 1451 701 1522 in
724 1451 811 1522 libro
832 1451 929 1522 tertio
947 1473 1015 1521 non
1036 1449 1280 1532 Timocharem,
1305 1447 1364 1518 sed
1379 1447 1512 1518 Niciam
1534 1444 1637 1516 adisse
1734 1451 1735 1480 ¹

436 1574 479 1645 ad
505 1575 675 1646 consulem
701 1574 846 1668 scripsit3
883 1597 992 1669 neque
1021 1573 1147 1666 legatos
1176 1596 1199 1644 e
1227 1583 1344 1644 senatu
1368 1571 1502 1654 missos,
1536 1569 1636 1642 seda

435 1699 643 1780 consulibus3
682 1709 714 1770 et
746 1719 860 1792 regem
897 1698 1020 1792 populo
1053 1698 1205 1768 Romano
1238 1696 1354 1767 landes
1383 1705 1485 1790 atque
1517 1693 1635 1787 gratias

434 1824 622 1917 scripsisse,
657 1823 869 1917 captivosque
893 1822 1001 1893 omnis
1025 1845 1109 1914 quos
1142 1830 1212 1891 tum
1238 1820 1392 1893 habuerit
1415 1821 1582 1892 vestivime
1605 1827 1635 1890 et
1734 1807 1735 1864 ἶ

434 1946 629 2020 reddidisse.
668 1947 828 2019 Consules
854 1959 925 2018 tum
947 1947 1081 2016 dierunt
1100 1945 1137 2017 C.
1158 1945 1329 2016 Fabricius
1348 1956 1381 2016 et
1402 1945 1445 2029 Q.
1466 1943 1631 2018 Aemilius.

436 2073 594 2153 Litteras,
631 2093 714 2164 quas
742 2070 785 2140 ad
814 2092 929 2162 regem
954 2069 1117 2164 Pyrrhum
1146 2092 1312 2163 superea
1342 2092 1443 2140 causa
1467 2069 1632 2149 miserunt,
1734 2093 1735 2096 ¹

435 2196 594 2268 Claudius
620 2194 862 2288 Quadrigarius
893 2195 1025 2288 scripsit
1055 2194 1156 2265 luisse
1181 2193 1244 2265 hoc
1270 2195 1441 2288 exemplo:
1481 2191 1632 2268 Consules

435 2322 577 2392 Romani
612 2320 754 2391 salutem
789 2320 903 2391 dicunt
926 2318 1053 2414 Pyrrho
1084 2319 1171 2411 regi.
1222 2321 1289 2390 Nos
1321 2343 1384 2413 pro
1410 2315 1476 2390 tuis
1509 2315 1632 2389 iniuriis
1734 2375 1735 2388 .

435 2445 594 2516 continuo
625 2444 738 2515 animo
769 2444 860 2515 tenni
897 2442 1072 2528 [strenui‘t]
1113 2444 1268 2514 commoti
1300 2442 1496 2525 inimiciter,
1530 2454 1632 2512 tecum

359 2613 360 2618 =
435 2569 561 2642 bellare
587 2568 765 2640 studemus.
806 2567 870 2638 Sed
892 2568 1077 2638 communis
1103 2568 1249 2660 exempli
1274 2579 1307 2640 et
1331 2568 1410 2638 fidei
1431 2589 1512 2660 crgo
1532 2567 1631 2639 usum

436 2704 487 2766 est
512 2693 560 2765 nti
583 2703 616 2763 tc
642 2693 769 2763 salvum
796 2692 948 2775 velimus,
981 2701 1016 2762 nt
1040 2702 1127 2761 esset
1150 2713 1250 2785 quens
1276 2691 1378 2762 armis
1402 2691 1537 2762 vincere
1562 2711 1632 2784 pos·
1734 2743 1735 2788 3

436 2839 558 2890 scmus.
602 2817 655 2888 Ad
680 2840 741 2887 nos
765 2815 857 2887 venit
878 2817 989 2888 Nicias
1015 2815 1189 2887 familiaris
1213 2826 1300 2897 tuus,
1326 2817 1385 2910 qui
1410 2816 1475 2887 sibi
1499 2839 1519 2886 a
1544 2812 1631 2886 nobis

435 2941 620 3036 praemium
645 2951 782 3034 peteret,
808 2940 836 3010 si
863 2949 896 3010 te
922 2940 1008 3010 clam
1034 2939 1261 3011 interfecisset.
1299 2941 1338 3012 ld
1361 2963 1421 3010 nos
1444 2942 1630 3032 negavimus

436 3067 541 3147 velle,
575 3088 659 3136 neve
683 3066 728 3136 ob
754 3087 827 3136 eam
859 3087 931 3135 rem
963 3065 1142 3158 quiequam
1175 3065 1341 3136 commodi
1367 3076 1573 3158 expectaret,
1603 3071 1631 3132 et

436 3190 535 3262 simul
560 3191 667 3261 visnm
694 3199 804 3260 estut
829 3199 860 3258 te
881 3189 1055 3260 certiorem
1081 3190 1278 3270 duceremus,
1304 3189 1454 3283 nequid
1479 3185 1630 3261 eiusmodi

436 3315 465 3386 si
490 3314 673 3397 accidisset,
699 3323 810 3384 nostro
837 3313 974 3384 consilio
999 3313 1146 3384 civitates
1166 3323 1322 3408 putarent
1342 3315 1478 3396 lactum,
1504 3325 1536 3385 et
1551 3309 1629 3406 quod

437 3440 533 3512 nohis
558 3461 624 3510 non
649 3439 758 3530 placet
787 3437 892 3530 pretio
923 3448 980 3507 ant
1010 3437 1159 3531 praemio
1188 3449 1247 3509 aut
1271 3439 1356 3510 dolis
1379 3461 1542 3532 pugnare.
1587 3437 1630 3506 'ln

436 3564 501 3635 nisi
527 3587 634 3647 caves,
669 3563 802 3634 iacebis.
851 3563 972 3633 Gellius
997 3560 1031 3644 3,
1065 3560 1101 3634 8.
1203 3564 1262 3634 32.
1292 3566 1389 3634 Hanc
1422 3563 1467 3647 Q.
1495 3557 1629 3634 Caedicii

436 3688 560 3759 tribuni
578 3688 732 3758 virtutem
748 3689 794 3758 Μ.
813 3685 895 3758 Cato
921 3687 979 3757 tali
1004 3710 1064 3758 suo
1088 3689 1276 3759 testimonio
1302 3689 1470 3759 decoravit
1495 3682 1568 3780 [cfr.
1583 3709 1631 3756 us·

434 3835 499 3906 pru
518 3837 554 3906 p.
580 3810 665 3894 281,
692 3809 769 3899 31.]
812 3811 971 3883 Claudius
997 3823 1107 3883 antem
1134 3812 1376 3904 Quadrigarius
1401 3813 1516 3882 annali
1546 3809 1630 3882 tertio

437 3959 505 4008 non
528 3936 684 4008 Caedicio
709 3959 830 4006 nomen
857 3935 957 4008 luisse
975 3937 1031 4018 ait,
1058 3936 1115 4006 scd
1136 3936 1290 4008 Laberio.
1338 3936 1460 4007 Gellius
1475 3935 1512 4018 3,
1531 3935 1564 4020 ¹1,
1579 3931 1629 4006 21.

437 4063 496 4153 cfr.
517 4061 690 4130 Frontinus
710 4073 799 4129 strat.
825 4058 857 4142 1,
878 4058 913 4142 5,
937 4056 994 4131 15.
1028 4057 1064 4141 4,
1089 4057 1124 4142 5,
1153 4059 1209 4132 10.
1255 4062 1293 4131 ln
1310 4060 1377 4132 GL.
1396 4084 1533 4155 quoqne
1550 4062 1631 4145 Qua·

437 4183 577 4276 drigarii
602 4183 697 4253 tertio
723 4184 836 4253 annali
862 4182 949 4254 libro
965 4184 1067 4255 verlra
1089 4183 1171 4254 haec
1193 4207 1265 4256 esse
1282 4185 1385 4255 dixit:
1420 4187 1500 4257 dum
1520 4187 1631 4256 iicon

436 4307 636 4388 ciderentur,
662 4304 805 4376 hostium
832 4307 943 4398 copias
972 4307 1017 4377 ibi
1049 4317 1225 4401 occupatas
1255 4309 1413 4380 futurum.
1462 4309 1581 4380 Gellius
1604 4304 1630 4384 1.
1734 4331 1735 4336 ’

437 4429 472 4512 7,
493 4429 527 4502 9.
630 4431 688 4502 33.
716 4431 958 4524 Quadrigarius
974 4435 1087 4504 annali
1102 4434 1159 4504 lib.
1173 4437 1255 4506 llll:
1278 4435 1355 4505 item
1372 4434 1533 4527 gaudium
1545 4446 1631 4526 amne

436 4555 680 4648 aegritudinem
698 4557 885 4627 alternatim
905 4559 1010 4650 sequi.
1044 4557 1287 4651 Nouiusp.76,
1304 4558 1361 4631 11.
1463 4559 1525 4630 st.
1551 4558 1632 4641 Qua·
1734 4645 1735 4648 Ἴ

437 4681 603 4774 drigarius
623 4682 736 4753 annali
758 4684 815 4753 lib.
838 4685 921 4754 1111:
948 4685 1005 4754 sed
1027 4685 1158 4755 circiter
1177 4684 1274 4756 horas
1296 4685 1377 4756 duas
1401 4685 1497 4778 gravi
1517 4681 1632 4776 proelio
1734 4725 1735 4742 .
