3576 5602
1288 667 1361 737 465

136 887 205 958 que
224 865 322 935 circa
345 888 461 936 numm
482 887 628 958 opesque
648 866 731 936 alias
782 867 916 938 Aeneae
943 875 1077 957 propter
1107 864 1360 935 admirationem

136 988 241 1059 ceteri
262 999 491 1070 morarentur,
517 992 654 1059 Aenean
667 1013 731 1083 pa·
781 990 901 1060 iterum
942 1011 961 1058 a
1000 989 1134 1059 Graecis
1168 1011 1361 1059 concessum

136 1124 223 1184 trem
258 1137 364 1184 snum
395 1113 480 1182 collo
513 1113 630 1192 tulisse,
665 1115 729 1183 mi·
780 1125 815 1184 ut
849 1112 937 1206 quod
972 1113 1071 1183 vellet
1104 1113 1263 1193 uolumen
1303 1113 1360 1182 ille

136 1239 361 1330 mentibusque
387 1235 521 1306 Achivis
547 1235 634 1305 hanc
654 1237 729 1330 pie·
779 1248 814 1306 ut
830 1237 940 1308 simile
958 1236 1046 1331 quod
1066 1236 1236 1307 laudatum
1253 1238 1360 1307 luerat

138 1373 241 1431 tatem
286 1358 454 1431 redeundi
496 1359 594 1430 lliom
634 1360 728 1452 copi·
778 1360 917 1442 iaceret,
957 1361 1036 1431 deos
1071 1364 1210 1431 Penates
1236 1360 1359 1432 -ahstu-

138 1475 192 1554 am
226 1484 359 1567 damm,
400 1506 439 1553 ac
469 1482 557 1552 ¹deos
589 1484 728 1554 Penates
778 1484 865 1555 lisse.
908 1485 1002 1554 Tunc
1021 1483 1053 1553 ei
1076 1507 1096 1554 a
1117 1484 1253 1556 Graecis
1277 1506 1359 1554 coo·

138 1609 263 1700 ligneis
291 1607 413 1699 sigillis
432 1606 485 1676 vel
505 1605 642 1698 lapideis
660 1619 729 1679 ter·
780 1631 909 1678 cessum
938 1619 974 1678 ut
1007 1619 1039 1678 et
1072 1629 1154 1700 quos
1180 1608 1280 1678 vellet
1304 1631 1359 1676 se·

138 1733 231 1802 renis
264 1755 404 1826 quoque
437 1732 576 1802 Aenean
613 1733 731 1800 umeris
780 1756 856 1801 oum
891 1743 923 1802 et
955 1716 1015 1802 sua
1046 1733 1158 1803 omnia
1188 1731 1357 1802 liberaret.

139 1857 310 1938 extulisse,
345 1877 447 1948 quam
481 1877 552 1924 ram
586 1854 730 1924 Graccus
779 1857 908 1926 Sosius
931 1858 975 1926 od
999 1857 1089 1948 Verp.
1114 1856 1192 1927 tm.
1214 1855 1249 1938 2,
1273 1854 1356 1928 636.

140 1990 315 2073 stupentes
341 1977 454 2048 omnia
478 2000 537 2048 sua
558 1977 730 2049 auferendi

141 2114 341 2196 potestatem
367 2103 508 2184 dedisse,
543 2081 649 2196 eaoua
680 2106 803 2174 reticos
836 2107 962 2197 soeps'm
986 2107 1163 2176 redeuntem
1197 2108 1306 2175 omnio
1342 2131 1357 2175 e

147 2227 246 2299 Troia
273 2229 442 2298 abstulisse
466 2242 494 2297 et
518 2229 555 2297 ie
579 2229 715 2297 nonime
736 2230 889 2320 posuisse.
941 2229 1065 2300 Atticus
1101 2229 1141 2300 de
1173 2241 1266 2323 patre
1292 2238 1354 2298 etc.

142 2374 243 2444 supro
266 2377 304 2445 p.
333 2351 417 2435 383,
444 2352 504 2425 22.
552 2352 694 2423 Additur
719 2353 820 2423 etiam
847 2376 866 2423 a
892 2356 930 2424 L.
956 2354 1071 2425 Cassio
1097 2354 1255 2425 Censorio
1282 2408 1290 2422 .
1315 2407 1353 2422 ..

143 2474 235 2547 ldem
263 2473 425 2563 [Vorrol]
458 2474 671 2546 historiarum
702 2477 787 2546 lihro
812 2478 828 2546 l
858 2477 904 2546 ait
929 2487 990 2546 etc.
1025 2500 1123 2570 supro
1145 2501 1180 2570 p.
1207 2475 1292 2556 290,
1318 2476 1353 2548 5.

144 2601 273 2674 Scbolio
305 2604 492 2673 Veronensiu
517 2605 560 2674 ud
586 2604 675 2694 Verp.
702 2602 779 2673 Aee.
797 2602 832 2684 2,
860 2601 944 2673 717.
988 2605 1094 2674 Varro
1121 2605 1353 2674 Humanarum

143 2727 295 2798 secundo
334 2726 528 2796 Dardanum
567 2727 669 2797 refert
705 2726 784 2796 deos
822 2727 959 2795 Penates
993 2749 1036 2796 ex
1069 2725 1282 2796 Samothrace
1319 2725 1353 2796 in

145 2847 328 2944 Phrygiam
354 2864 387 2923 et
411 2852 549 2922 Aenean
576 2876 619 2922 ex
643 2853 742 2923 Troia
767 2851 802 2920 in
828 2851 957 2922 ltaliam
984 2851 1152 2922 detulisse.
1197 2851 1264 2935 Qui
1289 2853 1355 2922 sint

147 2985 257 3046 autem
285 2975 334 3047 dii
359 2978 497 3046 Penates
523 2977 555 3046 in
581 2977 667 3047 lihro
692 2977 828 3069 quidem
854 2987 1036 3046 memorato
1061 2977 1168 3046 Varro
1200 2999 1266 3046 non
1293 3000 1355 3046 ex·

146 3099 270 3190 primit.
319 3101 501 3172 Mooobs'us
521 3102 652 3172 Satura.
676 3099 711 3182 3,
730 3098 765 3171 4.
804 3102 911 3170 Varro
934 3102 1058 3170 lienum
1084 3099 1307 3171 humanarum
1324 3101 1355 3170 ll

148 3221 192 3292 ait
224 3226 368 3296 Aenean
406 3225 486 3294 deos
519 3227 657 3295 Penates
694 3224 728 3294 in
763 3224 892 3294 ltaliam
931 3224 1103 3294 reduxisse
1144 3215 1352 3315 (advexisse),

147 3349 313 3437 quaedam
341 3349 453 3441 lignea
478 3350 529 3418 vel
556 3349 686 3441 lapidea
719 3342 930 3438 (marmorea)
963 3349 1085 3440 sigilla.
1107 3386 1157 3400 -
1181 3350 1268 3419 Sane
1294 3349 1354 3420 hos

147 3469 225 3540 deos
250 3472 449 3545 Dardanum
474 3495 516 3541 ex
537 3471 764 3544 Samothracia
790 3473 823 3541 in
845 3473 1013 3566 Frygiam
1039 3474 1188 3544 Aeneam
1214 3495 1295 3544 vero
1319 3473 1353 3543 in

149 3595 276 3667 ltaliam
311 3620 353 3668 ex
378 3598 498 3690 Frygia
529 3597 734 3668 transtulisse
770 3597 859 3667 idem
890 3599 994 3668 Varro
1030 3608 1175 3669 testatur.
1225 3599 1355 3668 Senius

149 3721 190 3789 od
220 3725 309 3815 Verp.
335 3726 413 3793 deo.
440 3721 475 3804 3,
505 3719 585 3794 148.
627 3723 659 3803 1,
687 3719 770 3794 382.
821 3723 940 3793 Graeci
973 3733 1006 3792 et
1038 3724 1145 3792 Varro
1177 3724 1354 3793 Humana-

149 3865 221 3916 rum
246 3870 361 3918 rerum
388 3847 582 3918 Dardanum
616 3869 682 3936 non
709 3870 751 3916 ex
779 3849 886 3928 ltalia,
921 3847 977 3918 sed
1011 3848 1050 3918 de
1082 3847 1237 3929 Arcadia,
1271 3846 1354 3918 urhe

151 3967 304 4054 Pheneo,
347 3971 527 4042 oriundum
563 3972 687 4042 dicunt.
739 3973 867 4042 Sevius
895 3975 938 4041 od
975 3974 1065 4063 Verp.
1098 3973 1177 4041 Aeo.
1203 3971 1238 4052 3,
1272 3969 1353 4042 167.

150 4093 253 4166 Varro
281 4120 385 4166 uuum
411 4119 482 4166 esse
508 4095 588 4166 dicit
613 4098 752 4165 Penates
784 4108 816 4166 et
840 4097 980 4187 lllagnos
1013 4095 1110 4175 deos,
1149 4118 1228 4165 nam
1262 4107 1295 4164 et
1320 4095 1353 4164 in

151 4216 220 4288 hasi
244 4221 469 4292 scribebatur:
496 4221 661 4293 MAGNIS
678 4221 775 4290 DllS.
801 4221 931 4290 Servius
956 4223 999 4292 ud
1022 4222 1109 4312 Verp.
1135 4222 1213 4290 Aee.
1234 4218 1268 4301 3,
1297 4219 1353 4292 12.

152 4342 287 4417 Terram
323 4357 356 4418 et
387 4370 500 4418 aerem
534 4347 658 4418 inducit
685 4349 821 4418 ...m
849 4348 955 4418 Varro
986 4347 1020 4416 in
1054 4346 1258 4438 Logistorico
1297 4344 1355 4438 qui

154 4467 339 4544 inscribitur
371 4472 473 4543 Curio
508 4473 550 4543 de
582 4474 720 4542 deorum
756 4463 861 4553 cultu,
905 4482 1126 4564 cognomento
1156 4473 1355 4563 lllagnorum

154 4591 318 4666 Deorum:
357 4597 431 4667 Tris
465 4619 544 4666 arae
574 4607 650 4684 sunt
682 4597 714 4665 in
747 4596 844 4667 Circo
878 4597 989 4667 medio
1019 4597 1060 4667 ad
1093 4597 1285 4674 Columnas,
1321 4595 1355 4664 in

155 4719 270 4806 quihus
287 4732 373 4792 stant
389 4723 501 4815 signa:
529 4723 563 4791 in
584 4745 652 4793 una
671 4721 867 4815 inscriptum
886 4723 971 4793 DllS
989 4723 1165 4803 MeuNts,
1194 4719 1226 4790 in
1253 4721 1356 4789 altera
