3582 5594
479 645 527 716 96

477 855 587 937 portas
612 846 782 926 clausere3
821 845 940 916 deiude
972 846 1028 917 ubi
1054 868 1163 939 neque
1192 868 1290 938 agros
1315 850 1433 918 vastari
1459 859 1491 919 ct
1515 871 1584 930 eos,
1619 849 1672 941 qui

477 969 576 1061 primi
599 969 746 1050 aderaut,
771 969 931 1039 Numidas
957 969 1083 1062 equites
1107 968 1229 1051 vident,
1255 993 1386 1040 rursum
1405 971 1599 1062 lugurtbam
1622 995 1674 1042 ar-

476 1093 596 1175 bitrati,
622 1117 698 1165 com
723 1116 845 1185 magno
871 1095 993 1186 gaudio
1018 1095 1108 1165 obvii
1132 1097 1324 1187 procedunt.
1366 1097 1503 1190 Equites
1530 1097 1675 1190 pedites-

475 1242 542 1312 que
566 1195 701 1310 repeota
725 1219 821 1309 signo
848 1217 922 1288 dato
962 1217 1021 1288 alii
1054 1218 1189 1309 volgum
1220 1217 1359 1289 cll'usum
1385 1221 1508 1312 oppido
1534 1221 1674 1300 cmderc,

475 1343 535 1414 alii
560 1342 600 1412 ad
626 1353 735 1436 portas
761 1344 926 1425 festinare,
958 1366 1033 1435 pars
1058 1344 1157 1414 turris
1182 1367 1317 1438 cupere:
1353 1347 1403 1416 ira
1428 1357 1527 1438 atquc
1552 1347 1674 1439 praeda

475 1491 549 1560 spes
582 1468 723 1560 amplius
752 1490 851 1560 quaro
884 1467 1042 1538 lassitudo
1073 1490 1178 1559 posse.
1234 1469 1282 1539 lta
1316 1471 1501 1541 Vacceoses
1536 1471 1673 1541 biduum

475 1591 575 1662 modo
600 1615 643 1660 cx
658 1589 797 1682 perfidia
813 1591 933 1660 laetati:
961 1591 1074 1662 civitas
1091 1613 1213 1683 magua
1231 1603 1263 1660 ct
1278 1593 1417 1684 opulens
1434 1603 1552 1664 cuncta
1568 1616 1675 1686 pteom

474 1725 532 1786 aut
555 1715 676 1808 praedae
702 1715 773 1786 brit.
816 1714 995 1807 Turpilius,
1025 1739 1125 1809 quem
1149 1716 1342 1807 praelectum
1367 1717 1479 1809 oppidi
1503 1740 1610 1788 uuum
1634 1741 1676 1788 cx

474 1838 626 1908 omuibus
651 1838 835 1929 profugisse
867 1860 966 1930 supra
999 1838 1211 1918 ostendimus,
1252 1838 1357 1909 iussus
1389 1841 1568 1911 ablotello
1593 1866 1675 1912 cau-

473 1985 544 2032 sam
567 1963 689 2043 dicere,
716 1972 891 2054 postquam
915 1985 987 2032 sese
1012 1985 1130 2054 parom
1148 1973 1321 2055 expurgat,
1348 1963 1583 2036 condemnatus
1598 1992 1674 2038 vor-

473 2087 672 2182 beratusque
697 2088 803 2182 capite
829 2110 944 2180 poeoas
970 2088 1082 2167 solvit;
1117 2111 1194 2157 uam
1220 2089 1248 2158 is
1273 2089 1352 2158 civis
1378 2113 1421 2158 cx
1446 2090 1542 2160 Latio
1567 2103 1649 2161 crat.

547 2235 628 2282 cxx.
679 2215 742 2284 Per
768 2213 855 2283 idem
882 2225 1010 2306 tempus
1031 2213 1208 2294 Bomilcar,
1239 2214 1332 2283 cuius
1358 2213 1490 2306 inpulsu
1516 2215 1674 2306 Iugurtha

473 2337 685 2418 deditionem,
725 2358 826 2428 quam
851 2345 942 2410 melu
969 2335 1124 2418 descruit,
1159 2336 1340 2430 inceperat,
1367 2351 1535 2430 suspectos
1550 2340 1623 2431 regi
1643 2351 1675 2408 et

474 2462 543 2554 ipsc
561 2483 638 2532 com
655 2461 849 2553 suspiciens,
876 2482 976 2529 novas
994 2482 1046 2528 res
1064 2479 1198 2552 cupere,
1216 2460 1259 2530 ad
1277 2461 1458 2552 perniciem
1477 2462 1549 2532 cius
1561 2463 1673 2534 dolum

473 2609 634 2678 quaerere,
661 2585 716 2655 dic
734 2598 899 2677 noctuque
918 2584 1057 2676 fatigare
1075 2585 1238 2665 animum
1265 2585 1409 2678 denique
1433 2587 1544 2657 omnia
1567 2597 1673 2680 temp-

472 2710 575 2780 tando
588 2712 714 2781 socium
729 2711 792 2780 sibi
805 2709 953 2803 adiungit
964 2710 1174 2790 Nabdalsam,
1190 2710 1358 2781 bominem
1373 2701 1537 2794 nobilem,
1546 2715 1673 2804 magnis

472 2835 602 2928 opibus,
613 2837 738 2906 clarum
749 2846 985 2928 acceptumque
993 2835 1206 2928 popularibus
1215 2836 1294 2917 suis,
1310 2837 1368 2929 qui
1377 2837 1573 2929 plerumque
1582 2861 1673 2907 scor-

473 2982 546 3030 sum
564 2959 606 3030 ab
623 2982 703 3050 rege
721 2960 903 3029 exercitum
922 2959 1057 3028 ductare
1075 2967 1108 3028 et
1124 2959 1230 3029 omnis
1248 2983 1301 3028 res
1319 2960 1438 3052 exequi
1457 2962 1572 3031 solitus
1590 2973 1671 3043 orat,

473 3106 547 3176 quae
560 3083 727 3174 logurtbae
745 3085 830 3153 lesso
847 3093 903 3154 aut
919 3083 1100 3153 maioribus
1125 3084 1255 3188 astricto
1268 3096 1523 3178 superaverant3
1552 3109 1593 3155 ex
1606 3110 1672 3179 quo

473 3207 522 3276 illi
538 3207 645 3298 gloria
662 3229 808 3298 opesque
821 3206 974 3277 inventor.
1011 3206 1116 3297 lgitur
1128 3207 1298 3300 utriusque
1309 3209 1448 3278 consilio
1462 3208 1532 3278 dies
1546 3208 1673 3278 insidiis

471 3331 641 3410 statuitur;
678 3341 799 3410 cetera,
825 3329 872 3399 uti
898 3352 951 3398 res
978 3339 1135 3420 posceret,
1163 3351 1205 3398 ex
1231 3339 1377 3422 tempore
1403 3331 1512 3422 parari
1534 3332 1670 3425 placuit.

471 3454 638 3525 Nabdalsa
663 3455 705 3524 ad
730 3454 913 3525 exercitum
938 3453 1117 3545 profectus,
1144 3475 1244 3544 quem
1276 3455 1361 3524 iuter
1386 3455 1527 3526 hiberna
1550 3458 1674 3525 Roma·

471 3600 588 3648 norum
615 3578 721 3649 iussus
748 3577 901 3658 babebat,
927 3599 969 3646 oe
994 3597 1075 3666 ager
1100 3575 1213 3646 inultis
1239 3576 1386 3646 hostibus
1407 3589 1599 3650 vastaretur.
1642 3582 1673 3651 ls

471 3712 642 3794 postquam
668 3701 897 3792 magnitudine
923 3700 1077 3769 facinoris
1102 3700 1273 3792 perculsus
1299 3702 1340 3769 ad
1365 3712 1494 3793 tempus
1524 3725 1591 3772 noo
1614 3725 1674 3771 ve-

470 3827 530 3908 uit,
556 3836 729 3917 metusque
755 3847 825 3895 rem
850 3825 1059 3917 impediebat,
1085 3825 1253 3894 bomilcar
1270 3826 1367 3895 simul
1385 3825 1523 3918 cupidus
1541 3827 1672 3919 incepta

470 3948 621 4042 patrandi
655 3959 687 4018 et
721 3949 838 4019 timore
873 3949 952 4018 socii
987 3949 1116 4031 anxius,
1160 3972 1202 4019 oo
1235 3950 1359 4020 omisso
1392 3961 1501 4020 vetere
1533 3950 1672 4020 consilio

470 4097 589 4144 novum
616 4081 792 4166 quaereret,
828 4073 951 4141 litteras
985 4071 1026 4140 ad
1053 4093 1128 4140 cum
1157 4095 1218 4164 per
1243 4073 1394 4143 hominos
1420 4072 1535 4144 lidoles
1561 4074 1671 4152 mittit,

470 4196 504 4266 io
531 4197 606 4290 quis
631 4194 807 4265 mollitiam
825 4193 1074 4288 socordiamque
1092 4194 1154 4264 viri
1172 4218 1339 4278 accusare,
1365 4197 1476 4266 testari
1494 4196 1585 4279 deos,
1612 4220 1674 4291 per

469 4345 551 4414 quos
578 4321 759 4402 iuravisset,
785 4341 933 4399 monere,
959 4341 1001 4387 uo
1019 4319 1157 4411 praemia
1173 4321 1299 4390 bletolli
1324 4321 1359 4390 in
1384 4332 1510 4413 pestem
1527 4343 1673 4392 convor-

468 4455 568 4525 terct3
593 4443 762 4536 logurtbae
788 4443 925 4513 exitium
950 4441 1076 4523 adesse,
1103 4453 1249 4512 ceterum
1274 4465 1378 4514 suane
1399 4466 1441 4513 ao
1459 4446 1584 4516 ldetelli
1602 4447 1673 4515 vir-

469 4579 539 4640 tuto
564 4570 698 4662 periret,
733 4567 766 4637 id
791 4567 890 4637 modo
914 4567 1053 4657 agitari;
1091 4567 1232 4660 proinde
1266 4579 1433 4660 reputaret
1458 4591 1534 4638 cum
1560 4571 1674 4640 auimo

469 4714 540 4774 suo,
570 4691 705 4783 praemia
732 4714 774 4761 ao
801 4689 981 4761 cruciatum
1009 4690 1131 4760 mallet.
