3526 5604
1278 615 1351 686 339

137 809 284 903 scripsit.
327 808 456 880 llcinde
481 809 681 880 rhetoricam
707 811 873 904 protessus
891 811 954 882 Gn.
973 779 1166 905 iompeium
1191 815 1352 906 stagnum

138 933 257 1004 docuit
284 933 454 1027 patrisque
486 934 558 1004 eius
588 957 641 1004 res
670 945 779 1026 gestas
811 957 872 1004 nnc
903 935 1013 1006 minus
1037 936 1141 1029 ipsius
1170 940 1353 1032 compluri-

139 1058 206 1128 bus
230 1057 325 1127 libris
345 1058 507 1150 exposuit,
534 1057 661 1150 primus
685 1057 836 1128 omnium
855 1057 1098 1141 libertinorum,
1125 1071 1162 1130 ut
1179 1059 1353 1132 Cornelius

139 1183 253 1274 Nepos
269 1182 435 1274 opinatur,
461 1181 608 1252 scribere
625 1181 796 1252 historiam
821 1205 917 1253 orsus
942 1205 1010 1252 non
1036 1182 1100 1252 nisi
1125 1184 1168 1254 ab
1190 1183 1354 1256 honestis-

139 1305 228 1376 simo
254 1329 389 1402 qnoque
404 1305 506 1376 scribi
523 1306 666 1376 nubtam.
706 1307 874 1378 Suetonius
892 1309 931 1378 dc
945 1309 1060 1378 sinor.
1080 1305 1115 1379 3.
1156 1309 1353 1380 vultacilius

139 1427 278 1498 Plautus
312 1421 435 1518 [Plutus
465 1429 539 1514 clii]
576 1429 713 1500 Latinus
747 1430 862 1501 rhetor
888 1431 951 1502 Gn.
985 1431 1121 1525 Pompei
1150 1432 1287 1504 libertus
1321 1441 1354 1504 et

139 1550 258 1621 doctor
271 1550 421 1622 scholam
446 1553 571 1623 Romae
599 1553 738 1646 aperuit.
781 1553 992 1645 Hiuonysuus
1016 1554 1053 1624 in
1077 1557 1222 1626 cbrosino
1246 1558 1292 1629 od
1318 1581 1351 1629 n.

139 1673 227 1746 ota.
251 1701 286 1770 p.
313 1673 387 1748 364
406 1678 488 1748 dloi.
540 1678 632 1747 Alius
658 1691 701 1748 est
726 1679 772 1748 dl.
800 1678 957 1748 Otacilius
982 1677 1146 1750 Pitlolour
1170 1682 1258 1772 npttd
1277 1682 1352 1754 nto-

139 1800 285 1870 crnbiunt
307 1800 439 1872 Sututu.
465 1799 501 1883 2,
528 1799 552 1872 2
578 1816 606 1873 ct
629 1802 815 1872 Suetonium
839 1803 971 1874 Cnunre
995 1801 1053 1875 75.

630 2099 848 2110 ——-

358 2335 474 2424 mv.
522 2335 782 2425 tutunus
809 2335 1117 2426 tumultuatus

219 2553 252 2621 1.
279 2551 444 2624 vetustior
468 2554 608 2624 Sbenna
634 2551 695 2622 luit
720 2551 865 2636 Caelius,
891 2551 1042 2644 aequalis
1067 2553 1227 2623 Sisennae
1253 2555 1349 2625 Ruti-

139 2675 205 2748 lirs
222 2676 450 2770 Claudiusque
467 2677 710 2768 Quadrigarius
726 2689 761 2746 st
772 2677 925 2747 Valerius
938 2674 1065 2748 Antias.
1091 2700 1190 2770 supro
1211 2703 1243 2772 p.
1262 2675 1347 2762 328,

139 2799 198 2872 20.
249 2800 432 2872 Historiam
463 2800 625 2894 scripsere
652 2851 661 2870 .
687 2851 696 2869 .
722 2851 732 2869 .
758 2799 918 2871 Claudius
944 2799 1072 2894 lepide,
1105 2800 1222 2870 Antias
1252 2800 1348 2871 inve-

138 2937 246 3006 nuste,
281 2924 443 2994 Scissum
474 2923 669 3017 longinque.
715 2924 833 2994 linctu
863 2925 908 2994 ud
946 2924 1056 2993 Verum
1083 2948 1117 3015 p.
1153 2921 1224 2996 170
1254 2927 1345 2996 Rom.

138 3051 174 3119 3.
201 3051 297 3120 llaec
321 3050 424 3122 verba
450 3071 492 3119 ex
517 3049 560 3132 Q.
579 3048 710 3120 Claudii
736 3048 844 3140 primo
866 3049 980 3120 annali
1002 3101 1011 3119 .
1031 3100 1069 3119 ..
1096 3048 1217 3129 notavi,
1244 3071 1345 3142 quem

138 3173 263 3244 librum
290 3175 433 3268 legimus
458 3176 561 3247 biduo
585 3175 739 3269 proximo
761 3167 952 3268 duperiore:
971 3227 980 3244 .
999 3226 1037 3244 ..
1062 3175 1239 3267 Postquam
1256 3196 1346 3245 nun·

138 3299 258 3369 tintorn
293 3311 354 3382 est
388 3301 513 3394 inquit,
552 3312 589 3370 ut
620 3311 802 3394 pugnatum
837 3309 923 3368 esset
948 3298 983 3368 in
1007 3297 1136 3378 Gallos,
1171 3297 1205 3366 id
1230 3297 1345 3368 civitas

137 3425 286 3514 grauiter
316 3423 482 3494 tulit
510 3423 598 3505 Sole,
633 3423 752 3516 iuquit,
788 3444 906 3492 occaso
1029 3421 1114 3492 Cum
1139 3420 1190 3502 iis,
1224 3421 1341 3513 inquit,

138 3546 455 3617 consermonabatur
481 3598 490 3616 .
514 3597 524 3615 .
550 3599 558 3616 .
589 3546 772 3625 Cominius,
805 3545 923 3639 inquit,
963 3567 1029 3638 qua
1059 3543 1254 3616 escenderat
1282 3544 1344 3615 de·

136 3671 267 3740 scendit
292 3683 389 3764 atque
416 3672 517 3744 verba
535 3671 639 3743 Gallis
656 3671 745 3743 dedit
771 3723 780 3741 .
803 3722 840 3741 ..
866 3671 1039 3753 Putabam,
1066 3670 1185 3762 inquit,
1211 3671 1343 3764 eosqui

54 3807 58 3815 “
137 3795 219 3865 loris
244 3807 343 3888 atquc
367 3797 425 3889 qui
451 3797 485 3865 in
510 3819 587 3867 arce
614 3807 718 3879 erant,
745 3795 831 3868 inter
856 3819 891 3866 se
909 3796 1181 3867 commutationes
1201 3808 1235 3867 ct
1259 3819 1343 3866 nun·

137 3919 213 3989 eilia
239 3920 349 3990 lucore
375 3971 441 3990 ...
467 3922 552 3990 Nam
578 3921 721 4001 Marcus,
748 3919 867 4013 inquit,
892 3919 1047 4000 Manlius,
1081 3941 1182 4011 quem
1207 3919 1343 4012 Capito-

136 4043 222 4114 lium
247 4065 395 4114 serrassc
428 4045 577 4116 aGallis
606 4066 705 4136 supra
735 4044 879 4127 ostendi,
914 4045 1073 4138 cuiusque
1104 4067 1239 4137 operam
1265 4068 1341 4116 cnm

135 4167 182 4239 11.
208 4167 310 4237 Furio
339 4167 497 4237 dictatore
530 4168 617 4260 apud
643 4169 755 4240 Gallos
786 4169 971 4260 cumprime
1004 4169 1120 4238 fortem
1150 4180 1249 4261 atque
1280 4192 1342 4238 ex·

136 4293 360 4387 superabilem
385 4315 439 4364 res
464 4293 597 4386 publica
622 4295 733 4378 sensit,
767 4295 794 4364 is
826 4305 858 4364 ct
888 4316 1012 4386 genere
1044 4307 1077 4365 et
1106 4295 1140 4366 vi
1165 4307 1198 4366 et
1223 4295 1340 4365 virtute

136 4418 259 4488 bellica
285 4420 410 4490 nemini
435 4421 636 4492 concedebat
662 4473 671 4490 .
698 4473 738 4491 ..
770 4422 888 4503 Simul,
928 4421 1047 4514 inquit,
1085 4421 1202 4502 forma,
1234 4421 1340 4503 lactis,

136 4540 339 4634 eloquentia,
366 4543 536 4636 dignitate,
561 4543 755 4626 acrimonia,
785 4543 982 4614 confidentia
1008 4545 1132 4637 pariter
1156 4543 1341 4637 praecelle-

136 4665 211 4745 bat:
237 4676 276 4734 ut
300 4667 397 4736 laeile
422 4667 665 4759 intelligeretur
689 4689 849 4759 magnum
875 4667 1029 4738 uiaticum
1053 4690 1095 4737 ex
1120 4689 1155 4736 se
1180 4679 1279 4760 atque
1304 4667 1338 4735 in

1112 4783 1178 4849 Μ’
