3576 5602
1296 666 1369 738 tos

161 863 263 931 citata
301 885 388 934 nunc
426 863 630 936 diversarum
662 865 841 936 civitatium
871 865 1044 936 conferens
1077 875 1242 958 tempora,
1281 887 1371 936 nnnc

160 985 310 1055 delectus
337 1009 518 1081 eorumque
551 990 724 1061 intervalla
754 1000 842 1060 retro
874 989 1102 1072 dinumerans,
1142 989 1228 1060 eruit
1252 1011 1369 1060 verum

160 1107 340 1204 lucemque
372 1113 523 1194 ostendit,
562 1137 623 1206 per
656 1135 756 1205 quam
789 1135 947 1184 numerus
979 1123 1087 1183 certus
1112 1135 1179 1183 non
1205 1135 1369 1184 annorum

160 1232 262 1303 ωοάο
289 1235 347 1305 sed
372 1248 405 1305 ct
430 1236 559 1307 dierum
584 1238 727 1331 perspici
753 1239 866 1331 possit.
914 1237 1103 1309 Secundum
1136 1261 1237 1332 quam
1263 1237 1369 1309 ratio-

160 1379 254 1438 nem,
289 1359 352 1428 nisi
378 1360 485 1439 lallor.
520 1359 575 1430 hic
603 1384 720 1442 annus,
756 1361 850 1432 cuius
876 1362 965 1431 velut
999 1361 1098 1432 index
1124 1373 1156 1432 et
1180 1361 1294 1432 titulus
1320 1371 1369 1432 est

160 1481 253 1575 Ulpii
280 1493 312 1552 et
336 1483 487 1554 Pontiani
513 1486 714 1566 consulatus,
745 1485 787 1554 ab
822 1485 1010 1579 olympiade
1040 1486 1147 1580 prima
1174 1486 1368 1556 millesimus

160 1618 212 1675 est
236 1618 270 1676 ct
293 1619 428 1700 quartus
454 1609 615 1690 decimus,
656 1633 699 1678 ex
731 1610 848 1681 dicbus
883 1611 1054 1680 dumtaxat
1089 1611 1219 1681 aestivis
1248 1609 1368 1704 quibus

160 1753 250 1822 agon
277 1733 470 1827 Olympicus
497 1733 703 1815 celebratum
738 1735 887 1805 alloma
921 1745 1031 1805 autem
1057 1734 1191 1806 condita
1215 1757 1369 1827 nongen-

159 1857 299 1926 tesimus
332 1859 565 1949 nonagesimus
597 1860 739 1952 primos,
774 1870 806 1930 et
837 1860 973 1955 quidem
1008 1883 1050 1930 ex
1084 1860 1247 1932 Parilibus
1278 1858 1367 1930 unda

161 1981 256 2052 urlsis
283 1985 360 2052 anni
386 1997 619 2066 numerantem
650 2007 764 2056 eorum
789 2009 870 2056 vero
895 2009 1057 2056 annorum
1085 1985 1205 2078 quihus
1231 1983 1368 2056 lolianis

159 2127 286 2176 nomen
312 2117 361 2177 est
385 2106 629 2180 ducentesimus
654 2111 873 2202 octogesimus
898 2111 1025 2192 tertius,
1056 2110 1113 2180 scd
1140 2133 1182 2180 ex
1207 2109 1261 2179 die
1287 2107 1365 2179 Kal.

160 2231 405 2313 ianuariarum,
446 2234 536 2304 unde
567 2234 670 2304 lolius
703 2235 826 2305 Caesar
859 2235 937 2304 anni
971 2257 992 2304 a
1025 2257 1060 2304 se
1090 2233 1255 2305 constituti
1290 2231 1368 2302 lecit

160 2356 374 2448 principium.
424 2357 612 2428 Censorinus
636 2357 695 2440 21,
722 2355 831 2430 4-7.
874 2360 980 2430 Varro
1014 2359 1046 2428 in
1074 2359 1165 2429 llllll
1190 2359 1367 2428 Humana-

160 2501 254 2548 rum:
288 2479 330 2549 ad
357 2481 489 2551 Romuli
524 2481 655 2552 initium
689 2483 762 2575 plus
787 2483 880 2552 mille
914 2495 947 2552 et
971 2492 1102 2553 centnm
1128 2502 1293 2550 annornm
1318 2488 1367 2549 est

162 2595 197 2691 [a
220 2603 463 2692 Deucalioucl]
509 2607 630 2676 Gellius
656 2604 688 2686 1,
727 2604 783 2688 16,
819 2605 854 2679 3.
903 2607 1084 2678 Macrobius
1110 2606 1241 2676 Suturn.
1272 2603 1303 2686 1,
1329 2600 1365 2675 5.

161 2727 223 2796 23.
257 2730 371 2800 ldarco
405 2730 553 2800 Varrone
584 2753 615 2800 se
642 2754 734 2800 usum
767 2745 891 2802 auctum
922 2731 1071 2802 Aurelius
1107 2732 1213 2800 Victor
1250 2731 1298 2800 nit
1330 2729 1367 2798 in

157 2855 324 2946 preconio
351 2854 450 2923 lidclli
474 2856 513 2924 dc
537 2857 619 2947 erip.
645 2879 678 2945 p.
698 2856 738 2925 ll.
784 2855 890 2925 Varro
906 2855 950 2923 in
982 2877 1021 2924 eo
1048 2854 1145 2934 libro.
1180 2874 1247 2946 quo
1273 2850 1366 2922 initia

160 2977 254 3047 urhis
278 2979 404 3050 Romae
430 2991 571 3061 enarrat.
611 2982 727 3074 lupum
753 2981 911 3050 feminam
938 2976 1014 3073 [pro
1040 2978 1135 3074 lupa]
1166 2979 1256 3059 dicit,
1296 2977 1367 3048 En·

160 3103 255 3172 nium
287 3103 515 3199 Pictoremque
552 3105 689 3176 Fabium
724 3113 864 3175 secutus.
922 3106 1144 3191 Quintilianus
1177 3102 1209 3184 1,
1241 3104 1275 3184 6,
1306 3099 1362 3172 12.

160 3227 375 3298 Ruminalem
402 3229 501 3300 ficum
526 3230 727 3324 appellatam
752 3229 797 3299 ait
813 3231 919 3300 Varro
944 3251 1046 3322 prope
1068 3228 1194 3298 curiam
1218 3225 1279 3296 suh
1296 3226 1366 3295 Vc-

160 3351 297 3434 teribus‚
337 3354 426 3444 quod
458 3355 519 3424 sub
553 3377 591 3424 oa
625 3354 743 3425 arbore
769 3355 848 3447 lupa
875 3376 893 3422 a
919 3365 1029 3424 monte
1056 3353 1235 3423 decurrens
1261 3352 1366 3420 llcmo

161 3488 195 3548 et
220 3477 363 3547 llomnlo
388 3500 565 3548 mammam
590 3478 790 3571 praebuerit.
837 3479 982 3550 llamma
1007 3489 1118 3548 autem
1143 3475 1247 3546 rumis
1272 3473 1366 3544 dice·

161 3602 269 3682 batur,
309 3601 401 3672 unde·
419 3603 534 3672 rustici
565 3601 690 3673 haedos
723 3604 881 3672 lactentes
914 3600 1088 3670 subrumos
1121 3609 1249 3682 vocant,
1284 3598 1365 3691 qnia

161 3727 271 3798 adhuc
296 3725 358 3796 sul)
383 3725 535 3795 mammis
561 3725 734 3797 habentur.
777 3725 884 3795 Festus
909 3721 1123 3794 liuline.
1148 3723 1364 3793 Ruminnlnn.

162 3855 220 3944 cfr.
251 3853 354 3920 Varro
379 3851 418 3919 dc
442 3850 481 3919 ll.
503 3851 544 3920 ll.
563 3849 599 3930 2.
628 3849 685 3929 11.
712 3848 748 3930 5.
773 3852 856 3919 idun
882 3849 970 3940 opud
993 3847 1133 3916 Nonium
1146 3869 1182 3938 p.
1203 3844 1286 3922 167,
1303 3842 1364 3917 30.

162 3973 259 4058 Quod
280 3973 417 4044 abiectis
440 3973 618 4044 infantibus
642 3973 790 4066 pepercit
813 3973 892 4064 lupa
916 3995 982 4041 non
1005 3971 1105 4052 mitis,
1133 3971 1284 4064 Luperca
1301 3968 1364 4041 dea

161 4108 210 4166 cst
226 4107 360 4167 auctore
378 4098 543 4190 appellata
559 4099 722 4167 Varrone.
755 4098 915 4167 Amulius
936 4099 1009 4166 odo.
1029 4111 1131 4189 penes
1152 4094 1187 4176 4,
1206 4093 1240 4166 3.
1274 4097 1363 4166 ller-

161 4219 244 4290 culis
270 4219 421 4289 aedituos
446 4219 571 4289 otiosus
595 4230 696 4312 atque
721 4221 856 4291 feriatus
882 4221 960 4292 lusit
984 4220 1114 4291 tesseris
1139 4243 1251 4290 secum
1272 4231 1364 4291 nua-

160 4367 226 4436 qne
252 4365 354 4414 manu
379 4344 573 4424 alternante,
601 4345 634 4412 in
662 4367 728 4414 nna
754 4347 953 4416 constituens
979 4345 1171 4426 Herculem,
1201 4344 1234 4413 in
1260 4345 1364 4414 altera

160 4493 195 4540 se
211 4471 339 4563 ipsum;
363 4472 424 4540 sub
451 4493 490 4540 ca
517 4470 721 4552 conditione,
747 4482 782 4541 ut
798 4471 826 4542 si
848 4471 917 4566 ipsc
936 4471 1067 4541 vicisset
1086 4470 1128 4540 de
1146 4469 1229 4562 stipe
1247 4467 1363 4560 templi

159 4593 221 4664 sibi
249 4617 386 4664 coenam
415 4606 545 4688 pararet
570 4595 780 4689 amicamque
806 4597 1017 4677 conduceret,
1043 4595 1068 4665 si
1096 4605 1206 4664 autem
1224 4590 1362 4663 narona

160 4719 315 4790 Herculis
341 4719 445 4800 lieret,
485 4720 547 4790 hoc
577 4719 663 4790 idem
688 4720 730 4790 de
759 4720 898 4813 pecunia
930 4743 989 4791 sua
1022 4717 1177 4811 voluptati
1204 4715 1361 4788 llcrcnlis
