3526 5604
1256 684 1327 753 323

125 881 247 971 ingnm
272 881 446 961 miserant,
481 889 518 949 at
550 881 584 950 in
610 879 788 951 annalibus
812 879 907 951 libris
931 881 1038 973 placet
1063 880 1202 952 Claudio
1226 883 1329 952 Paulo

124 1000 264 1087 [Publio
289 1002 443 1089 clodiot]
477 1004 643 1096 Appianas
668 1005 706 1073 dc

123 1129 188 1197 sels.
218 1129 353 1198 Gallicis
378 1125 412 1197 3.
513 1130 547 1196 7.
580 1129 707 1198 Bonam
757 1129 908 1198 Faunam
933 1126 1034 1218 igitur
1057 1128 1207 1210 saeuam,
1240 1129 1330 1199 Bona

124 1249 225 1320 aleam
241 1303 249 1320 .
266 1303 300 1319 ..
326 1248 593 1321 SextnsClodius
614 1251 648 1320 in
666 1274 706 1321 eo
756 1275 842 1343 qnae
869 1251 988 1322 dicitur
1013 1250 1074 1322 dea
1195 1251 1331 1344 myrteis
1453 1315 1455 1318 ,

124 1375 233 1454 libro,
273 1396 372 1466 qnam
408 1375 533 1445 Graece
565 1375 705 1470 scripsit,
756 1398 888 1445 caesam
925 1375 1040 1466 virgis,
1082 1374 1172 1469 qnod
1214 1377 1331 1446 marito

125 1499 229 1568 refert
266 1499 372 1568 Fanni
410 1521 550 1569 uxorem
588 1499 706 1580 luisse;
756 1499 922 1569 nesciente
938 1499 1062 1567 seriam
1086 1499 1171 1569 meri
1192 1500 1333 1570 ebiberit

126 1645 214 1714 quae
241 1621 321 1714 qnia
347 1631 462 1692 cantra
486 1645 613 1693 morem
647 1624 707 1693 de·
756 1622 888 1714 plenem
902 1623 936 1691 S.
948 1621 1084 1693 Clodius
1098 1623 1218 1694 indicat
1239 1635 1332 1693 sexto

125 1769 253 1838 casque
286 1746 415 1838 regium
446 1747 534 1816 clam
563 1746 631 1816 vini
654 1747 708 1815 ol·
756 1745 798 1815 de
808 1745 871 1815 diis
881 1745 1019 1828 Graeco,
1029 1745 1227 1840 signumque
1236 1771 1332 1818 mon-

125 1869 195 1938 lam
212 1869 405 1940 ebiberatet
418 1869 510 1940 ebria
526 1872 610 1940 lacta
626 1881 706 1951 erat,
756 1868 871 1948 strari,
901 1869 989 1960 qnod
1022 1892 1098 1939 cnm
1131 1870 1161 1939 ei
1187 1870 1331 1942 divinam

125 1994 230 2083 virgis
248 1995 380 2087 myrteis
399 2017 425 2092 ¹a
450 1995 521 2064 viro
547 1991 707 2088 usquead
757 2015 828 2062 rem
844 1994 998 2063 mulieres
1017 1993 1150 2076 iaciant,
1175 1993 1246 2063 vini
1258 2015 1333 2062 am-

126 2127 271 2186 mortem
296 2141 437 2188 caesam.
484 2120 601 2188 Postea
629 2141 707 2189 vero
758 2115 862 2208 phora
878 2117 1091 2188 constituatur
1104 2118 1245 2199 obtecta,
1271 2141 1333 2188 nec

126 2263 204 2310 cnm
240 2264 317 2312 enm
347 2242 424 2312 iacti
453 2243 503 2310 sni
529 2243 709 2334 paeniteret
759 2250 899 2337 myrteas
925 2240 973 2310 fas
1000 2241 1043 2309 sit
1065 2241 1188 2310 inlerre
1213 2241 1332 2310 verhe-

127 2375 159 2432 et
188 2365 391 2436 desiderium
421 2365 492 2435 eins
524 2359 610 2438 lerre
639 2387 705 2435 non
757 2385 826 2444 nas,
852 2363 937 2432 sicut
961 2363 1027 2434 suis
1053 2365 1164 2434 scribit
1190 2363 1224 2432 in
1251 2387 1332 2435 can-

126 2499 255 2580 posset,
286 2489 435 2558 divinum
468 2488 518 2560 illi
545 2488 705 2559 honorem
755 2487 877 2558 salibus
911 2488 1035 2575 nutas„
1068 2489 1227 2557 Arnobins
1257 2490 1330 2558 adn.

127 2611 295 2683 detulisse.
322 2611 450 2683 Idcirco
464 2612 499 2681 in
516 2612 617 2682 sacris
636 2611 707 2681 eius
756 2625 858 2702 pantes
877 2609 911 2693 5,
938 2606 995 2680 18.

127 2737 319 2808 obvolutam
329 2736 398 2806 vini
411 2735 705 2828 amphoramponi.

128 2863 312 2932 Lactontins
330 2862 466 2931 institut.
496 2860 528 2942 1,
547 2857 606 2939 22,
628 2858 684 2929 11.
731 2860 781 2928 De
799 2860 833 2929 S.
856 2861 966 2930 61οὰ10
991 2862 1036 2931 11.
1059 2862 1191 2929 Antonii
1216 2862 1331 2929 trians·

127 2989 193 3056 oiri
217 2988 371 3076 mapisno
397 2988 455 3077 cfr.
481 2984 649 3053 Suetonius
674 2985 848 3053 clericatos.
889 2981 923 3055 5.
942 2985 1104 3054 Praetereo
1127 2985 1332 3053 innotuerant

129 3110 260 3178 alodios
282 3108 397 3177 Tarnis
418 3108 528 3177 Sinnii
550 3107 712 3199 Capitonis
730 3107 916 3198 familiaris,
943 3107 979 3176 P.
999 3108 1126 3176 noctus
1150 3106 1331 3189 (laininnlis

128 3232 318 3301 Arelatensis
343 3233 457 3312 rinos,
490 3230 560 3300 alii.
610 3230 714 3299 11οάίὲ
736 3230 901 3298 cniusdam
924 3231 1158 3298 commentarios
1179 3242 1328 3320 qnattnor

55 3426 60 3437 ,
127 3354 256 3424 Servios
277 3354 322 3423 od
346 3353 433 3443 Varp.
459 3354 535 3422 Aen.
566 3351 598 3434 1,
624 3350 683 3424 56.
713 3350 793 3423 180.
821 3349 856 3436 2,
882 3349 955 3423 229
980 3353 1101 3421 citavit.

616 3697 834 3706 ——n—

436 3977 520 4062 Xll
568 3975 818 4062 Sllll'llssllllli
846 3976 1013 4063 tsttmt

70 4265 74 4274 ·
206 4221 237 4290 1.
264 4222 352 4291 Ecce
379 4229 489 4288 antem
515 4240 701 4287 successere
733 4216 811 4287 lrnic
838 4216 927 4286 bello
952 4212 1156 4307 [Antipatro]
1182 4213 1327 4296 Clodius,

129 4350 271 4420 Asellio:
298 4347 383 4416 nihil
409 4346 450 4416 ed
476 4344 639 4427 Caelium,
665 4345 722 4414 sed
748 4343 856 4436 potius
881 4344 924 4414 ad
949 4344 1161 4435 antiquorum
1186 4339 1329 4428 languo-

130 4496 201 4542 rem
228 4485 326 4566 atque
351 4473 527 4543 inscitiam.
566 4473 721 4543 Ciceronis
736 4473 855 4562 lapibus
880 4471 911 4552 1,
930 4468 966 4549 2,
983 4467 1017 4539 6.
1116 4469 1151 4537 2.
1177 4466 1218 4535 A.
1234 4467 1330 4534 Sem-

130 4597 266 4689 pronius
291 4598 417 4668 Asellio
443 4607 575 4690 praetor
600 4649 609 4665 .
630 4648 668 4665 ..
696 4597 731 4665 in
757 4597 829 4666 loro
854 4596 981 4666 occisus
1006 4601 1066 4662 est.
1117 4592 1228 4661 linias
1255 4590 1327 4680 epit.

132 4717 190 4791 74.
229 4723 397 4814 Appianas
426 4720 455 4788 1.
482 4721 550 4790 Cio.
585 4719 617 4802 1,
649 4715 708 4790 54.
742 4743 772 4788 a
800 4717 883 4790 665.
989 4717 1024 4787 3.
1060 4714 1237 4867 Cqunon
1270 4737 1329 4806 per

1105 4837 1143 4896 21
