3610 5592
504 663 547 730 10

499 859 641 941 divitiam
668 859 790 953 quippe
815 877 897 952 quas
922 859 1058 928 boueste
1082 857 1205 928 babere
1231 859 1367 938 licebat,
1393 857 1484 928 abuti
1509 879 1569 949 per
1594 857 1688 947 turpi-

500 985 647 1056 tudinem
684 984 914 1077 properabaut.
965 982 1031 1052 Sed
1068 982 1181 1052 lubido
1219 981 1341 1074 stupri,
1378 1004 1493 1073 gaueae
1532 981 1688 1073 ceterique

500 1109 605 1180 cultus
638 1130 705 1176 non
738 1107 848 1178 minor
880 1107 1077 1188 incesserat3
1114 1106 1178 1176 viri
1210 1106 1386 1178 muliebria
1420 1106 1507 1199 pati,
1540 1104 1690 1174 mulieres

499 1232 692 1326 pudicitiam
717 1233 752 1302 in
769 1233 942 1326 prepatrdo
967 1231 1109 1311 babere;
1136 1231 1289 1302 vescendi
1313 1253 1412 1302 eausa
1433 1242 1521 1300 terra
1548 1228 1691 1320 marique

498 1356 611 1427 emnia
646 1356 839 1449 exquirere,
872 1355 1018 1426 dormire
1051 1356 1141 1448 prius
1174 1377 1276 1450 quam
1308 1354 1416 1424 sumni
1448 1352 1568 1446 cupido
1601 1362 1691 1428 esset,

499 1503 566 1549 non
585 1479 708 1550 bmem
728 1490 785 1551 aut
809 1479 896 1550 sitim
922 1502 1030 1572 neque
1058 1479 1163 1570 frigus
1181 1502 1290 1573 neque
1313 1478 1540 1549 lassitudinem
1563 1475 1692 1568 operiri,

498 1605 557 1675 red
581 1627 622 1674 ea
646 1604 758 1675 emnia
784 1604 866 1674 luxu
899 1614 1105 1696 antecapere.
1156 1603 1238 1674 Haec
1263 1604 1483 1684 iuventutem,
1518 1600 1576 1672 ubi
1601 1599 1694 1669 fami-

499 1729 598 1798 liares
621 1751 702 1821 opes
726 1727 929 1808 defecerant,
955 1727 997 1796 ad
1023 1725 1172 1796 facinora
1196 1726 1427 1796 incendebant.
1470 1726 1609 1798 Animus
1644 1724 1695 1793 in·

499 1854 597 1924 butus
622 1852 717 1922 malis
750 1850 875 1920 artibus
908 1850 998 1922 baud
1022 1851 1120 1920 facila
1146 1851 1348 1922 lubidinibus
1374 1851 1521 1928 careban
1555 1873 1596 1918 ee
1618 1835 1724 1942 pre-⁰

499 1977 602 2048 fusius
627 1975 779 2045 omnibus
803 1972 909 2044 medis
934 1975 1074 2066 quaestui
1099 1985 1197 2068 atque
1222 1975 1367 2068 sumptui
1392 1975 1519 2045 deditus
1544 1984 1625 2044 erat.

572 2123 643 2172 xrv.
693 2103 732 2170 ln
756 2109 845 2170 tanta
870 2110 1005 2192 tamque
1030 2109 1185 2193 corrupta
1209 2099 1339 2170 civitate
1365 2099 1524 2180 Catilina,
1552 2098 1584 2167 id
1610 2097 1696 2190 quod

500 2225 587 2295 factu
612 2225 817 2295 facillumum
846 2235 931 2304 erat,
966 2223 1115 2292 emnium
1148 2222 1349 2314 flagitiorum
1382 2233 1480 2316 atque
1515 2221 1697 2292 facinorum

499 2349 625 2420 circum
649 2372 684 2420 se
709 2359 878 2442 tamquam
911 2347 1103 2441 stipatorum
1128 2358 1274 2420 catervas
1309 2347 1462 2419 babebat.
1514 2349 1598 2417 Nam
1623 2347 1699 2439 qui-

500 2497 642 2566 cumque
662 2474 868 2567 impudicus,
892 2472 1037 2554 adulter,
1073 2493 1180 2561 ganeo
1207 2497 1330 2556 manu,
1355 2483 1484 2554 ventre,
1510 2493 1596 2564 pene
1614 2469 1699 2540 beua

499 2599 606 2692 patria
638 2599 857 2679 laceraverat,
896 2595 1021 2689 quique
1067 2598 1213 2668 alienum
1250 2621 1295 2668 res
1329 2599 1454 2690 gande
1488 2595 1699 2670 conflaverat,

499 2745 566 2815 quo
591 2721 754 2813 flagitium
779 2731 836 2793 aut
861 2721 988 2792 facinus
1006 2722 1203 2804 redimeret,
1229 2734 1389 2816 praeterea
1413 2743 1528 2792 omues
1551 2719 1700 2810 undique

499 2848 693 2940 parricidae,
729 2847 898 2937 sacrilegi,
935 2846 1075 2918 convicti
1100 2847 1229 2918 iudiciis
1262 2857 1319 2918 aut
1339 2869 1399 2940 pro
1424 2846 1515 2917 factis
1541 2843 1701 2915 iudicium

500 2973 670 3052 timentes,
705 2971 746 3040 ad
772 2971 836 3040 boc
861 2993 944 3063 quus
970 2991 1087 3040 manus
1116 2981 1215 3063 atque
1237 2971 1351 3061 lingua
1370 2969 1516 3063 periurio
1541 2979 1598 3038 aut
1623 2990 1703 3036 sau·

499 3097 602 3188 guine
628 3094 717 3165 civili
742 3095 871 3175 alebat,
897 3106 1062 3185 postremo
1086 3117 1218 3176 omues,
1244 3117 1326 3188 ques
1352 3093 1535 3183 flagitium,
1561 3101 1702 3183 egestas,

500 3219 650 3290 conscius
675 3218 805 3288 animus
822 3217 1028 3309 exagitabat,
1054 3216 1089 3286 bi
1106 3217 1255 3288 Catilinae
1276 3217 1430 3310 proxumi
1456 3217 1704 3310 familiaresque

501 3353 604 3414 eraut.
657 3343 783 3426 Quodsi
808 3343 882 3435 quis
908 3342 1008 3410 etiam
1038 3363 1056 3410 a
1087 3342 1184 3434 culpa
1218 3363 1340 3412 vacuus
1366 3342 1400 3410 in
1425 3339 1605 3410 amicitiam
1632 3340 1706 3408 eius

501 3467 681 3550 inciderat,
716 3467 880 3537 cotidiano
906 3489 966 3536 usu
992 3476 1090 3558 atque
1120 3465 1286 3536 illecebris
1311 3465 1407 3535 facile
1433 3487 1495 3558 par
1518 3465 1706 3555 similisque

428 3597 432 3604 '
501 3592 617 3661 ceteris
641 3591 856 3661 efficiebatur.
907 3591 972 3661 Sed
996 3612 1153 3659 maxume
1178 3589 1439 3660 adulescentium
1465 3587 1708 3659 familiaritates

501 3717 693 3810 appetebat;
729 3737 854 3798 earum,
870 3714 973 3784 animi
997 3713 1115 3783 melles
1133 3725 1165 3784 et
1190 3724 1284 3785 aetate
1303 3713 1386 3786 fluxi
1412 3714 1496 3784 dalis
1522 3712 1611 3784 baud
1640 3712 1708 3782 dif-

501 3840 630 3909 liculter
655 3838 879 3932 capiebantur.
918 3839 1003 3908 Nam
1029 3847 1064 3907 ut
1088 3839 1247 3931 cuiusque
1273 3837 1417 3908 studium
1443 3861 1485 3907 ex
1519 3848 1614 3908 aetate
1643 3837 1709 3906 ffa-

502 3963 639 4054 grabat,
673 3962 746 4032 aliis
777 3973 883 4032 scorta
925 3960 1094 4055 praebere,
1127 3960 1201 4030 aliis
1235 3984 1334 4030 canes
1359 3972 1458 4056 atque
1484 3985 1587 4056 equos
1613 3986 1711 4032 mer-

502 4088 584 4168 cari,
617 4098 781 4180 postremo
806 4109 916 4180 neque
940 4086 1086 4179 sumptui
1116 4107 1225 4178 neque
1251 4084 1418 4156 modestiae
1453 4109 1521 4157 sua
1554 4109 1710 4180 parcere,

503 4210 582 4280 dum
607 4210 681 4280 illos
705 4209 866 4280 ebnoxios
892 4210 1040 4303 fidosque
1065 4208 1129 4278 sibi
1154 4209 1286 4279 faceret.
1330 4211 1405 4280 Scio
1432 4211 1534 4281 fuisse
1558 4212 1712 4282 nonnul-

502 4336 565 4416 los,
592 4335 649 4426 qui
676 4335 720 4404 ita
746 4335 999 4414 existumarent,
1035 4334 1258 4415 iuventutem,
1289 4357 1363 4428 quae
1390 4334 1525 4405 demum
1552 4329 1713 4406 Catilinae

502 4458 749 4551 frequentabat,
775 4479 892 4550 parum
919 4457 1055 4528 honeste
1080 4459 1270 4551 pudicitiam
1293 4459 1461 4538 babuisse:
1488 4460 1545 4529 sed
1563 4484 1606 4529 ex
1635 4461 1714 4531 aliis

503 4583 602 4654 rebus
626 4583 750 4673 magis,
785 4605 884 4675 quam
911 4583 1000 4675 qued
1026 4582 1181 4676 cuiquam
1208 4585 1242 4653 id
1267 4595 1472 4677 compertum
1499 4585 1596 4666 foret,
1637 4585 1715 4660 lraer

504 4697 755 4782 tama'valebat.
