3610 5592
1067 596 1141 642 xxti

498 788 557 847 que
578 771 609 830 iu
628 775 750 847 portum
765 787 825 830 non
840 770 968 830 desidiae
986 775 1078 846 atque
1092 771 1220 845 inertia,
1242 772 1297 831 sed
1312 771 1435 831 honesti
1449 772 1505 832 otii
1524 777 1615 846 atque
1633 789 1699 830 mo-

497 877 597 937 derati
622 875 766 954 confugit.
807 876 871 937 lam
896 878 978 953 qnod
999 876 1149 937 Salustius
1179 877 1208 937 in
1237 895 1338 937 rerum
1364 880 1521 955 gestarum
1547 877 1700 948 memoria,

499 1001 588 1059 quam
614 983 744 1043 maximo
765 984 834 1044 usui
855 983 901 1043 rei
923 983 1053 1061 publicae
1075 1001 1146 1043 esse
1171 985 1288 1058 statuit,
1312 1002 1370 1059 qua
1392 983 1526 1062 egregiis
1547 983 1624 1042 viris
1646 1000 1700 1041 ar-

498 1089 604 1150 dorem
626 1090 777 1166 quendam
802 1090 842 1150 ad
862 1089 993 1167 gloriam
1022 1091 1051 1149 in
1076 1096 1204 1167 pectore
1226 1090 1353 1151 accendi
1381 1089 1544 1165 intellexit,
1568 1088 1698 1164 quinon

497 1197 585 1274 prius
605 1198 739 1272 sedetur,
762 1213 851 1273 quam
871 1197 985 1258 virtute
1007 1198 1154 1256 maiorum
1175 1197 1285 1257 lamam
1303 1201 1395 1272 atque
1409 1197 1540 1272 gloriam
1554 1197 1702 1270 adaequa-

499 1303 569 1379 rint,
591 1319 652 1364 non
671 1301 892 1381 Epicureorum
913 1321 998 1365 more
1020 1304 1121 1363 omnia
1142 1303 1301 1380 voluptate
1328 1307 1359 1364 et
1380 1307 1498 1379 quaestu
1520 1303 1621 1362 metiri
1642 1319 1704 1361 vo·

498 1409 565 1485 luit,
587 1410 644 1470 sed
665 1411 853 1471 conscientia
875 1411 972 1488 culpae
993 1412 1024 1471 in
1045 1427 1181 1470 errorem
1204 1427 1265 1470 non
1287 1410 1436 1484 inductus,
1464 1410 1619 1469 derebus
1641 1409 1704 1468 hu-

498 1516 596 1576 manis
619 1516 829 1594 incorruptum
850 1517 994 1577 iudicium
1016 1516 1090 1578 iecit
1111 1521 1142 1577 et
1164 1533 1292 1594 gravem
1310 1516 1463 1576 senatoris
1484 1516 1610 1575 Romani
1624 1533 1700 1592 per-

499 1638 604 1681 sonam
625 1623 775 1699 sustinuit,
796 1623 828 1682 id
851 1624 880 1682 in
901 1623 1024 1683 summis
1045 1625 1111 1684 eius
1132 1623 1274 1684 laudibus
1297 1639 1387 1701 pono.
1422 1621 1591 1682 ilistoriam
1612 1622 1702 1696 enim,

499 1731 610 1788 testem
638 1733 816 1806 temporum,
844 1730 942 1790 lucem
962 1731 1111 1806 veritatis,
1138 1732 1314 1808 magistram
1337 1731 1418 1804 vitas,
1448 1729 1583 1788 nuntiam
1611 1735 1705 1787 vetu-

500 1835 600 1911 statis,
623 1853 820 1913 corrumpere
841 1835 945 1911 noluit,
967 1837 1052 1897 cuius
1074 1838 1171 1914 prima
1192 1837 1243 1896 lex
1263 1840 1320 1910 est,
1349 1835 1482 1911 nequid
1504 1833 1577 1894 falsi
1597 1834 1706 1893 dicere

502 1943 623 2014 audeat,
646 1943 757 2003 deinde
779 1961 817 2003 no
838 1943 1000 2019 quidveri
1020 1959 1080 2002 non
1104 1943 1223 2018 audeat,
1246 1959 1283 2001 ne
1305 1959 1364 2017 qua
1384 1942 1521 2019 suspicio
1533 1942 1644 2018 gratim
1663 1941 1704 2000 sit

504 2048 731 2124 inscribendo,
763 2067 801 2108 ne
827 2066 887 2125 qua
913 2049 1084 2109 simultatis.
1107 2049 1251 2109 llistoriae
1278 2049 1372 2126 igitur
1392 2048 1512 2108 laudem
1540 2047 1708 2124 atque-di-

501 2155 647 2232 gnitatem
669 2155 817 2232 integram
839 2157 871 2214 et
891 2154 1067 2215 inviolatam
1088 2157 1235 2216 servavit.
1270 2154 1376 2231 Neque
1397 2155 1450 2216 ille
1474 2173 1509 2215 se
1527 2155 1638 2214 bonnm
1654 2153 1706 2212 vi-

501 2278 568 2321 rum
588 2261 751 2337 simulavit,
773 2261 829 2321 sed
850 2262 993 2321 censoria
1014 2260 1192 2322 severitatis
1214 2264 1287 2321 nota
1307 2277 1368 2321 non
1389 2261 1490 2322 aliena
1512 2261 1609 2337 magis
1631 2259 1708 2318 vitia

502 2384 591 2442 quam
618 2384 681 2428 suae
711 2367 808 2444 ipsius
835 2368 907 2426 vitae
932 2368 1046 2445 probra
1067 2340 1224 2428 damnavit
1249 2373 1280 2430 et
1300 2368 1414 2446 prioris
1435 2369 1508 2426 vitae
1530 2367 1709 2427 memoriam

501 2472 540 2533 iia
564 2473 733 2534 litterarum
755 2475 953 2534 monumentis
974 2475 1162 2548 obscuravit,
1188 2475 1218 2534 in
1240 2475 1350 2550 quibus
1372 2479 1404 2534 et
1424 2473 1542 2533 veteris
1563 2472 1708 2533 llomanae

501 2579 611 2656 lingum
633 2581 779 2640 maiestas
801 2583 833 2640 et
853 2582 958 2657 prisca
979 2581 1084 2641 iudicii
1105 2581 1258 2641 severitas
1280 2583 1366 2640 esset
1386 2595 1545 2656 expressa.

584 2685 625 2746 Et
646 2687 773 2763 primum
794 2687 916 2762 quidem
938 2687 1131 2747 hauddubie
1152 2688 1192 2746 ad
1213 2687 1454 2748 coniurationem
1467 2684 1608 2746 Catilinae
1625 2684 1706 2742 scri-

503 2793 632 2852 bendam
647 2793 776 2852 animum
793 2793 914 2867 adiecit,
936 2809 996 2852 non
1011 2793 1102 2854 modu
1120 2793 1202 2869 quod
1216 2793 1276 2854 boc
1290 2793 1407 2853 lacinus
1427 2793 1566 2870 inprimis
1588 2807 1708 2850 memo-

506 2899 605 2958 rabile
627 2915 699 2959 esse
720 2899 916 2975 existimavit,
945 2898 1073 2958 sceleris
1101 2901 1193 2975 utque
1214 2899 1343 2978 periculi
1371 2899 1518 2974 novitate,
1540 2899 1597 2958 sed
1626 2898 1709 2972 quod

503 3005 533 3065 ei
553 3005 641 3064 locus
666 3005 755 3065 datus
780 3022 850 3064 esse
875 3004 1039 3064 videbatur
1063 3006 1102 3064 de
1129 3006 1262 3065 moribus
1292 3005 1427 3064 civitatis
1455 3004 1639 3079 disserendi,
1669 3003 1710 3062 ad

504 3129 593 3187 quam
607 3128 672 3171 rem
687 3113 789 3171 studio
803 3112 945 3170 incitatus
962 3111 1122 3172 serebatur
1140 3129 1226 3171 more
1246 3112 1359 3188 ingenii
1374 3112 1506 3186 hnmani,
1528 3111 1619 3186 quod,
1642 3128 1710 3170 cum

505 3218 622 3278 erroris
644 3218 736 3278 taedio
759 3223 880 3294 captum
895 3223 952 3293 est,
974 3218 1013 3277 ad
1026 3218 1208 3296 cognitionis
1229 3222 1262 3278 et
1279 3218 1416 3278 scientiae
1431 3217 1628 3294 cupiditatem
1642 3220 1711 3276 tra-

503 3325 587 3384 bitur
611 3327 644 3384 et
668 3325 699 3384 in
720 3325 788 3385 veri
810 3324 1006 3399 inquisitione
1026 3327 1119 3399 atque
1140 3323 1380 3401 investigatione
1400 3324 1602 3399 conquiescit.
1645 3323 1711 3392 Qua

506 3431 626 3506 quidem
641 3432 672 3490 in
687 3448 721 3491 re
732 3449 871 3506 maguum
881 3431 1022 3490 historici
1033 3430 1186 3506 ingenium
1196 3446 1356 3506 agnoscas,
1372 3431 1431 3507 qui,
1447 3447 1573 3504 quorum
1587 3434 1711 3508 tempo-

503 3555 569 3598 rum
590 3538 659 3616 ipse
673 3537 800 3613 aequalis
820 3538 929 3612 iuerat,
948 3554 1052 3596 eorum
1067 3537 1242 3596 memoriam
1257 3538 1384 3614 primum
1400 3537 1514 3596 litteris
1529 3536 1709 3610 illustravit,

506 3643 659 3721 quippea
685 3645 793 3719 quibus
823 3643 919 3702 initiis
942 3644 1072 3704 omnium
1096 3661 1206 3718 rerum,
1234 3661 1302 3717 qnae
1327 3648 1439 3720 postea
1459 3643 1710 3718 insequebantur,

506 3767 607 3810 causa
629 3755 717 3809 erant
738 3750 922 3827 repetenda,
944 3750 1091 3825 cuiusque
1111 3750 1158 3808 rei
1179 3749 1355 3809 accuratior
1376 3750 1521 3826 cognitio,
1547 3767 1615 3808 cum
1638 3765 1711 3808 sce-

504 3856 728 3915 ratissimornm
743 3855 941 3916 consiliorum
957 3855 1059 3916 lentos
1074 3855 1256 3932 aperuisset,
1279 3854 1360 3914 eiad
1376 3855 1470 3914 totius
1486 3854 1626 3913 historiae
1641 3861 1712 3914 stn-

507 3961 589 4022 dium
616 3962 859 4040 amplectendum
887 3963 968 4020 viam
996 3963 1132 4021 munivit.
1174 3960 1235 4020 Sed
1265 3963 1297 4020 ut
1323 3959 1483 4020 Catilinam
1504 3961 1633 4037 primum
1656 3963 1712 4021 otii

506 4067 672 4128 Salustiani
690 4069 820 4128 fructum
842 4083 913 4126 esse
935 4069 1110 4143 statuamus,
1133 4067 1209 4127 iacit
1221 4068 1313 4127 etiam
1333 4067 1428 4145 ipsius
1446 4067 1596 4126 orationis
1612 4069 1710 4143 color,

505 4175 556 4250 qui
587 4174 709 4250 quidem
741 4191 800 4233 non
831 4173 964 4232 iuvenile
995 4172 1069 4248 quid
1100 4173 1206 4250 spirat,
1239 4173 1271 4232 id
1300 4175 1379 4233 enim
1405 4191 1423 4233 a
1452 4171 1583 4233 Salustii
1615 4179 1709 4233 aetate

504 4281 644 4357 alienum,
673 4281 730 4341 sed
762 4287 862 4340 tamen
892 4280 1053 4338 sententiis
1087 4281 1119 4338 et
1147 4279 1262 4354 liguris,
1294 4297 1360 4355 quaa
1390 4279 1573 4340 Salustianas
1601 4279 1711 4339 dicun-

504 4392 563 4462 tur,
595 4389 644 4446 est
675 4385 879 4445 ornatissima.
921 4383 1014 4451 Quem
1049 4385 1088 4443 ub
1121 4400 1185 4443 rem
1212 4384 1341 4444 similem
1368 4384 1447 4444 bunc
1480 4386 1591 4445 librum
1613 4386 1710 4445 Taciti

505 4493 660 4572 Agricolae
682 4491 808 4562 dixeris,
831 4506 890 4563 qno
914 4489 944 4546 in
966 4487 1072 4547 libello
1094 4493 1126 4549 et
1146 4491 1214 4567 ipso
1237 4491 1455 4550 sententiarum
1477 4499 1655 4552 ornamenta
1679 4503 1712 4552 et

505 4597 763 4659 conformationes
777 4595 883 4654 Tacito
906 4593 1038 4672 propriae
1052 4595 1210 4654 cumulata
1226 4599 1303 4655 sunt.
1338 4595 1497 4656 Catilinam
1518 4597 1599 4658 baud
1618 4598 1712 4657 dubie
