3526 5604
1263 641 1335 716 365

126 849 324 912 sustentatos
350 838 537 909 dictitarent
563 892 630 910 ...
656 842 756 911 Istam
783 840 999 932 ignominiam
1027 852 1061 910 ut
1086 842 1239 923 clevaret,
1270 839 1335 912 lrac

128 988 236 1056 genus
261 965 403 1035 convivii
430 965 589 1037 Romulus
624 964 824 1056 excogitavit
851 966 1123 1059 Brumaliumque
1146 967 1334 1059 appellavit.

128 1092 255 1160 Auctor
280 1099 329 1158 est
354 1087 502 1160 Licinius
527 1088 984 1190 doctissimuslliomanorum
1011 1089 1195 1160 historicus.
1238 1091 1337 1160 lean-

129 1237 182 1284 nes
209 1214 350 1284 Muluius
375 1214 540 1304 clrcnapr.
565 1212 626 1281 Vtt
638 1235 674 1304 p.
705 1210 774 1282 179
799 1235 845 1304 sq.
881 1213 986 1283 Dind.
1010 1215 1181 1284 Brumulia
1205 1216 1337 1306 lipsan-

129 1340 208 1408 tinis
220 1337 413 1407 Saturnalia
426 1351 517 1414 sunu·
533 1337 673 1406 numinis
686 1338 841 1428 anqinun
849 1339 990 1429 madunt
1002 1338 1166 1409 Martialis
1181 1335 1238 1418 13,
1254 1337 1286 1420 1,
1299 1337 1335 1410 4.

133 1461 347 1530 Tertullianus
373 1463 412 1530 de
436 1460 547 1529 idolol.
573 1459 629 1531 10.
739 1462 773 1531 6.
806 1462 942 1532 dunum
978 1472 1161 1532 vertentem
1187 1462 1337 1534 Licinius

130 1586 266 1677 quidem
292 1587 405 1656 Macar
430 1597 462 1654 et
487 1595 599 1676 postea
624 1584 812 1654 Fenestella
837 1585 945 1654 statim
974 1585 1016 1655 ab
1042 1586 1136 1656 initia
1162 1585 1337 1657 duodecim

130 1733 283 1780 mensum
324 1709 423 1779 finisse
457 1708 674 1800 scripserunt,
714 1708 771 1777 sed
811 1697 931 1800 magis
952 1710 1048 1778 lunio
1080 1709 1274 1782 Gracchana
1307 1720 1339 1780 et

45 1806 50 1820 ¹
131 1835 251 1906 Fulvio
277 1845 309 1903 et
329 1832 470 1904 Varroni
497 1844 528 1901 et
552 1832 709 1902 Suetonio
735 1832 875 1926 aliisque
901 1833 1117 1916 credendum,
1144 1834 1202 1930 qui
1223 1834 1337 1906 decem

133 1980 286 2028 mensum
323 1966 521 2049 putaverunt
560 1955 671 2025 luisse.
730 1956 917 2026 Censorinus
947 1959 985 2026 de
1014 1959 1066 2026 die
1096 1973 1162 2028 nat.
1197 1956 1263 2040 20,
1302 1961 1337 2028 2.

132 2084 277 2168 Quando
296 2094 408 2153 autem
428 2083 534 2175 primo
552 2082 781 2153 intercalatum
798 2081 841 2150 sit
857 2092 919 2151 etc.
938 2087 996 2174 cfr.
1014 2106 1112 2176 supra
1126 2108 1160 2176 p.
1175 2079 1258 2163 353,
1281 2079 1338 2154 14.

132 2211 166 2278 7.
196 2207 327 2286 Tatius,
362 2207 390 2276 si
416 2206 549 2278 Licinio
580 2206 706 2278 auctori
739 2205 922 2287 credimus,
960 2229 1069 2299 neque
1094 2230 1169 2278 cum
1197 2208 1339 2280 llomula

132 2355 244 2424 neque
277 2353 446 2400 sacrorum
479 2353 589 2412 eausa,
628 2331 686 2400 sed
717 2328 806 2398 solus
838 2330 1014 2400 Lavinium
1049 2333 1211 2424 proiectus
1241 2345 1274 2402 ct
1299 2357 1340 2405 eo

133 2456 268 2550 quidem
298 2454 437 2525 consilio
463 2465 498 2524 ut
523 2454 689 2524 laesorum
715 2453 843 2523 animus
872 2455 1022 2547 placaret
1046 2455 1176 2550 irasque
1202 2480 1340 2551 campo-

134 2591 238 2660 neret,
266 2580 458 2670 indignante
482 2578 695 2648 multitudine
721 2577 809 2670 quod
836 2577 926 2646 noxii
953 2600 1020 2648 noa
1047 2580 1184 2651 fuissent
1208 2581 1271 2651 sibi
1298 2605 1341 2652 ex

136 2705 269 2776 Romuli
295 2729 334 2776 ac
359 2713 493 2776 senatus
519 2703 681 2773 sententia
706 2701 819 2782 dediti,
846 2701 966 2772 deiude
994 2704 1238 2776 interfectorum
1261 2730 1340 2800 pro·

137 2831 268 2924 pinquis
305 2851 426 2919 magna
461 2848 601 2898 numera
634 2827 666 2895 in
700 2849 777 2895 eum
810 2823 1027 2908 irruentibus,
1066 2851 1140 2898 curu
1173 2830 1240 2900 iam
1273 2853 1340 2902 nou

137 2965 244 3046 posset
261 2953 409 3024 vindices
430 2973 547 3021 manus
566 2950 724 3040 elingere,
751 2948 913 3040 lapidibus
931 2949 1068 3021 obrutus
1086 2953 1219 3024 interiit.
1254 2956 1341 3026 Dio-

136 3079 245 3170 nysius
271 3078 377 3148 Halia.
405 3075 440 3156 2,
467 3073 527 3146 52.
629 3074 663 3143 8.
691 3072 839 3143 Licinius
866 3075 979 3146 Macer
1004 3076 1073 3146 iul
1099 3079 1236 3148 annali:
1273 3102 1340 3150 nan

136 3201 276 3271 minimo
290 3223 391 3293 opere
406 3198 525 3268 milites
539 3197 666 3289 quietes
680 3195 834 3266 volebant
847 3219 930 3266 osse.
961 3199 1145 3270 lliscianns
1158 3200 1193 3282 6,
1210 3199 1266 3283 11,
1281 3200 1340 3282 58.

137 3327 170 3396 9.
204 3326 303 3396 Venit
337 3324 438 3417 igitur
473 3321 672 3414 Tarquinius
705 3319 834 3390 Priscus
868 3331 930 3390 otc.
968 3345 1067 3415 supra
1097 3348 1132 3416 p.
1166 3323 1249 3409 307,
1284 3326 1340 3399 10.

139 3450 195 3520 10.
223 3447 425 3541 Triumphus
444 3446 575 3540 utrique
602 3445 729 3515 consuli
756 3444 797 3514 alr
823 3455 939 3515 senatu
959 3446 1159 3532 decernitur,
1185 3453 1342 3523 Menenio

137 3575 244 3645 maior
271 3587 303 3643 et
328 3572 498 3652 illustrior,
523 3622 561 3640 ..
590 3569 757 3640 Postumio
783 3569 894 3639 minor
911 3581 942 3640 et
963 3572 1111 3654 inferior,
1138 3597 1238 3667 quam
1260 3599 1343 3646 ova-

138 3701 262 3770 tionem
278 3698 403 3778 dicuut,
424 3749 462 3766 ..
490 3696 553 3767 hac
579 3716 713 3787 genero,
740 3705 776 3762 ut
797 3692 944 3764 Licinius
970 3695 1079 3778 tradit,
1105 3709 1173 3767 turn
1197 3700 1342 3791 primum

139 3847 158 3893 a
190 3835 307 3893 senatu
341 3821 536 3912 excogitato.
587 3816 707 3888 Differt
740 3827 850 3886 autem
886 3817 994 3888 ovatio
1027 3841 1046 3890 a
1081 3819 1249 3914 triumpha
1279 3833 1341 3893 ete.

138 3949 316 4039 Dionysius
337 3947 443 4016 Halia.
463 3943 497 4024 5,
518 3941 577 4014 47.
682 3940 738 4011 11.
765 3942 930 4034 Equidem
948 3966 966 4012 a
986 3945 1120 4014 Graecis
1136 3946 1342 4042 desumptam

139 4073 335 4142 dictaturam
369 4068 534 4146 existima,
568 4064 626 4135 sed
653 4065 799 4135 Licinius
829 4067 871 4136 alr
895 4068 1034 4138 Albanis
1067 4081 1239 4163 acceptam
1270 4095 1343 4142 ma-

139 4199 223 4277 vult,
262 4195 319 4288 qui
352 4192 452 4287 primi
484 4202 557 4283 post
583 4188 711 4260 Amulii
737 4189 984 4284 Numitorioque
1015 4192 1141 4264 obitum
1170 4193 1343 4266 deliciante

139 4325 240 4416 stirpe
273 4319 365 4410 regia
400 4316 609 4408 magistratus
636 4336 763 4382 annuos
789 4315 974 4385 creaveriut
1003 4338 1224 4409 concessaque
1249 4329 1344 4411 potc-

139 4459 219 4518 state
253 4444 345 4534 regia
379 4442 553 4511 dictatores
587 4437 841 4508 nominaverint.
890 4437 1066 4530 Dionysius
1092 4440 1197 4510 Halir.
1222 4439 1256 4523 5,
1284 4441 1343 4514 74.

145 4574 198 4640 12.
227 4564 408 4661 [esttecum
422 4561 607 4657 Regillum]
621 4561 945 4644 LiciniusetGellius
956 4573 1017 4632 ets.
1032 4587 1130 4656 supra
1138 4589 1172 4657 p.
1184 4562 1267 4645 307,
1287 4565 1345 4638 15.

145 4696 199 4764 13.
227 4695 264 4762 Τ.
290 4691 438 4782 Geganio
463 4687 632 4760 Macerino
656 4689 690 4754 P.
717 4687 865 4757 Minucio
886 4687 1077 4758 consulibus
1104 4699 1163 4757 etc.
1195 4712 1293 4780 supra
1309 4715 1344 4781 p.
