3610 5592
1312 660 1353 728 15

154 854 329 944 magnilica
363 855 470 946 magis
501 878 601 947 quam
631 856 735 926 oratio
768 878 841 927 mee
877 881 933 930 vos
967 857 1150 928 hortentur.
1202 859 1263 928 Vel
1290 861 1353 928 im-

156 989 303 1070 peratore
329 979 382 1048 vel
407 978 511 1048 milite
537 1003 589 1049 me
626 980 771 1062 utimini,
806 1006 915 1076 neque
940 983 1069 1053 animus
1101 1005 1207 1075 neque
1232 1005 1354 1075 corpus

154 1103 290 1174 anobis
314 1104 431 1176 aberit.
483 1105 564 1176 Haec
590 1105 681 1196 ipsa,
711 1119 748 1178 ut
783 1129 897 1200 spero,
932 1107 1101 1178 vobiscum
1135 1130 1204 1178 nna
1239 1109 1354 1179 consul
1430 1147 1434 1154 ·

153 1249 264 1317 agaim
291 1229 354 1299 nisi
372 1229 455 1299 lorte
479 1253 533 1298 me
553 1230 682 1300 animus
708 1231 806 1312 lallit,
832 1241 866 1299 et
890 1252 947 1300 vos
974 1231 1097 1300 servire
1122 1231 1229 1322 magis
1254 1255 1353 1325 quam

154 1352 316 1444 imperare
342 1354 446 1446 parati
471 1354 581 1424 estis.»

224 1497 297 1546 m.
348 1479 524 1571 Postquam
550 1501 709 1570 accepere
727 1501 765 1546 ea
783 1477 952 1561 homines,
977 1479 1098 1572 quibus
1114 1481 1202 1550 mala
1220 1480 1352 1551 abunde

151 1600 263 1670 omnia
288 1612 400 1681 eram,
435 1601 492 1672 sed
526 1625 636 1696 neque
666 1625 718 1672 res
751 1625 860 1695 neque
891 1625 966 1696 spes
990 1602 1078 1674 bona
1102 1605 1191 1685 ulla;
1224 1606 1352 1675 tametsi

152 1723 216 1794 illis
240 1725 354 1817 quieta
378 1749 512 1797 movere
539 1746 662 1816 magna
687 1748 813 1796 merces
838 1727 1031 1806 videbatur,
1061 1738 1172 1797 tamen
1205 1730 1353 1821 postula·-

151 1871 227 1918 vere
253 1849 423 1944 plerique,
449 1851 495 1920 uti
522 1861 739 1943 proponeret,
772 1873 848 1944 qua
873 1851 1025 1920 condicio
1049 1850 1129 1921 belli
1154 1852 1250 1934 loret,
1277 1877 1351 1947 qum

149 1973 287 2064 praemia
312 1975 415 2044 armis
438 1985 604 2066 peterent,
637 1975 717 2068 quid
750 1975 874 2068 ubique
898 1975 970 2068 opis
995 1985 1052 2045 aut
1085 1977 1155 2068 spei
1180 1976 1350 2048 baberent.
1417 1977 1421 2029 l

149 2098 231 2167 Tum
258 2097 401 2169 Catilina
426 2099 578 2192 polliceri
603 2100 730 2170 tabulas
755 2123 878 2182 novas,
905 2099 1176 2192 proscriptionem
1201 2102 1351 2194 locuple-
1416 2106 1419 2119 ’

148 2221 247 2302 timu,
272 2223 498 2314 magisuatus,
515 2222 712 2305 sacerdotia,
730 2225 879 2316 rapinas,
897 2224 963 2294 alia
981 2225 1110 2307 omnia,
1133 2247 1207 2318 quae
1224 2226 1350 2296 bellum
1423 2296 1424 2305 ,

147 2355 246 2439 atque
272 2347 388 2418 lubido
414 2349 575 2418 victorum
602 2347 676 2418 fert.
728 2349 891 2419 Praeterea
920 2371 992 2418 esse
1017 2349 1052 2418 in
1077 2349 1238 2440 Hispania
1269 2352 1351 2422 cite-
1423 2322 1425 2339 Ι

147 2469 233 2540 riore
254 2471 427 2554 Pisonem,
453 2473 487 2542 in
513 2473 718 2543 Mauretania
744 2495 820 2544 cum
846 2473 992 2546 exercitu
1016 2476 1052 2545 Ρ.
1080 2475 1211 2545 Sittium
1236 2476 1350 2546 Nuce-

147 2596 271 2676 rinum,
299 2596 430 2667 consilii
454 2597 506 2668 sui
522 2595 716 2690 participem
741 2607 852 2689 petere
878 2599 1085 2668 consulatum
1101 2599 1141 2668 G.
1158 2600 1348 2680 Antonium,

146 2743 244 2812 quem
269 2719 335 2790 sibi
360 2721 523 2812 wilegam
548 2719 618 2790 iore
643 2731 808 2811 speraret,
837 2721 1008 2793 bominem
1033 2733 1067 2792 et
1092 2723 1292 2794 familiarem
1318 2735 1350 2795 et

144 2846 299 2918 omnibus
322 2844 619 2916 necessitudinibus
643 2844 921 2916 circumventum:
949 2869 1023 2917 cnm
1049 2829 1091 2916 eo
1116 2869 1152 2916 se
1178 2847 1346 2918 consulem

145 2971 274 3041 initium
300 2971 422 3061 agendi
448 2971 623 3041 iacturum.
663 2969 715 3040 bd
732 2968 797 3040 hoc
820 2970 1003 3041 maledictis
1028 2971 1218 3063 increpabat
1241 2973 1348 3042 omnis

145 3094 267 3174 bonnas
301 3117 437 3166 suorum
461 3116 731 3188 unumquemque
763 3093 936 3164 nominans
963 3095 1114 3174 laudare;
1151 3095 1349 3166 admonebat

144 3219 244 3290 ulium
272 3219 442 3312 egestatis,
473 3219 577 3289 alium
603 3216 789 3309 cupiditatis
814 3238 900 3298 suae,
933 3219 1101 3311 conpluris
1125 3218 1265 3311 periculi
1292 3231 1348 3290 aut

144 3343 354 3435 ignominia,
381 3344 500 3413 multos
525 3341 670 3411 victorie
688 3341 850 3422 Sullana,
877 3341 997 3434 quibus
1019 3365 1058 3411 eu
1082 3344 1203 3434 praede
1229 3345 1346 3416 fuerat.

144 3467 320 3561 Postquam
345 3465 495 3536 omnium
520 3465 648 3536 animos
669 3465 793 3534 alacris
818 3465 924 3547 videt,
958 3466 1163 3545 cohortatus,
1199 3479 1235 3537 ut
1259 3468 1346 3559 peti-

143 3590 266 3661 tionem
291 3611 387 3660 suam
412 3612 500 3660 cure
525 3588 704 3670 baberent,
730 3599 929 3660 conventum
954 3590 1086 3660 dimisit.

213 3737 301 3785 xm.
352 3715 461 3784 Fuere
485 3737 526 3785 ea
550 3723 740 3806 tempestate
766 3715 823 3807 qui
848 3714 1009 3796 dicerent,
1045 3715 1241 3797 Catilinam,
1267 3739 1345 3787 ora-

143 3839 229 3909 tioue
268 3837 395 3918 babila,
438 3861 515 3910 oum
549 3839 591 3910 ad
624 3837 852 3909 iusiurandum
897 3839 1072 3931 populures
1111 3839 1245 3910 sceleris
1291 3841 1342 3913 sui

142 3962 303 4055 adigam,
338 3963 476 4034 humani
500 3963 647 4056 eorporis
671 3962 867 4053 sanguinem
896 3963 973 4033 vino
997 3963 1197 4055 permixtum
1223 3965 1257 4035 in
1283 3988 1344 4058 pa-

142 4089 217 4159 ten's
248 4088 508 4166 circumtulisser
545 4086 622 4157 inde
647 4109 722 4157 cum
757 4097 830 4180 post
853 4088 1097 4158 execrationem
1135 4111 1250 4158 omnes
1283 4090 1344 4161 de·

142 4213 373 4302 putruissent,
399 4211 496 4282 sicuti
521 4211 556 4280 in
582 4209 797 4282 sollemnibus
820 4210 922 4280 sacris
947 4210 1021 4282 lieri
1046 4211 1231 4296 consuevit,
1263 4235 1344 4306 apo-

140 4337 242 4406 ruisse
257 4335 436 4408 comilium
452 4357 570 4416 suum,
595 4345 695 4428 atque
721 4357 782 4416 eo,
807 4333 977 4416 dictitare,
1005 4335 1140 4418 iecisse,
1167 4360 1233 4430 quo
1258 4337 1342 4407 intur

140 4481 174 4530 sc
196 4462 306 4552 magis
331 4459 391 4530 lidi
417 4459 544 4538 iorem,
575 4459 660 4528 alius
686 4459 745 4528 alii
777 4458 858 4528 tanti
883 4459 1039 4529 facinoris
1064 4459 1199 4530 conscii.
1249 4463 1343 4532 Nou·

140 4585 220 4656 uulli
237 4584 315 4654 licta
340 4596 375 4654 et
399 4583 471 4652 baec
496 4595 528 4654 ct
553 4584 656 4653 multa
672 4592 830 4675 praeterea
857 4583 1098 4655 existumabant
1118 4585 1161 4654 ab
1186 4583 1257 4668 bis,
1284 4587 1341 4680 qui

141 4709 323 4780 Ciceronis·
341 4707 516 4787 invidiam,
555 4731 629 4800 qua
663 4718 774 4800 postea
811 4717 881 4778 orta
921 4719 989 4790 est,
1028 4709 1126 4778 leniri
1164 4709 1342 4780 credebant
