3554 5600
1293 641 1363 708 239

148 832 293 927 hospitis
311 834 447 905 domum
465 833 620 905 violasse.
655 836 715 906 66.
740 836 891 905 Insolens
909 859 988 906 vero
1006 836 1204 929 accipiundi.
1240 840 1299 909 61.
1318 840 1366 908 116

147 970 266 1051 sperat
291 958 386 1028 illam
418 980 566 1051 pugnam
602 981 663 1052 pro
695 960 807 1030 omine
833 961 913 1030 belli
940 961 1096 1031 loturam.
1146 963 1205 1033 62.
1240 963 1365 1032 Rursus

148 1082 302 1152 iumenta
328 1083 415 1152 nacti
441 1083 485 1153 ad
511 1082 671 1176 oppidum
697 1084 746 1153 ire
764 1083 978 1154 contendunt.
1022 1085 1080 1156 63.
1108 1086 1246 1157 Aridior
1266 1086 1365 1157 modo

148 1207 354 1302 properandi
373 1209 489 1278 lactus.
532 1207 592 1278 66.
618 1209 747 1278 Anxius
772 1208 875 1278 animi
893 1220 992 1300 atque
1020 1208 1175 1280 incertus.
1215 1211 1366 1281 66161-

148 1345 269 1425 potens
295 1343 329 1401 et
353 1331 478 1402 nimius
504 1331 607 1401 animi
635 1343 696 1401 est.
742 1333 803 1402 66.
834 1333 944 1424 Atque
970 1333 1059 1404 edita
1085 1333 1234 1426 undique
1260 1334 1364 1405 tribus

148 1467 262 1526 166166
297 1478 374 1526 cum
414 1456 519 1526 muris
557 1466 589 1524 61
615 1454 745 1547 magnis
771 1456 929 1526 turribus.
993 1459 1053 1528 67.
1089 1459 1230 1528 Consilii
1261 1481 1363 1550 ager.

150 1580 213 1650 68.
238 1579 345 1672 Equis
370 1579 464 1672 paria
489 1579 694 1672 operimenta
721 1590 827 1659 erant,
862 1603 936 1672 quae
963 1581 1063 1650 lintea
1090 1581 1207 1651 terreis
1233 1583 1364 1652 laminis

150 1704 184 1772 in
211 1704 349 1775 modom
376 1707 499 1799 plumae
533 1705 771 1776 adnexuerant.
816 1706 875 1775 69.
909 1708 953 1776 Et
977 1708 1203 1800 sequebantur
1235 1709 1364 1802 equites

149 1827 367 1921 cataphracti.
412 1832 471 1898 76.
503 1829 610 1898 Simul
636 1851 693 1898 eos
720 1841 752 1898 et
777 1840 912 1899 cunctos
938 1830 1004 1899 iam
1031 1831 1205 1901 inclinatos
1230 1833 1364 1902 laxitate

151 1953 216 2021 loci
248 1953 362 2045 plures
393 1952 545 2023 cobortes
579 1962 680 2045 atque
710 1975 827 2022 omnes
861 1963 897 2023 ut
929 1953 963 2023 in
997 1954 1144 2025 secunda
1177 1979 1213 2025 re
1239 1956 1364 2045 pariter

149 2099 245 2146 acres
262 2075 434 2146 invadunt.
479 2077 539 2146 71.
566 2076 698 2146 Pluteos
715 2075 876 2146 rescindit
893 2099 932 2146 ac
957 2078 1158 2148 munitiones
1184 2079 1364 2150 demolitur

152 2201 295 2292 locoque
331 2223 462 2270 summo
494 2200 626 2293 potitur.
677 2202 736 2270 72.
772 2200 884 2271 Clausi
920 2200 1080 2271 lateribus
1118 2203 1193 2272 altis
1231 2205 1362 2297 pedem.

152 2326 211 2397 73.
239 2328 289 2396 116
314 2338 422 2396 castra
448 2327 519 2395 sine
546 2326 681 2396 volnere
702 2326 886 2396 introitum.
931 2328 990 2397 76.
1017 2327 1154 2398 Crassus
1174 2330 1363 2399 obtrectans

150 2452 259 2544 potius
294 2452 442 2542 conlegae
478 2473 579 2543 quam
613 2449 693 2519 boni
723 2461 780 2520 aut
811 2451 891 2520 mali
926 2451 1051 2544 publici
1078 2453 1188 2542 gravis
1215 2464 1361 2522 exactor.

152 2576 211 2646 75.
240 2576 435 2646 Sestertium
462 2575 572 2644 tricies
598 2574 727 2667 pepigit
752 2598 773 2643 a
798 2575 838 2644 G.
857 2573 988 2644 Pisone.
1029 2577 1087 2646 76.
1115 2576 1181 2660 Qui
1208 2577 1361 2669 proxumi

151 2700 223 2770 loca
250 2699 395 2768 bostium
422 2708 530 2768 erant.
573 2701 632 2767 77.
660 2696 726 2780 Qui
752 2709 912 2790 praetores
938 2698 1064 2769 lacibus
1090 2699 1151 2770 sibi
1176 2701 1362 2793 praeluccn-

151 2837 198 2892 tes
215 2823 386 2893 ambustas
405 2823 439 2890 in
456 2823 550 2890 tectis
568 2822 640 2891 sine
658 2844 738 2890 cura
761 2821 980 2913 reliquerunt.
1024 2822 1082 2891 78.
1110 2822 1234 2892 Stolide
1256 2837 1361 2894 castra

151 2951 358 3038 subgressus.
402 2951 461 3018 79.
491 2949 596 3042 Sapor
622 2946 712 3017 iuxta
739 2948 837 3017 sontis
864 2947 1093 3018 dulcissumos.
1134 2949 1192 3018 86.
1218 2951 1254 3019 16
1279 2951 1361 3021 silva

152 3073 219 3142 Sila
247 3073 392 3142 luerunt.
433 3073 492 3142 81.
520 3074 561 3141 86
587 3072 724 3164 regibus
750 3071 912 3141 devovent
938 3083 1068 3165 etpost
1094 3072 1167 3142 illos
1188 3073 1287 3143 vitam
1306 3099 1362 3144 re-

152 3197 276 3275 lutant;
303 3197 388 3266 adeo
408 3197 476 3266 illis
489 3195 637 3286 ingenita
651 3205 699 3263 est
713 3194 869 3264 sanctitas
887 3195 971 3286 regii
987 3196 1141 3265 nominis.
1186 3197 1244 3268 82.
1263 3199 1360 3292 Apud

151 3343 198 3401 66.
219 3341 295 3402 lion.
316 3341 357 3400 66
377 3341 473 3401 Andr.
496 3345 524 3400 5.
546 3342 574 3399 6.
597 3343 624 3400 6.
667 3342 713 3400 61.
736 3340 823 3401 Serv.
837 3343 875 3400 ad
900 3341 968 3402 Aen
993 3345 1018 3400 1.
1031 3344 1100 3403 656.
1123 3344 1204 3403 idom
1227 3341 1273 3405 to.
1289 3347 1360 3404 311.

148 3465 203 3524 pro
230 3451 308 3508 omni
331 3447 405 3507 bello
436 3447 523 3508 Serv.
552 3448 627 3507 Aoo.
653 3465 672 3504 1.
698 3448 769 3507 656.
799 3448 921 3508 varians
949 3447 1051 3508 lectio.
1091 3450 1155 3510 ’62
1182 3449 1257 3511 Non.
1286 3452 1355 3511 258.

152 3557 198 3615 26.
249 3557 298 3616 63.
320 3556 429 3616 Arrun.
459 3572 482 3614 s.
509 3571 537 3612 v.
566 3553 639 3613 6616.
673 3570 700 3629 p.
727 3553 796 3612 210.
850 3555 898 3613 66.
927 3553 1008 3614 idem
1036 3572 1059 3614 ι.
1089 3572 1118 3614 v.
1144 3573 1215 3616 666.
1239 3573 1269 3634 p.
1291 3557 1360 3617 216.

152 3664 200 3722 65.
224 3663 305 3722 idem
327 3680 353 3722 s.
374 3679 403 3720 v.
424 3665 490 3720 6116.
506 3678 534 3737 p.
556 3661 625 3720 269.
668 3660 715 3718 66.
739 3659 812 3718 non.
834 3661 874 3720 66
889 3660 985 3719 Andr.
1004 3666 1029 3719 1.
1046 3664 1074 3720 1.
1089 3663 1137 3721 67.
1179 3663 1227 3722 67.
1250 3663 1359 3725 Arrun.

151 3787 179 3846 p.
204 3771 274 3829 222.
302 3787 325 3828 6.
347 3784 485 3845 66961.
533 3768 580 3826 68.
602 3765 688 3825 Serv.
715 3765 755 3824 ad
776 3765 853 3824 Aen.
877 3769 924 3825 11.
948 3768 1015 3826 776.
1062 3768 1110 3827 69.
1130 3767 1214 3828 Idam
1236 3768 1360 3829 ibidem.

153 3876 199 3934 to.
221 3874 299 3935 Non.
323 3877 391 3935 132.
413 3877 462 3935 22.
484 3875 594 3934 1661166
615 3879 644 3932 61
665 3872 722 3931 loct
736 3872 840 3948 lectio,
862 3871 1153 3946 166116166161616.
1178 3875 1259 3935 idem
1273 3893 1359 3936 acret

153 3997 208 4058 pro
231 3999 310 4059 nere,
333 3984 417 4059 quod
437 3983 470 4042 in
490 3981 585 4041 libris
606 3985 663 4041 ost.
707 3981 755 4040 71.
778 3978 859 4038 idem
876 3980 925 4039 95.
941 3979 989 4038 22.
1033 3982 1080 4039 72.
1101 3980 1209 4040 Arrus.
1228 3999 1251 4041 s.
1265 3999 1293 4040 v.
1310 3982 1359 4041 61-

152 4094 195 4148 toa
216 4105 247 4166 p.
269 4091 339 4148 215.
389 4089 538 4149 761666
565 4105 590 4147 s.
612 4104 641 4145 v.
663 4089 771 4145 6116611.
802 4101 830 4162 p.
853 4087 921 4145 263.
971 4085 1121 4146 761666
1149 4088 1358 4148 66666661.

151 4211 178 4271 p.
201 4197 269 4255 256.
321 4198 368 4256 75.
392 4197 472 4257 idem
498 4213 525 4255 s.
551 4215 579 4254 v.
601 4211 668 4270 pac.
694 4211 723 4270 p.
746 4195 814 4252 252.
862 4194 909 4253 76.
931 4192 1013 4252 idem
1036 4209 1060 4252 s.
1082 4210 1110 4250 v.
1127 4209 1217 4269 prom
1238 4211 1267 4270 p.
1289 4196 1358 4254 252.

153 4303 197 4358 77.
220 4302 300 4361 idem
323 4320 347 4360 s.
371 4321 398 4360 v.
415 4301 500 4377 prul.
519 4319 550 4379 p.
572 4303 639 4361 256.
662 4301 750 4359 locus
767 4301 945 4375 corruptus;
969 4316 1038 4358 num
1060 4299 1288 4376 corrigendum:
1310 4305 1359 4378 qm·

150 4415 337 4480 6616616166
370 4407 449 4478 (nive
472 4425 585 4484 pueros
613 4443 652 4454 —
682 4407 828 4466 ambustos
858 4409 916 4465 616.
966 4407 1013 4465 78.
1043 4406 1124 4466 idem
1151 4423 1175 4466 s.
1203 4424 1233 4466 v.
1260 4408 1357 4484 66696.

152 4531 179 4590 p.
200 4517 267 4574 222.
318 4518 365 4575 76.
387 4515 468 4576 idem
494 4533 517 4574 s.
540 4534 569 4574 v.
591 4531 682 4591 ceper
706 4531 735 4592 p.
758 4515 826 4575 262.
869 4516 917 4574 86.
939 4513 1026 4574 Serv.
1054 4514 1093 4573 ad
1115 4514 1191 4574 Aen.
1220 4516 1266 4573 12.
1288 4517 1356 4574 715.
1467 4576 1470 4587 ,

153 4621 199 4680 81.
220 4621 308 4682 Serv.
327 4621 361 4680 6.
384 4625 412 4682 t.
433 4624 502 4682 218.
525 4625 593 4682 211.
616 4622 682 4681 666
697 4621 1359 4698 616666166616666666661666166666

155 4727 300 4789 videntur.
343 4731 390 4789 82.
411 4729 546 4807 Philarg.
567 4729 598 4788 in
620 4727 654 4787 6.
676 4731 704 4787 6.
727 4730 774 4787 69.
