3702 5600
401 597 473 666 5⁰2

399 793 621 871 propositione
641 793 678 852 ao
698 793 818 852 incuria
833 791 954 852 librarii
973 793 1098 854 omissa.
1120 792 1181 852 etsi
1203 793 1284 852 eninr
1296 792 1438 866 dmm,
1460 793 1514 851 ubi
1529 793 1612 850 iden

401 899 483 975 qnod
496 897 643 958 dissimilia
658 897 823 976 significat,
843 915 911 958 cum
924 897 1031 959 dativo
1053 903 1092 972 et,
1116 900 1198 974 qood
1220 898 1375 958 nonnullis
1395 898 1521 975 placuit,
1544 914 1613 957 cum

400 1005 539 1066 ablativo
562 1005 756 1082 coniungitur
776 1005 832 1064 clr.
853 1005 934 1065 Vell.
949 1025 981 1065 n.
996 1009 1043 1066 to.
1065 1007 1183 1066 diverso
1199 1005 1390 1081 presentibus
1411 1014 1441 1066 ct
1458 1008 1613 1065 conborto

403 1114 585 1188 exspectatis,
617 1109 676 1170 boc
704 1116 804 1170 minen
829 1112 909 1187 loco,
940 1113 992 1172 ubi
1022 1113 1135 1190 singuli
1167 1118 1199 1172 et
1227 1113 1358 1172 seiuncti
1387 1110 1611 1187 intelliguntur,

402 1219 582 1298 praepositio
603 1218 694 1295 plane
716 1219 815 1278 omitti
836 1236 895 1278 non
918 1223 1032 1296 potest,
1055 1237 1143 1296 quarn
1162 1223 1195 1278 et
1209 1221 1359 1278 orationis
1373 1218 1490 1278 Latine.
1505 1235 1612 1277 norma

403 1334 437 1388 et
457 1327 584 1387 Salustii
602 1328 791 1387 consuetudo
813 1329 957 1405 postulat.
979 1347 1043 1388 ccam
1061 1332 1165 1403 poncia
1185 1329 1285 1388 dietae
1304 1328 1376 1388 Bas.
1398 1327 1479 1403 quod
1498 1323 1612 1400 aliquis

403 1437 623 1512 transpositum
642 1436 800 1495 existimet
817 1439 849 1494 et
868 1436 907 1495 ad
923 1438 1084 1512 sequentia
1098 1437 1203 1513 infecto
1218 1440 1350 1496 coercito
1363 1435 1475 1494 trahat.
1490 1436 1523 1492 et
1544 1437 1614 1491 sunt

405 1543 541 1616 quedam
562 1547 683 1619 puncta,
704 1559 771 1618 quea
792 1543 824 1602 id
845 1543 978 1602 suadere
999 1543 1151 1602 videntur.
1192 1542 1298 1618 Neque
1318 1543 1380 1602 lnoc
1401 1546 1451 1602 est
1471 1542 1612 1600 diffiten-

405 1649 487 1722 dum,
527 1666 593 1707 cum
622 1647 777 1707 ablativus
811 1650 1029 1724 antecesserit,
1066 1650 1226 1709 commodo
1255 1649 1505 1725 praepositionem
1541 1647 1613 1723 poni

404 1755 554 1831 potuisse,
579 1756 750 1832 prasertim
782 1771 848 1814 cunr
880 1757 912 1814 et
939 1754 1018 1814 alias
1047 1755 1200 1815 Salustius
1228 1757 1341 1833 saepius
1363 1755 1614 1832 praepositiooern

406 1861 565 1921 adiecerit.
588 1877 612 1919 c.
630 1862 671 1920 ts
691 1865 754 1936 ipae
770 1863 893 1936 proptor
913 1868 1032 1920 montem
1053 1879 1116 1920 octor
1138 1865 1215 1920 omni
1235 1866 1377 1939 equitum
1396 1859 1477 1919 inira
1500 1861 1532 1920 C.
1547 1859 1614 1918 llo-

406 1971 471 2026 rtac
489 1985 552 2027 can
567 1968 722 2044 eponae·
745 1968 812 2027 1⁰0.
832 1969 914 2028 Salio
931 1986 994 2028 con
1009 1972 1135 2047 equitatu
1149 1969 1226 2043 opud
1244 1968 1413 2042 tenone,-
1433 1984 1458 2026 c.
1472 1969 1520 2026 2⁰.
1540 1967 1614 2038 fines

407 2077 470 2134 ciac
491 2092 554 2134 com
575 2092 681 2152 mopoo
699 2091 787 2135 mona
807 2076 917 2135 incedit
935 2078 968 2135 et
994 2076 1014 2134 l.
1036 2075 1054 2134 l.
1080 2093 1144 2135 caan
1168 2077 1349 2150 precatorio
1373 2091 1472 2133 mono.
1507 2073 1615 2148 Neque

407 2197 432 2240 c.
448 2183 495 2240 38.
520 2182 722 2259 ,intempesta
741 2185 832 2242 nocte
854 2183 893 2242 de
918 2181 1086 2258 improviso
1108 2180 1300 2242 multitudine
1322 2181 1516 2242 Numidarum
1541 2178 1615 2238 Auli

407 2293 510 2347 castra
540 2284 768 2364 circumvenit,“
812 2290 999 2348 contrarium
1032 2290 1240 2366 comprobant.
1274 2290 1318 2348 ibi
1347 2289 1427 2348 enim
1461 2288 1615 2348 ablativus

407 2393 650 2455 instrumentalis
673 2400 736 2470 est,
764 2403 795 2456 et
815 2396 914 2456 minus
942 2398 1033 2457 etiarn
1056 2396 1138 2472 quod
1162 2413 1233 2455 mox
1254 2397 1401 2472 sequitur,
1428 2400 1536 2454 noento
1560 2411 1616 2471 op-

407 2503 482 2559 tninc
501 2502 648 2578 accedere,
669 2503 724 2562 ubi
745 2504 875 2563 modalis
897 2507 954 2563 cst.
982 2503 1028 2562 lte
1045 2503 1133 2562 vario
1151 2503 1371 2562 historicorum
1393 2519 1451 2561 usu
1472 2501 1617 2578 exposuit

407 2604 530 2687 liniger
551 2608 602 2668 Gr.
623 2608 688 2668 Lat.
712 2627 742 2686 p.
765 2612 833 2670 506.
852 2609 939 2669 Anm.
962 2613 988 2670 2.
1022 2609 1083 2668 Sed
1105 2609 1253 2670 hocloco
1274 2611 1523 2687 prepositionem
1547 2611 1618 2666 ante

407 2716 514 2773 intecto
523 2721 551 2774 et
560 2716 666 2792 infecto
675 2719 807 2776 caedat
814 2717 986 2776 restitutam
996 2717 1097 2775 velim.
1107 2717 1178 2776 Lotc
1186 2717 1353 2792 explorare.
1374 2715 1539 2776 Omototllo
1547 2714 1615 2772 Bas.

409 2821 490 2896 quod
504 2824 643 2896 quamvis
657 2823 736 2882 terri
749 2840 844 2898 posse
859 2824 1010 2898 videatur,
1031 2826 1134 2882 tamen
1148 2839 1167 2882 a
1181 2824 1308 2901 vulgato
1323 2825 1431 2883 ordine
1452 2841 1512 2883 non
1528 2839 1617 2881 rece-

409 2925 541 2988 dendum
555 2945 627 2988 esse
640 2935 723 3006 puto.
745 2936 882 3006 temptare
893 2948 999 2991 omnes
1012 2930 1096 3006 libri,
1111 2931 1305 3006 quaesivere
1320 2931 1413 2991 lectio
1429 2935 1486 3004 est,
1502 2947 1563 2989 non
1579 2929 1618 2988 ad

408 3033 563 3094 lletellum
585 3035 643 3094 sed
663 3035 703 3093 ad
723 3035 831 3096 hostes
853 3036 996 3096 retertur.
1018 3038 1101 3112 quod
1114 3055 1183 3096 uum
1204 3039 1271 3097 lieri
1287 3040 1397 3116 possit,
1419 3037 1544 3097 multum
1559 3035 1617 3094 du·

409 3137 570 3198 bitationis
604 3141 702 3200 movit
731 3141 961 3218 interpretibus.
998 3140 1122 3202 fuorunt
1147 3143 1200 3217 qui
1234 3145 1319 3220 cipeto
1348 3143 1518 3202 subiectum
1549 3159 1619 3202 esse

410 3249 589 3320 statuerent,
611 3248 694 3321 quod
716 3248 838 3324 quidem
859 3253 1028 3309 monstrum
1045 3253 1129 3326 puto.
1166 3249 1229 3308 lam
1254 3251 1425 3310 subiectum
1448 3250 1619 3308 accusativi

410 3369 477 3412 cum
497 3355 647 3415 infinitivo
662 3358 813 3430 omittere,
837 3357 889 3417 ubi
909 3375 948 3416 ex
967 3358 1222 3418 antecedentibus
1239 3358 1331 3418 facile
1349 3359 1517 3436 suppletur,
1539 3357 1620 3434 apud

410 3457 575 3522 Salustium
611 3463 688 3521 satis
724 3462 878 3538 frequens.
910 3462 966 3524 cir.
1000 3462 1021 3523 l.
1054 3467 1117 3539 lt,
1154 3465 1239 3524 iubet
1276 3464 1460 3523 trumentum
1492 3468 1525 3523 et
1559 3464 1620 3523 alia

411 3573 605 3646 comportare
636 3570 701 3631 Cat.
727 3573 774 3631 16.
802 3572 893 3632 iidem
922 3573 1062 3633 tomunas
1087 3574 1227 3650 pericula
1252 3574 1325 3633 vilia
1352 3574 1469 3632 babere
1512 3607 1524 3615 -
1551 3575 1622 3649 post

410 3675 528 3734 maiora
546 3677 609 3738 alia
628 3680 811 3757 imperabat,
834 3680 856 3740 1.
871 3683 919 3742 99.
941 3698 980 3741 na
999 3682 1087 3758 signa
1102 3681 1233 3756 quidem,
1256 3682 1300 3740 uti
1321 3700 1377 3759 per
1393 3681 1516 3757 vigilias
1534 3681 1621 3740 sole·

411 3783 492 3858 bant,
515 3787 740 3846 canere-iubet.
776 3787 840 3848 lam
860 3793 970 3848 nostro
992 3790 1062 3847 loco
1085 3789 1113 3846 in
1135 3790 1389 3848 antecedentibus
1413 3789 1527 3848 dictum
1546 3791 1622 3859 erat,

407 3895 521 3965 pariter
541 3909 577 3951 oc
598 3893 735 3952 attestor
749 3896 885 3954 odeacem
903 3899 935 3954 et
957 3896 1010 3955 illa
1030 3895 1199 3955 deditionis
1222 3897 1311 3972 signa
1333 3900 1364 3954 et
1379 3895 1448 3970 ipsa
1463 3893 1502 3953 ab
1518 3893 1621 3953 hosti-

411 4000 469 4059 bus
490 3998 571 4060 facta
594 4005 696 4076 erant;
730 4001 835 4077 quidni
864 4002 960 4080 igitur
979 4003 1040 4062 boo
1060 4003 1241 4062 vocabulum
1263 4004 1428 4076 omitteret,
1449 4017 1528 4074 cunr,
1556 4015 1623 4073 quae

412 4107 509 4166 totius
531 4109 692 4168 sententie
723 4113 773 4168 est
801 4111 891 4184 ratio,
923 4111 1045 4169 nonnisi
1071 4111 1110 4169 ad
1136 4110 1246 4169 hostes
1268 4109 1380 4168 reterri
1404 4109 1511 4184 possit.
1552 4105 1624 4183 lpse

413 4214 492 4272 enirn
504 4211 659 4290 Metellus,
683 4231 751 4274 cum
766 4216 798 4274 in
813 4215 947 4276 bostium
961 4216 1071 4276 linibus
1085 4215 1280 4292 procederet,
1300 4215 1341 4274 iis
1357 4214 1487 4274 insidias
1500 4218 1625 4272 sunere

412 4335 472 4378 nou
493 4320 601 4396 potuit.

492 4440 516 4482 c.
539 4427 586 4483 ti.
621 4428 698 4502 lopo
721 4427 778 4486 sed
799 4445 831 4486 cc
852 4427 910 4504 spl.
933 4427 1001 4487 Par.
1023 4433 1230 4502 oportmntotec
1251 4428 1321 4488 Bas.
1344 4425 1429 4486 leid
1450 4423 1533 4485 llius.
1553 4425 1625 4484 Tur.

412 4536 613 4606 oportunitatis
634 4533 703 4592 Par.
722 4540 907 4593 commeatum
928 4551 1034 4593 omnes
1056 4535 1123 4594 iere
1143 4535 1223 4594 libri.
1246 4535 1301 4594 sed
1323 4534 1353 4593 in
1375 4533 1446 4593 Bas.
1466 4539 1626 4592 commenta

412 4654 480 4697 curn
501 4639 613 4698 lineola
635 4641 818 4700 recetttioris
840 4642 1011 4714 atramenti,
1042 4647 1074 4700 nt
1097 4641 1226 4700 videtur.
1256 4643 1465 4716 oportunitates
1487 4639 1571 4715 quod
1594 4639 1625 4698 ia
