3702 5600
450 621 523 690 1482

448 818 552 892 quitur
572 817 650 877 enirn
681 833 752 877 mox
780 816 864 876 aliud
892 819 1063 895 exemplum
1085 835 1153 878 cnm
1174 819 1320 896 genitivo.
1362 820 1435 880 ’lum
1458 819 1540 898 apud
1562 821 1658 899 ipsum

446 925 611 1003 Virgilium
633 924 736 984 multis
758 925 787 983 in
814 924 905 984 libris
927 923 1040 1001 legitur
1065 925 1145 986 olem.
1186 923 1226 984 llt
1255 927 1390 986 dativum
1417 927 1520 987 locum
1540 927 1658 988 bebere

445 1049 540 1110 posse
561 1032 669 1092 statuit
690 1031 876 1109 Wagnerus,
906 1031 957 1107 qui
979 1032 1084 1092 laudat
1105 1031 1215 1092 Lucan.
1242 1051 1283 1092 rx.
1306 1035 1374 1093 696.
1400 1034 1538 1109 ,sterilis
1565 1034 1658 1094 tellus

444 1137 636 1213 secundaque
657 1137 732 1197 nulli
753 1154 830 1196 arva
850 1131 958 1197 bono.“
983 1135 1037 1196 Sil.
1058 1157 1089 1196 n.
1112 1139 1181 1198 698.
1204 1138 1365 1198 secundum
1385 1139 1416 1198 in
1435 1138 1578 1200 66666666
1599 1140 1657 1200 be-

446 1247 557 1306 minum
571 1263 679 1324 genus.
715 1246 796 1306 Plin.
810 1264 842 1304 n.
858 1248 905 1306 78.
930 1249 1065 1320 ,mactus
1079 1247 1194 1306 fertilis
1211 1246 1251 1306 ad
1265 1241 1394 1307 omnia“.
1416 1246 1593 1308 Laudsrunt
1605 1247 1656 1306 alii

445 1353 695 1415 1766666621.
718 1355 902 1415 uberrimum
923 1355 1088 1432 gignendis
1110 1355 1178 1414 uvis
1193 1355 1292 1415 solum
1314 1359 1372 1415 est.
1400 1356 1481 1430 quod
1504 1355 1655 1430 quomedo

443 1475 501 1536 pro
523 1460 662 1521 ablativo
684 1461 793 1521 baberi
814 1461 923 1538 possit,
945 1460 1088 1536 equidem
1109 1477 1169 1520 non
1192 1460 1341 1537 intelligo.
1364 1462 1396 1520 66
1416 1462 1557 1537 quamvis
1577 1461 1656 1540 apud

443 1565 635 1625 76666661.
651 1585 715 1625 666.
731 1567 779 1624 67.
803 1566 930 1642 ,flumen
948 1565 1102 1642 gignendo
1124 1565 1191 1626 sale
1207 1559 1386 1626 secundum“
1401 1566 1533 1642 legatur,
1555 1571 1655 1626 166666

442 1673 642 1734 6616666666
668 1691 725 1750 per
750 1674 958 1733 coniecturam
984 1691 1002 1732 a
1023 1673 1192 1734 Puteolano
1221 1674 1395 1734 restitutum
1424 1677 1481 1734 est
1524 1673 1655 1734 Accedit

443 1781 549 1841 lustin.
570 1799 640 1840 xum.
663 1783 689 1838 1.
711 1783 739 1840 t.
763 1781 793 1839 in
820 1779 921 1839 omnia
946 1795 1062 1856 genera
1090 1779 1210 1856 frugum
1237 1777 1369 1838 leounda
1394 1783 1444 1839 est
1465 1775 1652 1857 (Hispania).

442 1887 514 1957 Quae
536 1888 660 1962 quidem
680 1887 750 1947 loca
771 1887 804 1946 id
825 1887 1045 1962 demonstrant,
1070 1889 1255 1946 structuram
1280 1905 1348 1946 cum
1370 1886 1476 1946 dativo
1499 1888 1539 1946 ab
1565 1889 1653 1965 inge·

442 1997 501 2056 niis
528 1995 703 2056 Latinorum
729 2013 787 2056 non
815 1996 945 2055 alienam
975 1993 1082 2055 luisse.
1125 1993 1165 2055 ut
1194 1995 1255 2054 boc
1283 1995 1406 2070 quidem
1436 1995 1469 2054 in
1497 1993 1653 2054 adiectiro

441 2103 613 2181 infecundus
634 2103 756 2164 facilius
779 2105 870 2163 etiem
892 2104 959 2162 lieri
980 2102 1089 2180 potuit,
1119 2101 1202 2177 quod
1223 2101 1316 2177 vulgo
1341 2101 1486 2162 absolute
1520 2101 1652 2179 ponitur.

442 2209 503 2268 lem
521 2211 648 2286 cogites,
670 2225 784 2285 quaeso,
808 2209 950 2284 quotiens
966 2208 1089 2267 Tacitus
1110 2207 1283 2280 adiectiviS,
1306 2206 1518 2283 substantivis,
1539 2207 1652 2282 verbis,

441 2313 575 2374 dativum
596 2315 736 2391 iunxerit,
758 2333 825 2391 qnae
846 2315 927 2392 apud
947 2315 1062 2374 nullum
1083 2313 1175 2372 alium
1197 2313 1379 2390 scriptorem
1400 2313 1447 2371 sic
1462 2315 1650 2373 construun-

440 2423 504 2497 tur;
527 2439 623 2498 pauca
646 2421 791 2482 laudasse
814 2422 892 2481 satis
914 2421 982 2481 erit.
1004 2420 1032 2479 b.
1049 2423 1077 2496 2,
1099 2421 1148 2479 69.
1169 2419 1267 2478 66666
1290 2419 1491 2478 exercitando
1513 2419 1650 2498 corpori;

441 2529 470 2589 b.
491 2532 519 2606 6,
541 2531 590 2590 68.
618 2528 758 2588 turbidus
787 2527 951 2588 miscendis
979 2527 1198 2602 seditionibus;
1225 2528 1254 2584 2.
1275 2527 1303 2586 6.
1335 2526 1472 2603 parando
1495 2527 1582 2587 belle
1604 2531 1651 2586 tu·

440 2639 502 2696 tum
533 2653 631 2711 mare;
661 2637 740 2696 Ann.
763 2637 791 2696 6.
813 2638 861 2695 26.
896 2633 1038 2712 tegendis
1059 2633 1231 2693 sceleribus
1255 2634 1412 2693 obscurus.
1449 2634 1530 2694 Anu.
1551 2653 1583 2694 66
1605 2635 1649 2694 67.

439 2743 529 2804 amici
555 2743 761 2804 accendendis
791 2742 1012 2802 offensionibus
1044 2739 1166 2816 callidi;
1204 2740 1234 2799 b.
1264 2742 1291 2798 3.
1322 2741 1370 2800 69.
1403 2757 1470 2816 quas
1502 2740 1650 2801 seditiosa

441 2852 472 2909 et
492 2851 723 2927 corrumpenda·
749 2848 920 2926 discipline
950 2865 1021 2908 mox
1049 2847 1080 2906 in
1110 2847 1245 2924 predam
1270 2847 1420 2907 vertebat
1452 2847 1576 2906 Similia
1600 2847 1650 2907 alii

439 2973 561 3032 quoque
576 2957 719 3017 dixerunt
733 2974 760 3017 6.
773 2974 817 3034 gr.
832 2956 918 3033 Virg.
928 2953 1034 3033 Eclog.
1048 2973 1077 3013 v.
1091 2956 1140 3014 66.
1153 2954 1198 3013 sis
1213 2955 1313 3014 bonus
1325 2971 1343 3015 c
1355 2953 1495 3029 felixque
1510 2956 1582 3014 tuis.
1595 2955 1647 3014 06.

439 3062 525 3122 Pont
538 3083 579 3124 nv.
594 3065 621 3140 6,
636 3065 684 3123 32.
710 3062 852 3123 sontibus
867 3079 938 3122 esse
954 3067 1079 3122 trucem.
1094 3059 1160 3121 Liv.
1174 3063 1223 3136 97,
1238 3062 1286 3121 39.
1301 3062 1382 3121 omni
1396 3063 1506 3138 generi
1521 3063 1648 3124 humano

439 3169 646 3230 insociabiles.
676 3167 887 3228 8666611666.
910 3168 977 3228 066.
1000 3169 1087 3226 1627.
1111 3167 1194 3243 patri
1217 3183 1252 3225 es
1271 3166 1434 3226 scelestus.
1464 3167 1648 3236 Quinimmo

438 3274 590 3338 Salustius
607 3278 692 3355 ipss:
717 3277 899 3353 ,editiorem
911 3277 1012 3336 locum
1027 3275 1117 3352 cepit,
1133 3291 1222 3350 quom
1237 3275 1410 3336 victoribus
1420 3272 1588 3352 decebat?
1611 3278 1650 3338 66

438 3401 527 3460 quem
548 3383 649 3446 locum
671 3387 825 3464 interpres
847 3386 928 3445 bene
953 3384 1186 3444 animadvertit:
1221 3382 1374 3444 Salustius
1400 3385 1573 3461 greonem
1595 3383 1647 3444 eir.

438 3491 536 3551 Voss.
558 3493 597 3552 de
619 3493 849 3553 constructione
871 3508 895 3551 6.
914 3494 963 3552 36.
992 3492 1093 3561 Quare
1111 3491 1278 3551 cavendum
1301 3495 1365 3566 666,
1394 3509 1434 3551 66
1461 3491 1648 3552 arctioribus

437 3595 548 3658 linibus
569 3617 656 3659 usum
676 3597 785 3658 Latine
806 3597 956 3673 loquendi
984 3598 1279 3672 circumscribamus,
1308 3615 1388 3658 neve
1409 3599 1572 3659 notissima
1595 3597 1647 3658 illa

437 3702 569 3765 formula
593 3707 670 3781 ,boc
686 3723 745 3768 non
761 3703 900 3765 Latinum
916 3697 990 3778 est,“
1015 3705 1054 3763 ad
1071 3704 1254 3782 optimorum
1269 3703 1418 3764 librorum
1431 3705 1646 3766 auctoritatem

334 3851 339 3862 -
437 3812 645 3872 infirmandam
654 3813 822 3874 abutamur.
828 3815 967 3887 pmmimti
980 3810 1200 3871 6661666666.
1210 3811 1265 3870 cli.
1275 3811 1646 3888 supractmmnndepmn.

517 3937 543 3979 6.
566 3922 611 3979 18.
647 3919 798 3979 Variantt.
820 3920 887 3978 cod.
908 3917 979 3978 Bas.
1000 3919 1088 3976 bricio
1099 3947 1137 3957 -
1151 3917 1239 3994 getuli
1260 3923 1289 3976 et
1309 3917 1391 3977 libies
1403 3917 1532 3977 -idsm
1555 3919 1648 3978 babet

437 4025 511 4084 lledn'
531 4031 559 4084 et
577 4027 695 4086 Amneni
716 4025 818 4085 medio
840 4024 995 4085 vocabulo
1018 4023 1118 4084 Pereo
1140 4024 1265 4084 omisso.
1288 4024 1369 4083 idem
1390 4027 1570 4084 constanter
1587 4027 1646 4084 Ar·

435 4135 510 4192 meni
539 4134 550 4190 ι’
575 4130 708 4208 simplici
740 4130 884 4208 scripsit,
918 4129 1000 4206 quod
1022 4145 1089 4190 cum
1110 4147 1128 4188 6
1157 4133 1330 4190 ceterorum
1352 4134 1383 4189 ct
1411 4129 1590 4189 Latinorum
1616 4131 1647 4188 et

436 4238 612 4299 Groecorum
635 4237 818 4315 scriptorum
841 4236 1063 4314 orthographia
1082 4236 1218 4311 recedat,
1240 4239 1290 4296 est
1308 4235 1376 4296 baec
1398 4237 1575 4296 terminatio
1590 4253 1645 4313 pro

436 4349 534 4409 torma
549 4349 708 4406 contracta
722 4346 873 4421 habenda,
890 4363 957 4420 ques
972 4349 1004 4403 ut
1018 4345 1064 4420 Di,
1082 4345 1180 4420 isdem,
1191 4343 1288 4419 peculi
1304 4361 1344 4403 ex
1359 4349 1467 4403 vetare
1487 4341 1645 4402 scribendi

434 4457 555 4515 ratione
581 4458 706 4514 servata
728 4457 785 4512 est
807 4452 863 4511 ssd
884 4452 975 4511 stiam
996 4453 1077 4530 apud
1095 4451 1219 4511 Florum
1234 4453 1267 4510 et
1286 4452 1397 4511 blelam
1411 4449 1552 4510 nonnulli
1573 4448 1644 4508 libri

434 4564 550 4620 Armeni
571 4564 702 4621 tuentur.
723 4559 778 4620 clr.
799 4559 930 4618 llucluer.
947 4559 987 4620 66
1007 4557 1089 4619 Flor.
1110 4579 1152 4618 nn.
1175 4561 1220 4619 19.
1243 4562 1270 4619 b.
1285 4595 1323 4606 -
1340 4575 1413 4636 punt
1432 4561 1647 4633 concerperet

433 4665 674 4728 Bas.Par.llins.
691 4671 724 4726 et
738 4667 870 4743 optimus
885 4665 1014 4741 quisque
1029 4665 1243 4742 excoctionis3
1266 4683 1325 4744 pun
1335 4665 1407 4725 libri
1421 4645 1599 4724 deteriores
1614 4665 1645 4722 et
