3582 5594
1318 638 1359 704 dl

157 843 253 938 quasi
281 840 416 912 navium
430 838 552 908 canna
574 849 659 908 suut.
703 837 808 909 Medis
832 849 943 909 autem
970 849 1002 908 et
1018 839 1173 911 Armenio
1199 859 1367 908 accessere

158 967 283 1062 Libyes
309 960 398 1054 (uam
425 962 460 1033 hi
486 963 621 1056 propius
646 984 738 1032 mare
762 962 913 1034 Africum
939 964 1124 1056 agitahaut3
1159 963 1278 1034 Gaetuli
1304 962 1364 1032 sub

157 1091 225 1160 sole
254 1089 378 1180 magis,
411 1086 501 1156 haud
536 1085 652 1178 procul
678 1085 720 1156 ab
745 1082 930 1178 ardoribus)
964 1087 1066 1180 hique
1091 1097 1219 1156 mature
1245 1086 1367 1179 oppida

157 1211 330 1290 habuere;
369 1233 447 1280 nam
480 1211 563 1280 lreto
593 1209 690 1280 divisi
721 1210 763 1280 ab
789 1211 950 1303 Hispania
981 1221 1108 1280 mutare
1135 1231 1187 1278 res
1221 1209 1306 1279 inter
1331 1233 1366 1279 se

158 1337 380 1406 instituerant.
423 1337 554 1406 Nomen
588 1357 704 1406 eorum
740 1337 899 1428 paulatim
924 1336 1045 1430 Libyes
1073 1359 1262 1429 corrupere,
1289 1336 1367 1406 bar-

158 1460 238 1530 bara
266 1461 383 1552 lingua
399 1463 533 1533 lllauros
558 1483 618 1553 pro
643 1459 748 1531 Medis
774 1461 989 1554 appellantes.
1034 1460 1097 1531 Sed
1123 1483 1176 1530 res
1194 1463 1367 1530 Persarum

158 1584 252 1654 brevi
279 1586 437 1666 adolevit,
465 1608 504 1654 ac
528 1596 642 1678 postea
674 1586 808 1655 nomine
835 1586 986 1657 Numidae
1015 1595 1148 1679 propter
1181 1584 1368 1656 multitudi-

159 1732 236 1778 nem
264 1709 502 1801 aparentibus
535 1707 674 1800 digressi
699 1709 876 1802 possedere
908 1732 948 1779 ea
973 1709 1062 1789 loca,
1097 1731 1172 1802 quae
1206 1731 1368 1801 proxume

159 1833 400 1924 Carthaginem
426 1832 581 1903 Numidia
606 1833 802 1926 appellatur.
844 1833 974 1904 Deinde
1001 1833 1133 1924 utrique
1159 1834 1269 1902 alteris
1294 1833 1368 1903 freti

160 1957 329 2027 finitumos
354 1957 455 2026 armis
472 1967 527 2026 aut
552 1967 641 2026 metu
659 1957 720 2027 sub
745 1956 921 2051 imperium
940 1979 1035 2029 suum
1063 1979 1220 2048 coegere,
1246 1980 1368 2027 nomeu

162 2082 373 2172 gloriamque
399 2081 462 2150 sibi
488 2081 661 2162 addidere,
695 2081 800 2173 magis
835 2081 890 2162 hi,
925 2081 984 2176 qui
1019 2081 1061 2151 ad
1095 2091 1242 2152 nostrum
1277 2104 1368 2152 mare

161 2215 409 2300 processerant,
435 2204 514 2299 quia
539 2204 659 2298 Libyes
685 2227 783 2297 quam
798 2205 917 2274 Gaetuli
943 2205 1052 2275 minus
1078 2205 1246 2285 bellicosi;
1273 2205 1370 2275 deni-

162 2353 228 2422 que
254 2329 379 2401 Alricae
405 2353 481 2423 pars
520 2329 657 2399 inlerior
681 2329 841 2421 pleraque
875 2331 916 2399 ab
943 2330 1092 2400 Numidis
1123 2352 1271 2422 possessa
1306 2340 1368 2409 est;

162 2454 237 2523 vieti
262 2477 378 2524 omnes
404 2455 438 2522 in
465 2464 597 2544 gentem
622 2475 809 2545 nomenque
835 2453 1055 2546 inperantium
1083 2476 1286 2524 concessere.

234 2602 309 2650 mx.
360 2579 477 2647 Postea
503 2575 693 2653 Phoenices,
728 2576 786 2646 alii
810 2577 1030 2647 multitudinis
1065 2577 1154 2648 domi
1180 2578 1369 2649 minuendae

163 2703 286 2794 gratia,
319 2725 396 2795 pars
422 2701 554 2794 imperii
581 2699 753 2792 cupidine,
786 2702 957 2773 sollicitata
985 2703 1082 2796 plebe
1108 2715 1139 2772 et
1164 2704 1238 2773 aliis
1262 2726 1370 2773 nova·

164 2849 235 2896 rum
261 2849 375 2896 rerum
393 2825 518 2905 avidis,
545 2823 750 2916 Hipponem,
777 2825 1038 2908 Hadrumetum,
1065 2827 1193 2920 Leptim
1220 2828 1369 2919 aliasque

164 2951 262 3020 urbes
289 2950 322 3019 in
351 2973 409 3020 ora
435 2949 600 3019 maritima
620 2948 812 3019 condidere:
840 2972 954 3042 eaeque
980 2949 1073 3020 brevi
1097 2951 1239 3020 multum
1253 2963 1369 3033 aucta,

165 3098 238 3167 pars
264 3073 449 3166 originibus
475 3074 543 3143 suis
559 3071 734 3164 prasidio,
761 3072 834 3141 aliae
854 3073 965 3143 decori
991 3073 1103 3155 luere;
1129 3097 1205 3144 nam
1233 3074 1274 3144 de
1288 3075 1372 3146 Car-

165 3197 301 3291 thagine
327 3199 424 3267 silere
450 3196 569 3267 melius
596 3207 674 3289 puto
699 3219 800 3288 quam
822 3220 939 3290 parum
966 3197 1094 3279 dicere,
1121 3199 1278 3291 quoniam
1305 3200 1370 3269 alio

166 3345 344 3416 properare
369 3333 497 3414 tempus
532 3333 655 3390 monet.
706 3321 810 3412 Igitur
836 3320 878 3390 ad
904 3321 1158 3404 Catabathmon,
1198 3323 1256 3415 qui
1280 3324 1371 3394 locus

165 3451 353 3540 Aegyptum
379 3447 420 3518 ab
447 3445 560 3516 Alrioa
586 3445 718 3526 dividit,
745 3446 890 3516 secundo
916 3447 998 3516 mari
1022 3448 1130 3540 prima
1156 3447 1285 3540 Cyrene
1312 3457 1370 3530 est,

167 3571 297 3641 colonia
322 3568 488 3650 Thereon‚
515 3592 554 3639 ac
579 3568 734 3663 deinceps
758 3569 832 3640 duae
855 3572 965 3663 Syrtes
991 3571 1143 3664 interque
1171 3594 1226 3640 eas
1246 3572 1370 3665 Leptis,

167 3694 284 3764 deinde
299 3692 462 3763 Philenon
480 3715 558 3775 arae,
585 3715 687 3784 quem
712 3694 822 3763 locum
837 3695 1023 3788 Aegyptum
1050 3719 1163 3766 versus
1189 3697 1289 3766 linem
1308 3697 1373 3765 im-

166 3819 246 3910 perii
272 3816 421 3887 habuere
440 3815 751 3907 Carthaginienses,
777 3828 849 3910 post
866 3818 941 3887 aliae
957 3819 1092 3889 Punioae
1106 3821 1215 3891 urbes.
1254 3822 1372 3893 Cetera

167 3943 236 4013 loca
271 3965 378 4034 usque
412 3942 454 4011 ad
487 3941 728 4012 Mauretaniam
757 3941 908 4011 Numida
947 3951 1073 4024 tenent,
1113 3968 1274 4037 proxume
1307 3949 1371 4016 ffi-

166 4068 318 4161 spaniam
330 4065 438 4138 Mauri
457 4075 547 4147 sunt,
571 4087 671 4157 super
688 4064 878 4135 Numidiam
892 4065 1037 4136 Gaetulos
1055 4069 1240 4160 accepimus
1253 4072 1370 4163 partim

164 4193 197 4262 in
223 4191 386 4282 tuguriis,
418 4189 501 4260 alios
527 4189 683 4260 incultius
709 4211 809 4280 vagos
833 4191 979 4281 agitare,
1014 4201 1085 4284 post
1110 4215 1167 4262 eos
1193 4193 1372 4288 Aethiopas

166 4339 247 4398 esse,
274 4315 397 4386 dehinc
423 4315 499 4384 loca
530 4324 644 4384 exusta
677 4313 756 4382 solis
790 4314 972 4386 ardoribus.
1009 4316 1113 4408 lgitur
1138 4316 1226 4387 bello
1251 4319 1373 4409 lugur-

166 4437 258 4510 thiuo
282 4439 445 4531 pleraque
479 4460 522 4507 ex
546 4437 678 4507 Punicis
709 4436 830 4528 oppida
862 4448 894 4507 et
931 4437 1012 4508 fines
1038 4439 1372 4530 Carthaginiensium,

168 4586 248 4656 quos
273 4562 464 4633 novissume
490 4560 691 4643 habuerant,
717 4561 858 4653 populus
884 4561 1050 4632 Romanus
1081 4586 1140 4656 per
1165 4564 1374 4657 magistratus

169 4685 428 4767 administrabat,
465 4685 667 4756 Gaetulorum
699 4707 819 4776 magua
847 4708 922 4778 pars
955 4694 986 4754 et
1010 4686 1162 4757 Numida
1195 4711 1300 4780 usque
1332 4689 1373 4760 ad
