3526 5604
1225 675 1296 747 303

105 875 168 944 viri.
207 874 243 944 C.
262 874 381 945 Furius
404 874 596 945 Cbresimns
622 897 640 944 e
667 876 823 947 servitute
849 875 1005 974 liberatus
1032 901 1107 948 cum
1135 879 1169 947 in
1194 901 1299 971 parvo

105 998 271 1068 admodum
307 999 419 1090 agello
448 1000 607 1092 largiores
639 1000 743 1070 multo
769 1001 893 1071 fructus
918 1001 1104 1093 perciperet
1129 1025 1229 1095 mam
1256 1026 1299 1073 ex

105 1121 300 1214 amplissimis
317 1123 481 1203 vicinitas,
507 1124 541 1192 in
568 1123 692 1192 invidia
718 1147 840 1214 magna
866 1136 935 1194 erat
961 1148 1022 1194 ceu
1040 1125 1152 1216 fruges
1169 1127 1298 1196 alienas

106 1245 263 1336 pelliceret
287 1245 467 1315 veneficiis.
518 1246 630 1329 Quam
666 1246 804 1317 obrem
831 1271 851 1317 a
877 1249 934 1340 Sp.
961 1248 1084 1319 Albino
1110 1249 1216 1321 curuli
1243 1249 1297 1319 die

106 1371 192 1450 dicta,
218 1383 366 1442 metuens
393 1372 651 1454 damnationem,
679 1397 754 1442 cum
781 1374 815 1442 in
841 1374 1040 1461 suffragium
1067 1374 1171 1445 tribus
1197 1397 1299 1466 opor-

108 1507 178 1564 teret
201 1496 258 1574 ire,
285 1493 539 1565 instrumentum
565 1496 725 1566 rusticum
752 1518 851 1565 omne
877 1497 911 1565 in
938 1497 1046 1567 lorum
1065 1496 1173 1566 attulit
1190 1509 1223 1566 et
1240 1496 1300 1565 ad-

107 1619 189 1688 duxit
216 1619 317 1688 liliam
355 1619 498 1688 validam
532 1629 641 1712 atque,
680 1632 715 1691 ut
747 1621 793 1689 ait
822 1619 914 1700 Piso,
958 1621 1042 1691 bene
1077 1633 1224 1692 curatam
1260 1643 1300 1690 ac

107 1743 252 1824 vestitam,
288 1745 489 1815 ferramenta
523 1747 658 1836 egregie
693 1745 789 1827 iacta,
825 1767 941 1837 graves
975 1745 1115 1836 ligones,
1149 1769 1299 1818 vomeres

108 1867 306 1956 ponderosos,
333 1867 435 1938 boves
460 1881 599 1939 saturos.
642 1871 758 1939 Postea
784 1870 883 1940 dixit:
910 1870 1072 1940 veneficia
1100 1894 1186 1953 mea,
1214 1872 1301 1955 Qui-

108 1993 184 2072 rites,
217 1993 300 2062 haec
325 2006 413 2075 sunt,
449 2017 510 2062 nec
544 2016 679 2085 possum
707 1993 800 2063 vobis
834 1995 1008 2064 ostendere
1042 2008 1099 2065 aut
1130 1996 1162 2064 in
1190 1997 1299 2067 forum

108 2115 257 2187 adducere
295 2116 541 2187 lucubrationes
576 2141 666 2187 meas
706 2119 902 2211 vigiliasque
937 2130 968 2188 et
1006 2121 1152 2190 sudores.
1214 2122 1301 2192 Om-

108 2239 187 2309 oium
220 2241 391 2310 sententiis
425 2239 594 2310 absolutus
624 2241 734 2333 itaque
767 2253 824 2312 est.
885 2244 1009 2312 Plinius
1042 2257 1109 2312 not.
1140 2245 1212 2314 laist.
1243 2241 1299 2323 18,

108 2359 136 2439 6,
158 2360 312 2435 41-43.
415 2365 474 2432 10.
502 2363 662 2433 Triclinia
688 2376 799 2439 aerata
826 2365 1017 2457 abacosque
1044 2376 1075 2434 et
1099 2366 1300 2459 monopodia

108 2486 159 2554 Co.
184 2488 344 2557 Manlium
377 2488 459 2558 Asia
494 2487 621 2557 devicta
654 2489 799 2581 primum
832 2489 996 2558 invexisse
1033 2489 1200 2584 triumpho
1228 2513 1300 2573 suo,

108 2633 194 2700 quem
219 2611 312 2683 duxit
344 2611 435 2682 urbis
469 2634 557 2681 anno
582 2613 730 2694 DLXVI,
757 2616 796 2683 L.
824 2611 899 2681 Piso
925 2620 1038 2683 auctor
1064 2623 1123 2682 est.
1174 2616 1300 2684 Plinius

108 2751 165 2804 unt.
188 2737 258 2805 bist.
277 2732 337 2816 34,
366 2733 400 2814 3,
431 2732 487 2805 14.
589 2735 648 2802 11.
675 2735 727 2805 Ab
746 2734 900 2828 Aquileia
927 2734 968 2804 ad
986 2734 1220 2807 duodecimum
1246 2737 1298 2806 la-

107 2861 205 2952 pidem
238 2861 384 2931 deletum
416 2861 575 2954 oppidum
612 2862 711 2930 etiam
747 2860 847 2931 invito
883 2872 997 2929 senatu
1031 2883 1050 2929 a
1082 2863 1126 2932 Μ.
1161 2861 1301 2932 Claudio

108 2986 252 3055 dlarcello
284 2989 323 3056 L.
357 2986 429 3055 Piso
463 2997 580 3056 auctor
614 2998 672 3055 est.
713 2987 837 3055 Plinius
866 3000 932 3054 unt.
964 2987 1036 3056 bist.
1067 2983 1102 3064 3,
1132 2983 1188 3067 19,
1218 2984 1299 3056 131.

109 3107 161 3177 13.
185 3111 291 3180 Nostri
319 3111 471 3191 maiores,
498 3109 587 3202 quod
615 3110 765 3178 naturale
792 3101 941 3178 seculum
959 3119 1118 3202 quantum
1137 3121 1222 3178 esset
1239 3133 1300 3179 ex-

109 3232 256 3323 ploratum
270 3257 337 3303 non
352 3233 529 3314 habebant,
549 3234 647 3303 civile
659 3232 701 3302 ad
715 3244 842 3303 certum
858 3233 1028 3303 modulum
1043 3255 1205 3303 annorum
1220 3256 1300 3302 cen-

107 3367 168 3425 tum
183 3369 374 3427 statuerunt.
400 3357 504 3426 Testis
524 3367 571 3426 est
585 3358 670 3437 Piso,
697 3358 731 3427 in
750 3358 843 3428 cuius
861 3357 973 3427 annali
986 3357 1124 3449 septimo
1142 3357 1299 3450 scriptum

108 3493 149 3548 est
170 3481 231 3550 sic:
271 3485 377 3553 Roma
403 3482 534 3553 condita
561 3505 648 3552 anno
674 3484 942 3577 quingentesimo
968 3483 1108 3576 septimo
1134 3479 1213 3568 [DC
1229 3509 1301 3577 scp-

107 3606 243 3694 timnmi]
270 3607 390 3699 accipit
415 3609 563 3678 seculum
590 3607 641 3677 his
659 3608 859 3688 consulibus,
887 3609 946 3701 qui
963 3608 1106 3702 proximi
1123 3617 1199 3678 sunt
1217 3631 1300 3676 con-

107 3729 192 3811 sules,
218 3735 262 3802 111.
281 3733 445 3803 Aemilius
470 3735 527 3804 bl!
553 3733 575 3802 1.
596 3733 751 3824 Lepidus,
779 3733 816 3804 C.
839 3733 997 3825 Popillius
1023 3733 1143 3803 iterum
1169 3732 1299 3802 absens.

108 3851 280 3924 θηιωήηαε
309 3857 348 3925 de
381 3858 432 3925 die
457 3872 522 3926 not.
554 3854 609 3936 17,
640 3854 696 3927 13.
797 3855 856 3926 13.
888 3857 1010 3928 Lucius
1036 3857 1114 3927 Piso
1141 3856 1299 3948 prodidit,

106 3975 144 4044 lt.
160 3978 300 4048 Aemilio
318 3978 354 4048 C.
382 3979 524 4071 Popillio
550 3980 669 4049 iterum
697 3980 885 4050 consulibus
912 4003 932 4048 a
953 3978 1145 4049 censoribus
1162 3981 1198 4049 P.
1217 3980 1301 4050 Cor-

107 4099 183 4168 nelio
200 4101 355 4194 Scipione
369 4103 413 4172 111.
439 4103 580 4194 Popillio
606 4115 727 4172 statuas
754 4105 841 4172 circa
868 4102 976 4172 lorum
1003 4125 1118 4172 eorum
1144 4103 1202 4195 qui
1227 4125 1300 4171 ma-

106 4224 263 4311 gistratum
291 4234 472 4318 gesserant,
508 4226 652 4297 sublatas
687 4226 805 4306 omnis,
836 4236 967 4318 praeter
993 4248 1048 4295 eas
1074 4249 1159 4318 quae
1185 4225 1300 4318 populi

105 4359 151 4417 ant
183 4360 315 4418 senatus
342 4349 510 4456 'sententia
544 4360 682 4420 statutae
713 4361 843 4430 essent;
879 4371 953 4419 eam
979 4371 1184 4443 veroquam
1212 4347 1299 4441 apud

105 4471 210 4542 aedem
236 4471 379 4542 Telluris
405 4474 569 4544 statuisset
593 4474 656 4544 sibi
684 4476 739 4566 Sp.
767 4474 911 4553 Cassius,
947 4474 1005 4567 qui
1030 4496 1170 4565 regnum
1198 4472 1301 4542 allec·

106 4603 227 4676 taverat,
254 4599 356 4666 etiam
384 4598 559 4667 conflatam
587 4621 605 4666 a
642 4599 843 4669 censoribus.
894 4599 1021 4668 Plinius
1046 4613 1113 4668 not.
1139 4599 1213 4666 ln'st.
1239 4594 1299 4679 34,

107 4717 135 4794 6,
160 4719 214 4792 30.
316 4722 375 4790 11.
402 4723 528 4792 Romae
555 4723 587 4790 in
615 4721 776 4814 Capitolio
804 4723 835 4790 in
864 4721 969 4814 capite
994 4721 1044 4790 bis
1074 4722 1163 4793 bello
1189 4722 1300 4822 Persei
