3576 5602
405 639 477 707 lot
514 741 518 752 1

404 853 541 896 errorem
555 835 686 910 inducti;
707 839 736 894 in
759 839 898 894 renlentia
921 835 987 894 Vat.
1002 833 1085 894 Eins.
1108 839 1138 894 in
1157 839 1326 893 aeternam
1339 833 1408 894 Bas.
1431 838 1498 894 utra
1523 835 1620 894 lectio

404 943 507 1018 potior
527 943 576 1016 sit,
599 959 659 1001 non
682 947 730 1001 est
751 943 882 1002 dubium.
903 958 962 1000 non
982 945 1107 1000 ammom
1128 946 1204 1016 eripi
1223 940 1292 1000 Bas.
1315 945 1437 999 monam
1460 958 1522 998 non
1544 945 1621 1015 eripi

403 1047 474 1107 Vat.
496 1047 580 1108 Eius.
601 1067 773 1127 perperam.
793 1066 834 1107 en
854 1049 941 1108 rebus
962 1049 1047 1108 bonis
1067 1053 1133 1106 orla
1154 1055 1228 1107 enne.
1250 1046 1320 1106 Bas.
1342 1047 1413 1106 Vat.
1433 1046 1535 1106 Paris.
1558 1065 1619 1124 op-

403 1155 468 1215 timi
490 1155 570 1228 libri,
593 1173 721 1231 quorum
742 1157 911 1214 auctoritas
932 1154 991 1213 iam
1015 1154 1129 1213 sufficit
1150 1155 1189 1214 ad
1211 1155 1289 1214 banc
1311 1155 1475 1214 lectionem
1498 1155 1618 1214 conlin-

402 1261 550 1320 mandam.
574 1262 696 1321 accedit
717 1260 812 1338 ipsius
837 1279 946 1320 sensus
965 1261 1163 1320 concinnitas.
1186 1262 1264 1320 mala
1287 1263 1366 1320 enim
1393 1261 1535 1338 exempla
1556 1279 1617 1320 non

403 1385 442 1427 ex
459 1368 608 1444 exemplis
630 1369 777 1440 oriuntur,
804 1368 861 1428 sed
883 1385 922 1427 ex
943 1369 1037 1427 rebus
1058 1367 1111 1426 vel
1133 1367 1281 1442 consiliis,
1305 1385 1371 1443 quae
1392 1367 1466 1426 aliis
1489 1374 1617 1444 tempo-

403 1474 489 1534 ribus
512 1476 557 1533 rel
577 1475 708 1552 publice
730 1475 858 1534 salutem
881 1475 1059 1550 afferebant,
1092 1493 1159 1550 quae
1185 1491 1244 1533 non
1267 1475 1342 1533 sotis
1364 1479 1450 1534 reate
1473 1475 1616 1552 exempla

405 1581 612 1659 appellantur.
655 1581 797 1641 Ceterum
831 1581 1044 1641 nonnullorum
1070 1581 1219 1639 librorum
1253 1580 1346 1640 lectio
1376 1599 1417 1640 ea
1444 1582 1533 1640 rebare
1556 1583 1615 1638 aa·
1670 1559 1677 1572 ’

401 1691 527 1747 mesticia
549 1687 717 1762 confirmat,
737 1687 825 1746 rabac
851 1687 881 1745 in
903 1687 992 1745 libris
1016 1685 1122 1746 luisse.
1157 1687 1196 1746 ad
1214 1690 1336 1762 ipnaroe
1358 1691 1435 1746 eines
1457 1685 1529 1746 Bas.
1550 1691 1616 1746 eim

402 1794 472 1854 Vat.
495 1795 591 1854 Paris.
614 1791 752 1853 Einsied.
773 1793 847 1852 illud
870 1793 936 1852 sinc
958 1792 1051 1851 dubio
1074 1793 1297 1852 restituendum
1318 1793 1383 1853 luit.
1404 1797 1531 1870 poterat
1551 1795 1615 1853 diei

402 1901 531 1961 bornines
547 1905 683 1977 ipnaroe,·
705 1900 816 1974 Caesar,
839 1901 924 1959 cuius
939 1900 1039 1959 animo
1062 1899 1169 1958 liberae
1191 1901 1334 1959 civitates
1356 1901 1615 1974 obversabantur,

402 2013 481 2068 eines
510 2007 595 2081 dixit,
622 2007 705 2081 quod
735 2007 865 2065 eiectum
895 2004 960 2080 luit,
989 2007 1060 2082 quia
1091 2006 1150 2064 vim
1175 2006 1330 2082 generalis
1359 2008 1524 2066 sententiae
1551 2009 1614 2068 boc

401 2115 555 2175 vocabulo
585 2113 688 2172 addito
722 2113 857 2171 imminui
886 2113 1076 2171 statuebant.
1124 2113 1160 2170 lli
1184 2117 1280 2187 prima
1305 2113 1375 2172 Bas.
1409 2117 1430 2172 ii
1457 2113 1529 2173 Vat
1561 2121 1614 2173 mat

400 2220 484 2280 villas
505 2218 575 2278 Bas.
597 2218 694 2278 villam
717 2219 783 2277 Vat.
812 2224 864 2276 aut
882 2234 934 2276 naa
956 2219 992 2276 V.
1020 2221 1130 2278 initum
1150 2237 1263 2295 manna
1283 2220 1319 2278 V.
1342 2222 1452 2296 quibus
1483 2221 1523 2279 de
1544 2221 1611 2280 lec-

401 2328 536 2387 tionibus
562 2326 635 2401 quid
656 2325 850 2384 statuendum
879 2325 929 2398 sit,
958 2342 1045 2384 nemo
1074 2342 1133 2384 non
1164 2326 1318 2403 intelligit.
1346 2333 1440 2386 renati
1465 2331 1611 2390 elacrem

400 2433 471 2493 Vat.
505 2433 586 2508 quod
615 2433 751 2492 sortasse
777 2431 890 2506 aliquis
912 2431 1067 2507 praeierat,
1103 2434 1185 2507 quod
1207 2433 1286 2493 alias
1315 2433 1468 2495 Salustius
1495 2438 1525 2496 in
1552 2437 1613 2496 bac

402 2541 540 2601 iunctura
563 2541 730 2616 genitivum
753 2541 782 2598 in
812 2542 822 2596 i
850 2554 967 2615 ponere
988 2543 1084 2612 amet,
1116 2529 1253 2600 sednon
1283 2541 1382 2600 omnia
1408 2543 1449 2600 ad
1481 2543 1611 2602 eandem

400 2663 534 2708 normam
556 2647 707 2724 exigenda
732 2651 810 2706 sunt.
841 2661 925 2704 arma
956 2644 1012 2703 tela
1043 2651 1128 2723 atqrre
1158 2647 1295 2706 militaria
1324 2647 1394 2707 Bas
1419 2666 1478 2725 per
1504 2653 1611 2709 trans-

399 2755 583 2831 positionem
613 2754 787 2814 verborum.
822 2756 957 2811 ceterum
990 2751 1044 2810 ille
1076 2753 1240 2812 verborum
1274 2756 1350 2814 ordo
1385 2755 1463 2814 lerri
1492 2767 1609 2833 posset,

401 2861 427 2919 si
453 2864 640 2920 incramenta
664 2861 717 2919 vol
743 2863 870 2918 instituta
892 2857 1026 2918 additum
1047 2864 1139 2918 esset.
1162 2861 1260 2934 quiin
1283 2862 1421 2938 epitheto
1442 2863 1610 2938 offendunt,

399 2967 423 3026 ii
449 2965 488 3026 ad
511 2965 576 3044 big.
610 2965 642 3025 L.
673 2985 766 3026 xvvu.
789 2969 816 3024 2.
849 2968 888 3025 56
920 2963 1081 3039 relegandi
1107 2971 1191 3024 sunt:
1236 2967 1307 3040 „teli
1337 2967 1548 3045 appellatione
1579 2976 1611 3030 et

401 3073 492 3133 iustis
521 3077 552 3132 et
582 3073 663 3150 lapis
695 3076 727 3131 et
763 3071 895 3146 denique
926 3087 1030 3144 omne,
1072 3071 1154 3146 quod
1186 3075 1314 3133 nocendi
1344 3092 1437 3134 causa
1468 3077 1609 3152 babetur,

400 3173 614 3257 significatur.“
646 3182 855 3238 airanmoenire
876 3181 1042 3236 innoeentes
1063 3178 1132 3238 Bas.
1154 3184 1355 3240 circumveniri
1381 3182 1418 3239 V.
1446 3187 1609 3259 utrumque

399 3290 485 3348 recte
507 3287 567 3346 dici
590 3302 683 3362 posse
706 3301 795 3344 nemo
817 3285 987 3360 negaverit,
1021 3285 1077 3343 sed
1104 3287 1341 3347 constructionis
1366 3290 1448 3349 ratio
1471 3291 1607 3350 diversa·

400 3393 427 3452 si
449 3393 528 3452 enim
550 3392 727 3451 infinitivum
748 3391 842 3450 activi
860 3391 959 3468 ponis,
989 3394 1197 3451 mreumnenire
1226 3409 1292 3452 cum
1316 3397 1495 3456 accusativo
1518 3399 1607 3456 iono-

399 3507 462 3560 tum
493 3501 664 3560 subiectum
695 3503 760 3572 est,
802 3497 986 3556 substantivi
1016 3497 1085 3557 loco
1123 3499 1255 3575 positum
1287 3519 1316 3559 v.
1345 3519 1369 3561 c.
1403 3503 1523 3562 insidia
1556 3505 1604 3562 in-

400 3608 582 3682 nocentium,
620 3606 669 3664 cui
691 3605 751 3664 otia
776 3603 959 3680 respondet;
1001 3606 1047 3664 sin
1082 3610 1283 3665 circumveniri
1312 3607 1401 3686 legis,
1435 3611 1532 3670 verba
1562 3613 1606 3670 ita

399 3714 560 3791 iungenda:
591 3713 769 3771 innocentes
792 3727 915 3788 caepere
938 3710 1161 3786 circumveniri,
1197 3713 1258 3774 alia
1289 3715 1501 3776 huiuscemodi
1522 3718 1604 3792 lleri;

399 3820 480 3895 quod
495 3821 589 3879 multo
605 3818 709 3877 durius
723 3822 783 3876 est:
806 3833 904 3892 neque
918 3817 1083 3877 verborum
1097 3819 1183 3895 ordo,
1207 3836 1304 3895 oeque
1323 3840 1434 3881 sensus
1450 3825 1606 3900 elegantia

398 3927 475 3986 banc
505 3930 688 3985 structuram
727 3924 803 3982 satis
839 3924 1037 3982 commendat.
1086 3925 1185 3994 Quare
1217 3925 1269 3986 vel
1300 3927 1360 3987 hoc
1385 3929 1456 3988 loco
1486 3933 1605 3991 codicis

397 4033 577 4093 Basiliensis
598 4031 766 4090 auctoritas
787 4031 944 4106 praevalet.
973 4031 1085 4090 Contra
1107 4033 1237 4106 luerunt,
1261 4036 1312 4109 qni
1329 4037 1421 4112 paulo
1441 4036 1523 4097 inira
1545 4057 1604 4098 arr-

397 4157 468 4217 pere
494 4157 550 4216 pro
584 4142 687 4215 anperi
717 4137 896 4210 scriberent,
934 4139 1014 4213 quod
1049 4156 1106 4198 noo
1132 4139 1230 4199 minus
1258 4141 1368 4201 salsum
1398 4147 1430 4201 et
1455 4145 1604 4205 audacias

398 4249 500 4321 etiam,
522 4244 603 4321 quod
625 4261 662 4304 ea
684 4243 778 4332 lectio
800 4244 1002 4320 pessimorum
1028 4245 1175 4305 librorum
1200 4253 1257 4306 ost.

479 4370 502 4411 c.
526 4355 573 4412 52.
603 4353 687 4411 lectt.
712 4367 791 4408 varr.
814 4351 880 4409 cod.
903 4349 972 4409 llas.
1000 4357 1090 4412 uaria
1116 4353 1348 4414 adsentiebantur
1368 4387 1402 4398 —-
1422 4358 1523 4434 llapne
1543 4359 1605 4419 boec

397 4479 467 4521 aero
495 4477 560 4520 esre
585 4477 643 4518 non
671 4457 791 4517 cramail
818 4461 929 4516 cenauit
958 4456 1095 4533 (glossa)
1121 4490 1154 4499 -
1187 4466 1316 4521 statuetis
1340 4463 1470 4523 labaala
1497 4468 1604 4528 verbis

394 4586 450 4642 pra
471 4575 549 4626 certo
565 4566 689 4626 omissis
707 4595 741 4603 -
758 4567 951 4622 misereamini
967 4566 1024 4641 spl.
1034 4569 1207 4625 miseremini
1221 4601 1252 4610 --
1267 4585 1311 4643 pr.
1329 4573 1425 4628 omnia
1441 4572 1603 4632 cadum-

396 4678 567 4752 nequiquam
579 4673 650 4748 aliq.
667 4689 788 4732 erasum
802 4709 828 4718 -·
848 4675 1052 4746 contempnitis.
1075 4671 1121 4732 Ex
1131 4674 1240 4748 quibus
1253 4675 1381 4735 maxime
1392 4680 1603 4739 memorabilis
