3582 5594
1329 737 1398 808 ¹23

200 948 233 1006 et
258 936 375 1006 cohors
401 935 538 1028 Peligna
572 960 648 1008 cum
681 936 873 1008 velitaribus
898 939 1010 1020 armis,
1050 938 1176 1008 itineris
1201 938 1398 1032 properandi

200 1081 311 1141 causa,
337 1083 446 1153 neque
464 1060 516 1130 his
533 1081 627 1131 secus
645 1072 745 1154 atque
768 1063 842 1132 aliis
861 1063 962 1133 ermis
979 1063 1232 1134 advorsumtela
1244 1057 1398 1146 hostium,

199 1186 289 1277 quod
315 1209 355 1254 ea
379 1185 466 1257 levia
491 1197 577 1270 sunt,
609 1187 738 1258 muniti.
790 1188 854 1259 Sed
892 1189 927 1260 in
958 1189 1075 1258 itinere
1108 1190 1222 1283 quinto
1255 1187 1399 1281 denique

199 1308 254 1378 die
287 1310 409 1392 Volux,
448 1311 534 1382 lilius
558 1310 696 1392 Bocchi,
735 1321 871 1405 repente
903 1313 935 1382 in
962 1313 1087 1406 campis
1111 1312 1298 1407 patentibus
1323 1334 1398 1382 eum

199 1433 279 1503 mile
303 1456 369 1503 non
395 1433 537 1528 amplius
562 1435 727 1528 equitibus
744 1458 815 1506 sese
832 1437 984 1520 ostendit,
1011 1437 1068 1531 qni
1091 1449 1216 1508 temere
1239 1448 1272 1506 et
1297 1436 1399 1507 ellnse

198 1567 314 1627 euntes
340 1559 441 1629 Sullae
475 1558 613 1652 aliisque
642 1559 798 1630 omnibus
830 1571 862 1630 et
893 1582 1069 1632 numerum
1101 1560 1295 1654 ampliorem
1319 1581 1400 1632 vero

199 1691 233 1750 et
264 1680 418 1753 hostilem
453 1693 577 1753 metum
611 1683 808 1754 efficiebant.
858 1684 965 1776 Igitur
997 1706 1032 1754 se
1064 1685 1204 1779 quisque
1230 1683 1397 1779 expedire,

197 1816 415 1899 armantque
447 1808 512 1877 tela
540 1816 711 1901 temptare,
745 1806 934 1879 intendere:
980 1809 1080 1879 timor
1111 1809 1300 1903 aliquantus
1341 1808 1398 1879 sed

197 1951 273 2022 spes
298 1929 452 2022 amplior,
487 1931 609 2025 quippe
634 1931 812 2003 victoribus
837 1942 870 2002 et
894 1933 1068 2004 advorsum
1096 1955 1163 2016 eos,
1202 1955 1285 2026 quos
1310 1954 1398 2027 saepe

196 2053 358 2124 uicerant.
406 2056 542 2126 interim
567 2057 693 2149 equites
719 2057 923 2148 exploratum
949 2056 1110 2150 praemissi
1134 2079 1217 2138 rem,
1243 2057 1290 2127 uti
1317 2067 1397 2141 erat,

196 2181 345 2272 quietam
371 2183 533 2252 nuntiant.

245 2325 313 2376 cvr.
364 2305 473 2376 Volux
507 2307 686 2378 adveniens
724 2318 919 2399 quaestorem
953 2308 1099 2401 appellat
1132 2308 1274 2401 dicitque
1309 2329 1344 2377 se
1378 2330 1398 2377 a

197 2439 291 2521 patre
317 2430 449 2501 Βοοείιο
474 2431 606 2502 obviam
632 2433 698 2502 illis
723 2432 821 2503 simul
847 2442 880 2500 et
903 2431 1057 2525 praesidio
1079 2433 1226 2502 missurn.
1268 2430 1397 2504 Deinde

198 2574 275 2622 enm
302 2564 335 2622 et
359 2573 558 2646 proxumum
591 2554 679 2625 diem
705 2556 776 2626 sine
800 2565 890 2626 metu
917 2553 1083 2626 coniuncti
1110 2567 1199 2626 eunt.
1242 2557 1318 2626 Post
1339 2555 1397 2626 uhi

198 2687 306 2747 casua
330 2678 437 2748 locata
462 2689 495 2748 et
518 2680 586 2750 diei
611 2703 727 2774 vesper
752 2691 833 2762 erat,
858 2689 993 2773 repente
1010 2681 1146 2752 Maurus
1167 2679 1292 2750 incerto
1306 2679 1397 2749 voltu

196 2823 322 2892 parens
354 2802 396 2872 ad
430 2803 556 2874 Sullam
593 2805 739 2875 adcurrit
777 2803 921 2897 dicitque
958 2804 1022 2874 sibi
1060 2826 1101 2873 ex
1137 2803 1397 2898 speculatoribus

197 2926 381 3016 cognitum,
419 2927 610 3020 lugunham
641 2928 729 2999 haud
760 2927 877 3023 procul
905 2927 1033 2997 abesse:
1072 2928 1182 3012 simul,
1216 2929 1263 2998 uti
1297 2937 1397 3025 noctu

196 3048 285 3120 clam
303 3073 417 3121 secum
433 3053 635 3144 profugeret,
661 3063 758 3144 rogat
774 3063 875 3146 atque
892 3051 1052 3122 hortatur.
1086 3053 1147 3122 llle
1168 3052 1279 3123 animo
1295 3051 1397 3121 leroci

198 3184 298 3265 negat
321 3197 357 3244 se
381 3177 499 3246 totiens
524 3176 633 3246 lusum
650 3176 828 3248 Numidam
853 3177 1104 3270 pertimescere:
1129 3175 1241 3246 virtuti
1262 3197 1397 3248 suorum

196 3299 275 3368 satis
301 3299 455 3382 credere;
488 3299 587 3370 etiam
613 3301 640 3370 si
668 3312 757 3371 certa
782 3301 881 3394 pestis
907 3301 1044 3383 adesset,
1072 3321 1264 3370 mansurum
1288 3299 1398 3393 potius

196 3445 299 3518 quam
330 3424 478 3517 proditis,
511 3447 593 3517 quos
627 3425 779 3508 ducebat,
815 3424 904 3518 turpi
929 3425 1007 3517 fuga
1037 3425 1171 3495 incerta
1197 3448 1236 3495 ac
1261 3423 1397 3494 forsitan

196 3558 270 3641 post
290 3547 391 3640 paulo
407 3549 524 3619 morlro
548 3548 728 3619 interiturae
753 3550 828 3619 vitae
849 3558 1011 3642 parceret.
1050 3549 1204 3619 Ceterum
1220 3549 1263 3619 ab
1280 3547 1396 3618 eodem

196 3673 340 3742 monitus
373 3673 421 3743 uti
450 3682 547 3743 noctu
585 3672 884 3767 proficiscerentur,
926 3673 1101 3743 consilium
1136 3673 1316 3767 approbat:
1358 3694 1397 3741 ac

195 3797 305 3867 statim
329 3795 453 3868 milites
477 3808 618 3868 cenatos
644 3821 728 3880 esse,
763 3799 796 3868 in
823 3799 938 3869 castris
967 3799 1061 3890 ignes
1094 3820 1195 3894 mam
1220 3796 1397 3867 creberru-

195 3942 269 3989 mos
294 3920 380 4000 lieri,
407 3921 527 3991 deinde
552 3921 658 4015 prima
683 3923 797 4014 vigilia
823 3923 952 3998 silentio
975 3923 1089 4015 egredi
1114 3922 1215 3992 iubet.
1259 3925 1397 4015 lamque

196 4054 357 4116 nocturno
381 4044 499 4116 itinere
533 4047 627 4117 sessis
659 4046 813 4118 omnibus
848 4047 941 4118 Sulla
972 4049 1096 4140 pariter
1120 4067 1195 4116 eum
1220 4045 1298 4116 solis
1323 4055 1397 4116 ortu

195 4181 301 4240 castra
328 4169 523 4252 metabatur,
549 4193 624 4241 cum
651 4171 778 4265 equites
795 4170 902 4242 llauri
928 4171 1091 4252 nuntiant,
1116 4168 1311 4262 Iugurtham
1330 4168 1397 4238 cir-

195 4295 277 4366 citer
294 4295 396 4366 dunm
424 4295 553 4366 milium
578 4296 751 4367 intervallo
775 4306 853 4366 ante
875 4317 931 4364 eos
949 4295 1144 4366 consedisse.
1187 4293 1285 4377 Quod
1306 4303 1397 4386 post·

195 4441 297 4512 quam
330 4418 478 4490 anditum
514 4430 576 4500 est,
614 4432 683 4492 tum
715 4443 794 4492 vero
825 4423 942 4516 ingens
967 4431 1073 4490 metus
1098 4428 1226 4490 nostros
1251 4417 1395 4488 invadit:

194 4543 332 4614 credere
366 4567 401 4614 se
433 4545 579 4637 proditos
611 4569 630 4615 a
661 4547 787 4616 Voluce
824 4558 856 4615 et
891 4545 1016 4616 insidiis
1048 4545 1297 4615 circumventos.
1348 4544 1397 4613 lle

194 4669 300 4748 luere,
328 4668 385 4760 qui
403 4667 562 4751 dicerent,
588 4691 690 4740 manu
708 4670 943 4740 vindicandum
963 4691 1070 4762 neque
1096 4666 1182 4760 apud
1203 4665 1298 4736 illum
1322 4677 1397 4735 tan-

194 4805 264 4860 tnm
292 4793 399 4862 scelus
426 4794 565 4864 inultum
593 4795 858 4886 relinquendum.
