3610 5592
1327 679 1370 748 19

163 887 260 950 anna
285 879 378 970 vulgi
411 877 599 948 rumoribus
624 880 833 970 exagitatam.
884 880 1019 971 ltaque,
1054 878 1143 971 quud
1176 881 1373 972 plerumque

164 1003 199 1073 in
224 1003 329 1074 atroci
353 1003 488 1095 negntm
511 1005 613 1086 solet,
639 1015 771 1076 senatus
797 1004 961 1086 decrevit,
988 1005 1106 1076 darent
1130 1028 1265 1098 operam
1293 1027 1374 1075 con-

164 1128 272 1210 sules,
306 1151 349 1198 ne
383 1127 464 1220 qnid
498 1151 552 1198 res
584 1128 717 1220 publica
746 1129 936 1200 detrimenti
962 1140 1104 1223 caperet.
1156 1131 1204 1200 En
1231 1135 1373 1222 potestas

165 1274 225 1345 per
257 1261 410 1322 senatum
436 1273 528 1321 mure
561 1253 712 1322 Romanu
737 1253 941 1346 magistratui
972 1277 1131 1324 maxuma
1165 1233 1374 1347 permittitur,

164 1375 350 1446 exercitum
385 1397 522 1474 parare,
558 1373 684 1446 bellum
716 1397 854 1466 gerere,
898 1399 1052 1447 coercere
1077 1377 1232 1450 omnibus
1246 1349 1375 1483 :5⁰¹¹ss

165 1499 272 1570 socios
297 1509 398 1591 atque
423 1499 527 1581 circs,
554 1498 643 1569 dumi
668 1500 861 1592 militiaeque
887 1502 1065 1594 imperium
1089 1513 1189 1596 atque
1214 1499 1375 1577 indicium

164 1643 333 1692 summum
358 1619 496 1703 babere;
524 1622 619 1693 aliter
649 1621 720 1692 sine
745 1624 860 1716 populi
889 1625 979 1695 iussu
1013 1624 1099 1696 nulli
1122 1644 1237 1717 earnm
1262 1646 1375 1696 rerum

165 1745 294 1816 cnnsuli
322 1745 375 1816 ius
400 1757 459 1815 cst.
1114 1837 1118 1843 ν

238 1891 326 1940 m.
377 1871 453 1940 Post
501 1891 625 1962 paucus
662 1869 732 1940 dies
769 1873 809 1941 L.
844 1871 972 1942 Saenius
1016 1871 1150 1960 senator
1187 1874 1222 1942 in
1259 1883 1375 1944 senatu

164 1993 292 2065 litterm
316 1993 486 2075 recitavit,
511 2015 594 2084 quas
618 1993 756 2065 Faesnlis
780 1993 897 2065 allatas
921 1965 1160 2101 sibisdicebnt,
1195 1997 1229 2066 in
1255 1995 1376 2088 quibus

164 2119 326 2214 seriptum
351 2128 439 2201 erat,
479 2119 517 2188 G.
544 2118 707 2189 Manlium
740 2139 832 2190 arma
866 2108 992 2212 cepisie
1036 2143 1113 2190 cum
1138 2143 1261 2212 magna
1286 2122 1376 2190 mul-

162 2243 305 2316 titudine
337 2254 413 2314 ante
438 2243 526 2314 diem
551 2245 608 2314 Vl.
638 2243 805 2314 Kalendas
830 2244 1037 2326 Novembris.
1076 2245 1201 2325 Simul,
1227 2243 1261 2313 id
1287 2244 1376 2336 quud

165 2370 202 2438 in
227 2369 288 2439 tali
312 2391 350 2440 re
374 2369 476 2450 solet,
509 2367 569 2438 ulii
592 2376 742 2460 portenta
767 2377 867 2460 atquc
892 2369 1044 2462 prodigia
1068 2369 1283 2449 nuntiabant,
1318 2368 1375 2440 alii

165 2503 347 2564 conventus
374 2492 463 2574 lieri,
489 2513 583 2562 arma
608 2493 752 2583 portari,
779 2493 901 2585 Capua
927 2502 1025 2586 atque
1051 2493 1085 2564 in
1110 2494 1232 2587 Apulia
1257 2493 1376 2564 servile

164 2617 295 2688 bellum
319 2617 455 2688 moveri.
494 2617 600 2707 lgitur
620 2625 755 2686 senatus
780 2617 911 2686 decreto
937 2616 978 2701 Q.
993 2618 1137 2690 Marcius
1163 2619 1236 2688 Rex
1261 2620 1377 2689 Fusu-

165 2742 237 2820 las,
263 2740 305 2823 Q.
321 2740 474 2811 Metellus
491 2739 639 2810 Creticus
665 2739 698 2809 in
716 2739 874 2832 Apuliam
901 2740 1093 2834 circumque
1111 2765 1150 2812 ea
1168 2743 1240 2814 loca
1266 2741 1375 2822 missi;

165 2865 300 2956 unique
333 2863 376 2934 ad
401 2864 518 2935 urbem
537 2863 770 2956 imperatores
802 2874 910 2945 crant,
946 2863 1083 2956 inpediti
1116 2865 1160 2934 ne
1190 2866 1377 2958 triumpha·

167 3001 243 3060 rent
287 2989 452 3060 calumnia
481 3009 699 3081 paucorum,
734 2987 854 3079 quibus
885 2988 996 3058 omnia
1022 2988 1160 3059 honesta
1189 2999 1288 3082 atque
1322 2991 1377 3059 in·

166 3113 308 3186 honesta
331 3104 476 3208 rendepb
501 3133 572 3182 mus
596 3120 678 3181 erut.
730 3110 795 3181 Sed
819 3121 976 3203 praetnres
1003 3109 1045 3194 Q.
1069 3112 1245 3205 Pompeius
1271 3113 1376 3184 Rufus

167 3238 338 3330 Capuam,
364 3236 408 3320 Q.
434 3235 588 3308 Metellus
614 3234 713 3305 Celer
738 3234 772 3304 in
798 3257 917 3325 agrum
941 3235 1122 3317 Picenum3
1153 3235 1272 3328 hisque
1297 3260 1377 3329 per·

166 3361 324 3442 missum
358 3358 407 3429 nti
435 3381 497 3451 pro
521 3368 669 3451 tempure
694 3366 792 3450 atque
817 3359 967 3451 periculo
993 3359 1177 3430 exercitum
1203 3381 1377 3453 compara·

165 3493 253 3556 rent.
312 3481 366 3552 Ad
402 3481 484 3564 bec,
522 3481 552 3550 si
585 3480 659 3573 quis
693 3480 903 3552 indicavisset
939 3483 981 3552 dc
1020 3481 1261 3566 coniuratione,
1302 3507 1376 3576 quae

166 3619 284 3680 eontra
304 3607 559 3701 rempublicam
588 3607 672 3677 lacta
697 3617 787 3690 erat,
812 3606 987 3699 praemium
1013 3630 1109 3678 servu
1135 3608 1320 3680 libertatem
1346 3619 1378 3680 et

167 3734 317 3805 sestertia
342 3744 490 3817 centnm,
515 3733 622 3804 libero
647 3733 878 3826 impunitatem
904 3733 975 3804 eins
1006 3733 1057 3803 rei
1082 3744 1116 3804 et
1139 3736 1288 3805 sestertia
1313 3721 1377 3807 du-

167 3871 283 3941 centn
310 3860 456 3951 itemque
481 3857 678 3939 decrevere,
704 3858 753 3928 uti
778 3858 982 3949 gladiatoriae
1009 3858 1143 3930 lumiliae
1169 3860 1318 3952 Capuam
1345 3872 1378 3930 ct

167 3983 203 4052 in
221 3993 330 4054 cetera
347 3982 528 4074 municipia
544 3982 821 4055 distribuerentur
844 4005 905 4074 pm
923 3982 1083 4075 cuiusque
1100 3983 1237 4076 opibus,
1262 3985 1378 4070 Reme

167 4131 229 4202 per
258 4119 360 4178 tutam
394 4108 511 4178 urbem
544 4106 668 4199 vigilie
703 4107 905 4178 haberentur
942 4108 1049 4199 iisque
1088 4107 1234 4179 minores
1268 4108 1378 4200 magi·

167 4243 285 4304 suarm
310 4241 499 4326 preessent.

241 4381 342 4430 mr.
393 4357 523 4442 Quibus
548 4359 648 4429 rebus
673 4367 822 4451 permuta
843 4357 957 4428 civitas
982 4369 1081 4450 atque
1098 4359 1259 4429 inmutata
1285 4357 1377 4428 urbis

169 4483 269 4554 iacies
294 4491 385 4562 erut3
420 4503 465 4550 ex
494 4502 622 4552 summa
656 4481 770 4551 laetitia
786 4491 901 4574 ¹utque
932 4482 1087 4564 lascivia,
1121 4505 1196 4573 quae
1223 4482 1377 4552 diuturna

168 4611 263 4702 quies
300 4617 492 4701 pepererat,
536 4617 671 4700 repente
709 4607 815 4676 omnis
853 4607 982 4677 tristitia
1019 4607 1158 4689 invasit3
1202 4607 1377 4688 festinare,

168 4734 360 4830 trepidare;
390 4756 501 4826 neque
530 4734 604 4805 lucu
633 4755 743 4826 neque
772 4733 901 4806 bomini
935 4735 1090 4827 cuiquam
1120 4735 1197 4804 satis
1224 4709 1380 4814 credere,v

1178 4851 1217 4916 2⁸
