3610 5592
1357 639 1403 707 ta

186 838 341 933 publica
357 848 545 936 uenturum.
589 839 673 910 Nam
690 858 779 928 saepe
796 857 859 928 ego
876 834 1004 919 audivi,
1023 836 1184 920 Quintum
1200 839 1404 918 Maxumum,

188 962 354 1034 Publium
380 961 588 1055 Scipionem,
614 970 778 1054 praterea
804 961 945 1030 civitatis
971 971 1092 1031 nostra
1116 963 1294 1055 praeclaros
1317 962 1405 1033 viros

189 1087 310 1158 solitos
323 1087 367 1157 ita
388 1086 517 1167 dicere,
536 1107 612 1156 cum
627 1084 792 1156 maiorum
805 1084 969 1175 imagines
984 1085 1201 1168 intuerentur,
1223 1085 1407 1156 vehemen-

191 1212 335 1282 tissume
361 1211 425 1280 sibi
450 1209 600 1280 animum
619 1209 661 1278 ad
686 1209 841 1279 virtutem
859 1209 1009 1280 accendi.
1052 1211 1186 1281 Scilicet
1210 1233 1276 1280 non
1294 1233 1406 1280 ceram

195 1337 293 1406 illam
318 1358 428 1429 neque
454 1333 597 1426 figuram
622 1343 748 1403 tantam
767 1333 834 1403 virn
861 1334 895 1402 in
926 1356 999 1404 sese
1025 1333 1168 1419 habere,
1194 1336 1253 1405 sed
1277 1358 1407 1405 memo-

192 1459 250 1530 ria
276 1482 387 1530 rerum
419 1468 588 1551 gestarum
622 1481 697 1527 eam
723 1456 895 1528 llammam
921 1457 1066 1550 egregiis
1099 1457 1179 1529 viris
1213 1460 1248 1528 in
1273 1470 1407 1553 pectore

194 1605 364 1666 crescere,
391 1605 500 1676 neque
518 1583 609 1674 prius
626 1580 755 1664 sedari,
782 1605 883 1673 quam
895 1581 999 1653 virtus
1017 1605 1132 1654 corum
1158 1584 1282 1654 lamam
1307 1594 1407 1678 atque

195 1709 341 1800 gloriam
366 1707 601 1801 adaequaverit.
652 1707 695 1776 lt
720 1715 849 1787 contra,
876 1705 951 1799 quis
977 1717 1027 1776 est
1050 1707 1199 1777 omnium
1224 1707 1277 1778 bis
1300 1709 1407 1778 mori-

194 1833 279 1914 bus,
305 1832 385 1925 quin
412 1831 535 1902 divitiis
560 1840 592 1900 et
608 1829 804 1923 sumptibus,
830 1853 896 1900 non
922 1830 1085 1923 probitate
1110 1854 1219 1926 neque
1245 1832 1408 1905 industria

195 1981 275 2027 cnm
299 1956 482 2026 maioribus
507 1956 574 2025 suis
601 1953 799 2025 contendat?
826 1954 926 2024 etiam
939 1954 1092 2026 homines
1108 1958 1199 2039 novi,
1225 1958 1284 2051 qui
1309 1969 1407 2028 antea

193 2103 259 2174 per
282 2081 437 2152 virtutem
463 2080 550 2149 soliti
576 2088 671 2148 erant
695 2078 902 2149 nobilitatem
919 2080 1125 2161 antevenire,
1152 2081 1265 2151 lentim
1291 2091 1324 2151 ct
1346 2106 1407 2176 pcr

195 2205 372 2276 latrocinia
403 2203 512 2296 potius
546 2227 647 2296 quam
673 2201 769 2273 bonis
800 2203 925 2274 artibus
961 2204 1003 2274 ad
1029 2206 1172 2298 imperia
1197 2217 1228 2276 et
1262 2206 1406 2277 honores

196 2331 364 2410 nituntnr;
390 2327 530 2421 perinde
555 2327 652 2420 quasi
677 2337 821 2419 praetura
846 2337 879 2396 ct
898 2329 1088 2400 consulatus
1114 2340 1213 2422 atque
1240 2330 1306 2400 alia
1332 2355 1408 2402 om-

196 2455 254 2525 nia
278 2451 508 2525 huiuscemodi
533 2475 594 2544 per
619 2474 654 2521 se
680 2451 752 2544 ipsa
778 2451 870 2522 clara
888 2445 942 2542 (et)
968 2452 1150 2544 magnifica
1175 2453 1255 2535 sint,
1282 2478 1322 2524 ac
1340 2479 1407 2538 non

195 2578 335 2673 perinde
360 2577 565 2658 habeantur,
601 2587 637 2647 ut
671 2599 804 2656 eorum,
839 2576 898 2668 qui
932 2599 972 2646 ea
1004 2577 1181 2658 sustinent,
1215 2578 1319 2648 virtus
1345 2590 1405 2650 est.

195 2705 321 2774 Verum
339 2725 402 2793 ego
423 2701 560 2772 liberius
585 2700 750 2792 altiusque
773 2700 929 2793 processi,
956 2701 1036 2772 dum
1048 2724 1102 2771 me
1122 2701 1406 2773 civitatismorum

194 2827 288 2920 piget
313 2825 493 2918 taedetquc;
520 2847 609 2895 nunc
634 2823 677 2893 ad
704 2824 869 2916 inceptum
895 2824 1007 2895 redeo.

269 2974 303 3020 v.
355 2950 487 3020 Bellum
517 2949 698 3042 scripturus
723 2970 815 3031 sum,
851 2950 940 3044 quod
965 2952 1107 3044 populus
1133 2953 1303 3021 Romanus
1330 2975 1406 3022 cunr

194 3073 377 3167 lugurtba,
404 3097 484 3166 rege
503 3072 735 3154 Numidarum,
762 3073 885 3164 gessit,
912 3076 1057 3166 primum
1083 3075 1162 3169 quia
1187 3098 1348 3167 magnum
1374 3087 1407 3145 ct

195 3209 291 3270 atrox
315 3198 476 3290 variaque
500 3197 639 3267 victoria
664 3196 742 3280 luit,
769 3197 846 3268 dein
873 3198 953 3290 quia
978 3209 1055 3268 tunc
1080 3201 1225 3292 primum
1243 3200 1406 3292 superbiae

194 3323 377 3395 nobilitatis
403 3321 536 3392 obviam
562 3321 645 3391 itum
671 3331 736 3404 est,
771 3343 846 3414 quac
873 3322 1039 3393 contentio
1066 3322 1176 3393 divina
1202 3334 1236 3393 et
1259 3321 1407 3393 humana

196 3456 315 3516 cuncta
341 3443 536 3537 permiscuit
560 3466 667 3536 coque
692 3444 856 3514 vecordiae
883 3447 1060 3537 processit,
1094 3458 1131 3517 ut
1155 3447 1271 3518 studiis
1297 3446 1407 3517 civili-

196 3571 257 3642 bus
282 3569 412 3640 bellum
438 3579 537 3661 atque
562 3568 697 3639 vastitas
710 3567 813 3638 ltaliae
840 3567 942 3637 finem
959 3570 1092 3656 laceret.
1128 3570 1193 3642 Sed
1210 3572 1406 3669 priusquam

196 3693 427 3765 huiuscemodi
452 3693 502 3764 rei
519 3693 649 3763 initium
676 3691 869 3785 expediam,
897 3715 1005 3785 pauca
1030 3716 1131 3787 supra
1148 3705 1312 3788 repetam,
1339 3722 1406 3792 quo

196 3818 238 3888 ad
264 3816 533 3910 cognoscendum
567 3816 682 3886 omnia
706 3815 860 3886 inlustria
892 3817 999 3908 magis
1025 3818 1199 3912 magisque
1231 3820 1264 3890 in
1292 3834 1407 3916 aperto

197 3944 271 4014 sint.
323 3942 419 4012 bello
444 3940 570 4010 Punico
594 3939 755 4023 secundo,
782 3963 849 4033 quo
874 3939 944 4010 dux
968 3940 1294 4034 Carthaginiensium
1310 3948 1406 4016 Han-

196 4067 288 4138 nibal
324 4077 398 4160 post
430 4063 697 4156 magnitudinem
729 4064 874 4133 nominis
908 4065 1050 4136 Romani
1080 4067 1185 4137 ltaliae
1218 4092 1297 4162 opes
1331 4092 1406 4139 ma-

196 4214 296 4262 xume
309 4191 499 4272 adtriverat,
517 4189 702 4271 Masinissa,
720 4211 781 4258 rex
792 4187 1024 4272 Numidarum,
1038 4189 1072 4258 in
1091 4191 1270 4262 amicitiam
1288 4215 1406 4284 recep-

197 4327 248 4388 tus
273 4339 293 4386 a
318 4316 356 4386 P.
383 4314 552 4407 Scipione,
591 4313 646 4383 cni
676 4322 791 4406 postca
816 4312 975 4383 Africano
1008 4335 1194 4405 cognomen
1220 4337 1262 4383 ex
1286 4316 1405 4385 virtute

198 4440 271 4522 luit,
296 4440 403 4510 multa
432 4447 464 4508 et
488 4438 651 4531 praeclara
667 4437 717 4508 rei
742 4436 895 4507 militaris
908 4436 1057 4508 lacinora
1082 4439 1224 4509 lecerat:
1250 4439 1293 4508 ob
1319 4462 1404 4531 quae,

198 4564 288 4634 victis
315 4562 648 4655 Carthaginiensibus
667 4571 700 4631 ct
724 4572 821 4654 capto
839 4560 975 4645 Sulacc,
1003 4562 1096 4632 cuius
1118 4563 1152 4632 in
1178 4563 1292 4634 Africa
1309 4586 1407 4656 mag·

201 4711 276 4759 num
290 4699 390 4780 atque
407 4688 474 4757 late
491 4687 669 4780 imperium
682 4685 797 4770 valuit,
820 4687 962 4779 populus
980 4687 1161 4771 Romanus,
1177 4710 1405 4781 quascumque

1183 4811 1202 4869 l
