3554 5600
476 659 543 728 196

472 857 629 950 praeclara
654 855 788 948 ingenia
819 855 1019 926 labefactare
1053 867 1239 948 potuerunt.
1291 856 1388 941 Quod
1412 857 1441 925 si
1467 857 1609 928 citeutur
1634 856 1671 926 hi

471 981 585 1074 populi
611 1002 741 1050 rursum
767 979 932 1060 divinitus,
967 989 1065 1072 atque
1090 980 1159 1049 istae
1192 980 1289 1052 urbes
1319 980 1457 1051 redeant
1489 982 1522 1050 in
1552 991 1672 1051 statum

470 1105 697 1178 vetustissimae
722 1103 908 1194 dignitatis,
947 1114 1034 1174 certe
1068 1127 1133 1174 non
1164 1105 1235 1197 ipso
1260 1106 1384 1175 scelere
1409 1117 1466 1175 tuo
1491 1107 1674 1199 quicquam

471 1232 505 1299 in
531 1253 585 1300 me
610 1229 774 1300 crudelius
799 1251 862 1299 nec
887 1229 1066 1321 quicquam
1098 1228 1203 1318 magis
1228 1229 1509 1300 extimescendum
1534 1230 1674 1300 molitu-

471 1379 524 1426 ras
549 1355 649 1425 luisse
674 1352 911 1445 praedicabunt.
956 1352 1018 1422 Sed
1045 1351 1086 1422 ad
1114 1364 1144 1421 te
1169 1352 1281 1422 redeo.

544 1503 639 1550 xxvr.
691 1481 925 1572 Temperarem
961 1501 1024 1568 ego
1056 1488 1179 1548 memet
1213 1478 1296 1548 milri
1334 1501 1532 1570 cursumque
1569 1477 1673 1546 istum

471 1605 623 1674 violentae
648 1603 804 1673 orationis
830 1603 939 1673 forsan
969 1602 1189 1672 revocandum
1220 1625 1290 1672 esse
1320 1603 1502 1674 iudicarem
1531 1611 1599 1670 tum
1625 1601 1672 1670 ab

470 1728 548 1798 odio
572 1737 641 1806 tuo,
668 1737 737 1796 tum
763 1725 804 1796 ab
829 1725 900 1818 ipsa
925 1725 1056 1794 dicendi
1082 1727 1272 1809 acerbitate,
1298 1726 1325 1796 si
1350 1750 1451 1820 quem
1474 1727 1509 1796 in
1533 1736 1565 1795 tc
1590 1747 1674 1793 sen-

471 1873 543 1921 sum
561 1851 676 1944 patriae
694 1849 836 1920 caritatis
858 1849 1050 1940 aspicerem,
1078 1861 1136 1921 aut
1161 1851 1229 1920 ullo
1254 1861 1287 1920 te
1312 1862 1433 1944 puncto
1458 1874 1551 1944 posse
1576 1849 1673 1920 arbi·

472 1983 578 2043 trarer
594 1974 788 2043 sceleratam
808 1973 903 2044 istam
930 1984 1074 2043 mentem
1100 1973 1301 2066 relinquere.
1344 1973 1409 2044 Sed
1435 1973 1468 2044 id
1493 1997 1598 2066 genus
1621 1985 1672 2044 est

472 2096 685 2191 cupiditatum
713 2107 859 2178 tuarum,
890 2109 927 2166 ut
950 2097 1260 2187 restinguendamm
1285 2098 1395 2167 forsan
1420 2099 1582 2168 rationem
1605 2097 1673 2166 ali-

471 2243 572 2314 quam
598 2213 761 2314 consequi
771 2221 885 2314 possis,
912 2219 1134 2290 sanandarum
1151 2221 1296 2292 nullam:
1322 2245 1386 2292 nec
1411 2233 1441 2291 te
1458 2221 1550 2314 prius
1566 2221 1674 2290 amis-

472 2369 585 2416 summ
610 2345 856 2438 perversitatem
887 2346 981 2414 istam
1007 2344 1110 2414 animi
1135 2357 1224 2438 puto,
1257 2369 1357 2438 quam
1381 2346 1482 2416 vitam
1507 2348 1671 2417 amiseris.

471 2472 601 2541 Vellem
626 2471 849 2551 reviviscamus,
875 2469 985 2540 Ahala
1011 2469 1141 2540 Servili!
1169 2493 1234 2540 nou
1261 2481 1511 2566 expectaremus
1536 2483 1673 2541 senten-

470 2595 551 2664 tiam
576 2595 734 2676 iudicum,
760 2617 867 2689 neque
892 2594 981 2664 abuti
1006 2595 1176 2664 maiestate
1202 2606 1333 2665 senatus
1351 2607 1449 2688 atque
1476 2599 1672 2668 auctoritate

471 2719 587 2811 populi
612 2719 764 2802 Romani,
797 2718 855 2788 sed
881 2719 1143 2810 magnitudinem
1169 2721 1247 2789 tanti
1274 2721 1391 2812 flagitii
1424 2723 1586 2814 sanguine
1614 2735 1673 2792 tuo

472 2845 579 2912 statim
615 2844 825 2936 expiavisses.
879 2845 963 2914 Nam
996 2843 1037 2912 de
1066 2857 1196 2913 senatus
1221 2845 1387 2915 voluntate
1414 2843 1499 2914 nihil
1526 2847 1673 2938 ambigi-

473 2988 563 3046 mus;
594 2967 695 3037 modo
721 2989 785 3037 non
812 2966 1027 3061 impediretur
1053 2967 1192 3059 legibus,
1230 2979 1364 3060 repente
1389 2969 1535 3060 proiecto
1561 2970 1672 3041 fueras

472 3112 587 3184 poenas
625 3092 801 3184 impietatis
835 3102 898 3162 tuae
931 3091 1141 3183 dignissimas
1173 3092 1308 3162 laturus.
1362 3093 1496 3165 Utinam
1521 3097 1672 3166 Deorum

473 3213 709 3285 immortalium
736 3237 891 3296 munere,
919 3215 1058 3294 ludices,
1093 3224 1235 3284 mentem
1268 3227 1366 3308 atque
1397 3216 1547 3286 animum
1573 3217 1672 3289 buius

473 3340 773 3432 introspiceremus,
808 3364 850 3411 ne
881 3365 948 3435 qua
973 3341 1064 3411 vobis
1089 3341 1183 3411 fieret
1213 3342 1371 3435 puniendi
1405 3341 1578 3424 dubitatio,
1614 3343 1672 3434 qui

472 3473 599 3535 tuntum
624 3467 785 3538 scelerum
811 3466 946 3558 ingenio
971 3464 1190 3536 conflavisset.
1228 3465 1389 3536 Videretis
1413 3466 1503 3536 enim
1525 3479 1671 3536 mentem

472 3587 685 3659 anhelantem
710 3589 929 3660 tristissimum
954 3611 1059 3681 genus
1085 3589 1259 3670 minarum,
1288 3601 1433 3658 mentem
1458 3588 1672 3660 debacchan-

470 3719 538 3778 tem
563 3711 710 3782 inaudita
740 3712 879 3794 feritate,
918 3713 1079 3783 furentem
1109 3711 1294 3782 incredibili
1321 3712 1467 3794 vesania,
1504 3713 1670 3783 sitientem

472 3835 598 3905 cruoris
618 3837 748 3920 urbani,
775 3839 894 3932 praedae
918 3837 1151 3918 avidissimam,
1177 3838 1270 3908 vobis
1286 3849 1384 3931 atque
1404 3840 1557 3912 omnibus
1582 3843 1671 3912 terro

471 3957 673 4056 flammaque
697 3965 916 4035 minitantem.
1335 4043 1338 4050 ¹

527 4104 635 4157 xxvu.
686 4087 861 4158 Catilinam
886 4088 980 4158 vobis
1009 4087 1312 4172 demonstravimus,
1339 4089 1479 4172 ludices,
1505 4091 1669 4160 irritatum

472 4239 620 4311 persepe
645 4211 785 4305 repulsis
812 4211 1043 4293 comitialibus,
1078 4210 1188 4281 nullas
1212 4233 1330 4281 vocum
1355 4220 1411 4282 aut
1435 4211 1669 4304 suffragiorum

472 4339 674 4432 corruptelas
700 4336 799 4408 luisse
826 4345 1106 4427 praetergressum,
1136 4335 1254 4405 deinde
1280 4337 1381 4406 nullis
1404 4337 1591 4407 rationibus
1616 4338 1669 4406 in-

471 4463 611 4534 fractum
649 4483 688 4531 ac
722 4459 931 4551 perterritum
971 4457 1012 4528 de
1050 4461 1294 4551 perseverantia
1329 4459 1491 4530 scelerum
1534 4484 1668 4532 suorum

471 4586 650 4657 exstitisse:
683 4583 803 4677 quibus
829 4582 1089 4652 animadvertere
1114 4607 1195 4654 saue
1219 4585 1364 4677 potestis,
1390 4596 1515 4678 quanta
1539 4608 1668 4678 semper

471 4709 673 4780 immanitate
712 4706 913 4778 laboraverit
946 4706 1145 4776 ambitionis.
1193 4707 1347 4799 Superest
1379 4709 1559 4781 novissima
1592 4729 1667 4801 pars
