3576 5602
460 625 532 697 d32

459 825 659 906 consulibus,
686 837 722 895 nt
746 828 781 896 in
805 828 971 898 veteribus
996 827 1242 897 commentariis
1259 829 1418 920 seriptum
1437 843 1496 911 est,
1522 834 1657 902 Naevius

460 961 508 1020 est
533 963 700 1031 mortuus;
732 975 934 1046 quamquam
960 954 1068 1023 Varro
1094 965 1205 1021 noster
1231 953 1502 1043 diligentissimus
1528 959 1657 1026 investi-

459 1085 556 1166 gator
581 1073 784 1165 antiquitatis
810 1085 903 1167 putat
928 1075 962 1143 in
990 1074 1052 1144 hoe
1078 1087 1224 1144 erratum
1250 1077 1417 1169 vitamque
1444 1080 1558 1148 Naevii
1582 1103 1656 1172 pro-

460 1196 550 1267 ducit
569 1197 712 1288 longius.
756 1199 861 1268 Cicero
887 1201 922 1266 in
946 1199 1047 1266 Bruto
1069 1197 1125 1278 16,
1153 1197 1211 1270 60.
1254 1202 1292 1268 ln
1319 1201 1491 1270 comoedia
1516 1203 1656 1272 manime

460 1320 697 1400 claudicamus,
733 1320 808 1389 licet
834 1321 940 1390 Varro
965 1323 1075 1392 Musas
1100 1322 1189 1392 Aelii
1216 1323 1350 1392 Stilonis
1376 1326 1538 1393 sententia
1563 1327 1658 1395 Plau·

459 1449 528 1517 tino
554 1447 641 1516 dicat
671 1467 823 1515 sermone
849 1447 1016 1516 locuturas
1049 1448 1167 1527 luisse,
1208 1451 1236 1518 si
1262 1453 1379 1520 Latine
1413 1451 1506 1542 loqui
1529 1450 1656 1519 vellent

461 1571 684 1655 Quintilianus
707 1571 809 1638 instit.
832 1568 888 1649 10,
920 1570 950 1650 1,
978 1569 1037 1640 99.
1079 1570 1309 1664 Adelphorum
1337 1567 1512 1662 [Terentii]
1538 1573 1657 1665 princi-

458 1695 550 1788 pium
578 1696 682 1763 Varro
708 1694 806 1762 etiam
833 1696 976 1786 praefert
1001 1695 1165 1788 principio
1190 1696 1376 1767 Menandri.
1415 1698 1581 1766 Suetonius
1595 1700 1656 1764 oitn

463 1820 599 1888 Terentii
611 1818 646 1888 2.
747 1819 807 1888 dd.
835 1820 940 1889 Varro
957 1821 1186 1890 Humanarum
1205 1842 1336 1890 rerum:
1362 1823 1541 1890 Numerius
1557 1820 1656 1912 Equi-

458 1941 523 2011 tius
546 1943 668 2033 Cnpes,
701 1941 819 2034 inquit,
854 1954 885 2011 et
911 1941 1091 2012 Romanius
1116 1944 1275 2013 Macellus
1304 1943 1468 2034 singulari
1492 1943 1657 2013 latrocinio

458 2067 563 2136 multa
589 2067 660 2135 loca
686 2065 875 2135 habuerunt
899 2066 1026 2135 infesta.
1075 2067 1136 2136 His
1166 2067 1200 2135 in
1226 2067 1364 2136 exilium
1390 2069 1473 2137 actis
1498 2068 1656 2159 publicata

458 2203 534 2261 sunt
559 2192 645 2260 bona
671 2201 704 2258 et
728 2190 827 2259 aedes
859 2190 916 2259 nbi
944 2190 1137 2260 habitabant
1161 2192 1302 2271 dirutae,
1340 2214 1426 2284 eque
1460 2215 1499 2261 ea
1525 2191 1656 2284 pecnnia

459 2318 568 2388 scalae
595 2317 694 2386 deum
722 2317 893 2386 Penatium
919 2317 1112 2387 aedificatae
1138 2328 1229 2397 sunt3
1258 2319 1314 2388 ubi
1341 2318 1546 2397 habitabant,
1572 2319 1656 2387 locus

458 2441 516 2512 nbi
543 2440 695 2510 venirent
728 2463 768 2510 ea
797 2463 883 2532 qnae
916 2442 1069 2511 vescendi
1101 2465 1199 2511 causa
1230 2443 1262 2511 in
1289 2445 1405 2513 urbem
1435 2453 1529 2512 erant
1553 2443 1655 2512 allata.

459 2569 575 2658 ltaque
600 2564 643 2635 ab
675 2565 780 2634 altero
812 2566 1004 2646 Macellum,
1046 2566 1088 2635 ab
1117 2568 1221 2635 altero
1253 2569 1360 2637 sorum
1396 2567 1577 2659 Cupedinis
1603 2587 1657 2656 ap-

459 2692 618 2784 pellatum
645 2702 703 2759 est.
752 2690 900 2758 Donatus
925 2693 969 2759 od
997 2691 1064 2760 Ter.
1094 2691 1176 2760 Eun.
1205 2691 1240 2770 2,
1275 2691 1310 2772 2,
1341 2690 1401 2762 25.
1449 2690 1655 2784 Cuppediaa

459 2814 637 2908 cupiditate
664 2823 739 2882 sunt
764 2813 861 2892 dicta,
889 2815 941 2883 vel
959 2813 1042 2882 sicut
1059 2814 1165 2883 Varro
1191 2815 1246 2894 ait,
1273 2813 1361 2906 quod
1390 2815 1434 2884 ibi
1461 2816 1657 2906 fueritCup-

458 2939 588 3034 pedinis
622 2938 741 3030 equitis
776 2937 905 3018 domus,
945 2938 1002 3030 qui
1036 2938 1142 3007 suerat
1172 2937 1215 3007 ob
1241 2939 1451 3008 latrocinium
1478 2938 1656 3009 damnatus.

460 3069 578 3138 Paulus
604 3062 704 3134 tina
736 3087 761 3132 s.
784 3089 813 3132 u.
841 3065 971 3156 Cuppes.
998 3069 1056 3156 cfr.
1082 3065 1202 3134 Paulus
1230 3065 1285 3133 lib.
1307 3063 1347 3135 11
1378 3089 1403 3134 s.
1429 3090 1459 3134 u.
1487 3067 1656 3142 Macellum,

462 3195 565 3262 Varro
590 3192 628 3258 de
653 3190 689 3258 L.
712 3189 749 3256 L.
781 3186 815 3267 5,
845 3184 926 3257 147.
1027 3187 1086 3256 65.
1119 3189 1170 3256 De
1196 3199 1387 3280 quartorum
1414 3188 1572 3258 ludorum
1596 3184 1658 3272 [se-

460 3312 638 3400 cularium]
665 3333 753 3381 anno
780 3320 842 3379 etc.
868 3333 967 3403 supro
991 3335 1023 3403 p.
1051 3309 1135 3392 294,
1169 3311 1228 3383 25.
1276 3311 1507 3382 Aemilianum
1534 3311 1658 3380 ..Sci-

459 3441 595 3533 pionem
631 3438 736 3507 Varro
771 3445 886 3504 auctor
924 3445 972 3503 est
1012 3433 1169 3504 donatum
1205 3433 1404 3504 obsidionali
1439 3430 1597 3524 [corona]
1628 3435 1657 3502 in

458 3565 573 3635 Alrica
596 3562 733 3634 Manilio
759 3561 905 3640 consule,
933 3559 1123 3630 cohortibus
1143 3561 1279 3629 servatis
1305 3561 1508 3654 totidemque
1535 3565 1579 3634 ad
1595 3586 1658 3634 ser·

458 3687 584 3758 vandas
610 3709 665 3755 eas
692 3684 827 3754 eductis.
865 3685 990 3752 Plinius
1010 3699 1077 3754 not.
1100 3685 1172 3754 hist.
1193 3683 1252 3765 22,
1279 3684 1392 3765 6,13.
1496 3690 1558 3758 66.
1586 3691 1658 3758 Pro-

460 3813 545 3881 lecto
570 3829 729 3899 magnum
760 3819 808 3875 est
839 3806 927 3899 quod
954 3808 1059 3878 Varro
1085 3819 1333 3889 commemorat,
1367 3810 1536 3881 Vestalem
1564 3812 1658 3902 virgi-

460 3957 549 4012 nem,
585 3955 660 4001 enm
687 3929 928 4022 periclitaretur
958 3930 1041 3999 lalsa
1075 3929 1261 4021 suspicione
1292 3930 1332 4000 de
1358 3943 1482 4024 stupro,
1518 3935 1658 4006 cribrum

461 4061 613 4154 implesse
644 4080 730 4149 aqua
763 4055 803 4125 de
828 4057 942 4127 Tiberi
974 4056 1070 4125 etad
1097 4079 1174 4126 suos
1200 4056 1326 4126 indices
1351 4059 1442 4127 nulla
1474 4059 1548 4129 eius
1574 4071 1657 4153 parte

461 4185 603 4254 stillante
629 4192 785 4274 portasse.
830 4184 1027 4272 ,dupustiuus
1053 4183 1174 4250 decio.
1202 4185 1254 4251 dri
1278 4181 1338 4264 22,
1368 4183 1424 4262 11,
1452 4181 1487 4254 3.
1514 4191 1574 4277 cfr.
1596 4187 1658 4255 Pli-

460 4313 534 4380 nius
550 4324 616 4378 not.
635 4308 707 4375 hist.
727 4301 785 4384 28,
806 4303 839 4384 2,
871 4302 927 4373 12.
1027 4306 1086 4374 67.
1115 4307 1219 4374 Varro
1241 4307 1282 4376 de
1305 4308 1371 4376 vita
1389 4309 1422 4376 P.
1447 4308 1486 4376 R.
1507 4309 1566 4379 lib.
1586 4311 1657 4380 llll:

461 4431 511 4526 [C.
539 4429 726 4517 Gracchus]
762 4428 795 4496 in
822 4451 915 4521 spem
942 4427 1141 4508 adducebat,
1176 4452 1241 4498 non
1273 4432 1348 4522 plns
1372 4431 1538 4502 soluturos
1565 4456 1658 4526 qnam

458 4561 601 4638 vellent3
636 4554 780 4648 iniquius
806 4552 951 4647 equestri
977 4552 1084 4622 ordini
1112 4552 1234 4622 indicia
1259 4555 1402 4636 tradidit,
1429 4579 1468 4626 ac
1494 4557 1658 4650 bicipitem

459 4684 627 4754 civitatem
642 4679 729 4758 lecit,
747 4675 986 4746 discordiarum
1003 4675 1151 4746 civilium
1165 4677 1299 4747 iontem.
1324 4678 1450 4748 Nonius
1459 4703 1493 4770 p.
1504 4679 1590 4763 454,
1604 4681 1656 4753 21.
