3702 5600
416 576 488 646 536

416 777 583 851 tarpratum
612 771 736 832 iudiciis
765 772 897 848 dill'arat,
933 770 1060 846 etquid
1088 772 1161 830 novi
1182 771 1329 845 attulerit,
1361 769 1504 845 equidem
1525 769 1620 829 intol-

416 879 513 956 ligere
539 897 597 940 oon
625 897 759 956 possum.
787 880 952 938 catervatim
973 877 1042 937 Bas.
1065 878 1120 938 sod
1143 878 1174 937 in
1197 878 1332 954 margine
1353 879 1502 935 armabor
1525 876 1619 953 paulo

416 989 489 1061 post
519 985 726 1059 proeliarentur
758 985 918 1061 scripturae
952 984 1061 1044 mando
1101 1000 1156 1060 pro
1188 983 1368 1058 probamur.
1402 981 1478 1057 apud
1508 984 1620 1057 prinus

417 1095 481 1148 orat
518 1089 577 1166 spl.
612 1091 740 1166 oqitodot
777 1089 845 1148 Par.
880 1108 905 1148 u.
936 1095 1042 1149 oootra
1072 1090 1118 1148 bia
1148 1089 1339 1148 retinendum
1373 1092 1430 1146 ast.
1462 1087 1621 1146 advertitur

416 1196 507 1256 Paris
529 1215 554 1255 u.
581 1212 639 1273 pro
661 1199 783 1272 erumpit
802 1215 820 1257 e
841 1195 1007 1256 Basiliaosi
1034 1199 1128 1270 oropo
1150 1195 1258 1272 reponi
1280 1199 1417 1271 poterat:
1452 1195 1513 1253 atsi
1539 1193 1620 1254 enim

416 1301 556 1380 primitus
581 1304 697 1364 lineola
728 1320 822 1381 supra
852 1304 968 1380 scripta
1001 1301 1067 1377 suit,
1097 1307 1197 1362 tamon
1227 1317 1306 1360 nuno
1339 1317 1376 1360 aa
1407 1316 1498 1359 arasa
1526 1302 1622 1374 mouit

417 1410 578 1486 lugendum
599 1415 656 1471 ast.

500 1534 524 1577 o.
543 1519 608 1576 102.
624 1517 746 1578 vallada
764 1533 797 1575 ae
817 1516 873 1594 spl.
894 1514 1281 1576 omouasmmorur.
1297 1515 1412 1574 otPar.
1426 1533 1451 1573 a.
1466 1532 1504 1573 m.
1522 1517 1547 1574 1.
1562 1514 1620 1572 sed

417 1623 447 1682 in
473 1623 533 1684 boo
553 1640 570 1681 e
591 1623 648 1700 spl.
677 1622 739 1682 Sod
763 1627 860 1682 utrum
880 1622 916 1681 do
938 1640 972 1682 aa
993 1640 1031 1681 an
1051 1621 1087 1680 de
1105 1638 1160 1680 ooo
1184 1618 1283 1696 (quod
1302 1637 1398 1697 nuper
1416 1619 1532 1680 aditum
1554 1618 1619 1690 est)

417 1731 610 1790 scribendum
629 1731 678 1805 sit,
705 1730 838 1789 dubitari
861 1733 972 1806 potest
1001 1727 1041 1788 Et
1061 1729 1188 1805 primum
1210 1729 1330 1803 quidam
1349 1731 1408 1789 boo
1431 1745 1509 1786 unus
1531 1729 1620 1803 quis·

419 1854 475 1912 quo
498 1838 651 1914 intelligit,
672 1839 702 1897 io
723 1838 857 1898 lectione
879 1838 914 1896 de
930 1854 984 1898 roo
999 1837 1112 1896 nullum
1126 1837 1285 1896 librarium
1297 1838 1436 1914 potuisse
1451 1837 1618 1912 offendero,

419 1951 450 2006 ut
466 1964 575 2006 novam
592 1946 741 2022 quandam
762 1947 926 2007 leotionem
941 1947 1085 2006 inducero
1108 1946 1212 2005 vellet.
1254 1945 1365 2006 Contra
1380 1946 1474 2006 molto
1496 1945 1620 2005 facilius

417 2051 485 2110 fiori
500 2053 607 2129 potuit,
622 2055 654 2112 ut
668 2052 780 2128 aliquis
795 2053 830 2112 de
844 2069 877 2111 ae
894 2053 925 2111 in
939 2053 975 2110 de
988 2069 1042 2111 roo
1057 2055 1196 2112 mutarat.
1218 2052 1349 2112 ⁴locedit
1364 2052 1453 2128 quod,
1475 2068 1543 2127 quaa
1558 2061 1620 2111 tum

417 2157 533 2218 Booohi
550 2158 690 2219 oondioio
709 2163 785 2236 arat,
803 2159 857 2218 vix
870 2159 1021 2218 Romanos
1041 2159 1173 2218 invitare
1197 2163 1329 2236 poterat,
1349 2164 1381 2218 ut
1397 2159 1436 2218 do
1455 2175 1512 2220 suo
1532 2177 1619 2220 oom-

418 2267 509 2327 modo
536 2285 638 2326 saoum
664 2284 823 2327 sermones
853 2267 1044 2342 oonserroot3
1082 2269 1118 2327 do
1147 2285 1180 2327 aa
1205 2273 1307 2328 autem
1333 2273 1365 2328 ut
1389 2267 1482 2345 longa
1510 2267 1619 2327 modo-

418 2373 504 2448 stius‚
527 2373 570 2434 ita
584 2373 698 2433 Booobi
720 2375 814 2434 rebus
835 2375 929 2434 multo
952 2379 1020 2434 arat
1041 2375 1282 2434 convenientius.
1304 2392 1367 2434 oum
1383 2377 1420 2432 iia
1431 2373 1499 2433 Par.
1522 2395 1549 2434 a.
1571 2379 1619 2434 ia-

417 2485 530 2558 qeoiom
550 2489 602 2542 out
619 2500 752 2542 auorum
763 2483 909 2559 flecterent
920 2484 991 2542 Bas.
1008 2487 1033 2542 l.
1048 2483 1115 2542 Tur.
1130 2483 1200 2541 Par.
1212 2502 1238 2542 u.
1253 2487 1360 2542 oontra
1375 2487 1416 2541 oti
1428 2485 1486 2559 iao.
1507 2481 1578 2541 an.
1591 2485 1618 2541 l.

418 2586 538 2646 Gruter.
561 2603 599 2646 ox
620 2588 737 2664 aliquot
757 2589 821 2647 Pal.
844 2594 875 2656 et
895 2590 1017 2666 plurimi
1037 2588 1123 2648 Leid.
1145 2606 1201 2666 quo
1221 2592 1278 2666 irio.
1299 2588 1404 2648 Vinar.
1426 2593 1452 2646 1.
1473 2587 1564 2647 Bern.
1593 2592 1618 2646 l.

418 2699 524 2754 oontra
545 2698 593 2772 qui
613 2698 671 2772 too.
693 2693 777 2754 Laid.
797 2713 835 2754 m.
856 2697 936 2755 undo
964 2696 999 2754 fit
1018 2696 1188 2772 probabile,
1217 2699 1259 2754 oti
1285 2701 1356 2756 anta
1373 2695 1523 2771 flecterent
1548 2713 1620 2755 assa

418 2804 600 2882 ponendum,
621 2804 654 2862 ut
666 2803 697 2862 iu
715 2802 870 2862 nonnullis
884 2802 966 2861 Rivii
980 2803 1068 2862 libris
1084 2806 1140 2862 est.
1155 2819 1260 2879 morou
1274 2802 1366 2862 orna
1380 2803 1463 2862 nobis
1477 2809 1527 2862 est.
1548 2803 1618 2862 Bas

418 2927 523 2988 manno
540 2912 622 2972 nobis
643 2912 696 2973 lut.
715 2912 838 2989 plurimi
859 2912 955 2973 Curtii
976 2913 1057 2974 libri.
1077 2915 1259 2991 optimorum
1282 2915 1428 2974 librorum
1447 2914 1619 2974 auotorita-

419 3021 480 3076 tam
501 3034 622 3094 sequor.
646 3026 674 3078 to
696 3027 837 3095 optumum
857 3025 1063 3096 composition
1084 3021 1154 3080 Bas.
1176 3025 1354 3097 opriocipio
1380 3024 1458 3096 osopi
1485 3020 1567 3079 idom
1588 3025 1621 3079 ot

418 3124 515 3184 Paris.
536 3144 562 3186 a.
585 3144 622 3186 m.
641 3129 669 3186 2.
690 3131 777 3187 totius
800 3144 866 3187 eaor
888 3131 945 3187 rati
965 3127 1034 3186 lias.
1061 3131 1203 3205 tutiorque
1222 3127 1291 3188 Vat.
1313 3127 1381 3186 Par.
1404 3129 1432 3186 b.
1453 3146 1478 3188 o.
1497 3147 1522 3186 u.
1548 3130 1616 3205 quio

414 3239 551 3308 parentes
571 3233 641 3293 Bas.
668 3233 737 3294 Vat.
756 3233 825 3293 Par.
846 3234 875 3292 b.
895 3251 920 3292 u.
943 3233 1044 3311 vulgo.
1065 3237 1144 3308 inopi
1159 3251 1215 3292 om.
1237 3232 1335 3292 Guall.
1350 3237 1375 3292 1.
1393 3236 1420 3292 3.
1435 3236 1463 3292 l.
1485 3233 1576 3293 Fabr.
1591 3237 1619 3294 2.

419 3339 537 3412 aliquot
563 3339 697 3414 Munatii,
725 3338 790 3398 Pal.
813 3341 839 3398 i.
861 3337 940 3398 uodo
963 3355 1067 3398 omnes
1089 3338 1156 3398 loro
1177 3338 1314 3399 editores
1335 3342 1414 3414 inopi
1434 3356 1491 3416 pro
1513 3341 1619 3417 spurio

419 3446 598 3522 babuerunt,
623 3453 715 3522 atque
740 3449 793 3506 aut
826 3447 983 3507 aiooerunt
1011 3451 1063 3506 aut
1096 3449 1212 3508 uooinis
1241 3448 1438 3507 inolusorunt
1480 3446 1543 3506 Sed
1570 3464 1621 3506 mo

419 3553 541 3629 quidam
568 3553 729 3630 plurimum
755 3557 869 3629 movet,
895 3555 976 3629 quod
1002 3554 1108 3631 optimi
1138 3555 1211 3615 libri
1237 3555 1306 3614 Bas.
1328 3556 1397 3615 Par.
1419 3574 1444 3613 z.
1466 3556 1536 3614 Vat.
1558 3556 1620 3614 boo

418 3659 600 3719 vooabulum
625 3661 766 3735 retinent,
793 3665 854 3722 tum
883 3676 921 3719 na
951 3677 1060 3720 sensus
1081 3661 1203 3736 quidem
1226 3665 1348 3738 pugnat.
1389 3660 1446 3719 Vis
1468 3663 1620 3721 orationis

419 3765 552 3826 Sullana
572 3765 602 3824 in
624 3782 661 3825 ao
682 3766 785 3841 posita
807 3767 863 3842 ost,
895 3767 927 3824 ut
947 3765 1101 3824 Romanos
1133 3783 1255 3843 sempor
1276 3767 1357 3825 idem
1379 3767 1540 3826 consilinm
1562 3783 1618 3826 so-

418 3878 506 3935 outos
528 3891 599 3933 esso
621 3875 809 3952 oomprobot
847 3873 915 3935 Non
937 3875 1014 3934 onim
1037 3891 1147 3934 servos
1167 3875 1240 3934 illos
1262 3875 1318 3934 sad
1339 3875 1453 3934 amioos
1479 3875 1540 3933 sibi
1558 3892 1620 3952 pa-

417 3998 489 4042 rare
509 3980 658 4053 voluisse,
680 3978 762 4055 qnod
788 3996 855 4039 oum
884 3981 948 4040 illis
970 3980 1157 4057 temporibus
1178 3981 1217 4039 iis
1244 3980 1404 4057 placuerit,
1433 3980 1485 4040 ubi
1513 3997 1620 4040 eorum

418 4105 494 4165 opos
515 4087 677 4146 admodum
701 4087 818 4163 exigua
841 4091 954 4160 essent,
976 4088 1070 4147 multo
1098 4088 1196 4164 magis
1223 4092 1309 4148 tanto
1339 4089 1467 4164 imperio
1496 4087 1620 4164 dignum

418 4194 533 4254 dabore
554 4191 663 4251 videri.
684 4209 743 4251 ooo
764 4191 859 4268 igitur
878 4195 957 4268 inopi
976 4209 1032 4270 pro
1054 4193 1191 4253 ablativo
1211 4192 1390 4269 babendum,
1417 4194 1475 4253 sod
1495 4194 1619 4253 dativus

419 4302 469 4360 ost
495 4299 765 4376 populationum,
799 4299 884 4360 ouius
911 4315 988 4376 opos
1013 4301 1053 4358 ab
1075 4300 1162 4359 initio
1189 4299 1313 4358 infirmas
1338 4298 1434 4359 inore.
1462 4317 1620 4374 perperna

417 4425 498 4468 maer
518 4406 588 4466 Bas.
611 4411 643 4466 ot
672 4422 777 4468 omnes
803 4406 870 4466 lora
891 4406 973 4483 libri,
1001 4408 1094 4467 etiam
1125 4406 1193 4466 Vat.
1217 4409 1248 4467 ot
1268 4406 1336 4466 Par.
1358 4425 1384 4466 a.
1407 4423 1566 4481 perpessor
1586 4423 1620 4464 aa

416 4514 484 4574 ood.
513 4513 586 4574 lllss.
615 4514 731 4575 Viotor.
755 4517 788 4573 ot
808 4513 945 4574 nonnulli
966 4514 1116 4589 oditoras5
1144 4514 1200 4573 sod
1222 4531 1309 4589 quam
1333 4514 1381 4573 illi
1402 4515 1621 4574 nenessitatem

417 4622 478 4680 sibi
496 4621 657 4682 invenisse
679 4621 870 4696 videbantur,
897 4625 929 4680 ot
953 4621 1137 4683 indicativus
1158 4623 1318 4698 ponendus
1340 4625 1432 4699 esset,
1454 4639 1491 4682 aa
1512 4623 1621 4682 oootra
