3702 5600
254 851 339 912 tione
363 849 396 908 ll.
423 851 570 927 Stephani
600 850 697 909 l'aris.
727 849 814 924 loll,
847 848 921 909 edit.
953 847 1120 908 Basiliensi
1151 848 1239 921 1564,
1277 843 1461 907 (irateriana

253 955 447 1018 Francolnrti
471 959 558 1017 1607.
600 957 663 1017 Sed
690 957 740 1018 bis
762 955 901 1017 omuibus
923 954 1070 1015 subsidiis
1091 953 1258 1012 instructus
1279 968 1385 1028 parum
1409 952 1460 1012 el-

253 1063 347 1138 beias,
378 1063 461 1139 quod
487 1063 528 1122 de
548 1061 635 1122 lente
662 1064 760 1123 omnis
781 1061 922 1122 lectionis
953 1061 1029 1120 nihil
1051 1061 1239 1136 compertum
1260 1057 1407 1120 habemus
1429 1060 1461 1118 et

254 1172 337 1246 qnod
361 1171 430 1248 ipsa
457 1169 675 1229 declamatoris
701 1169 802 1229 oratio
832 1171 894 1228 tam
921 1169 1018 1242 varia,
1048 1168 1141 1226 mixta
1170 1169 1287 1226 ettam
1308 1164 1460 1224 dissoluta

252 1280 310 1352 est,
343 1279 375 1336 nt
396 1276 449 1334 vix
470 1291 606 1334 normam
634 1275 783 1350 invenias,
813 1275 964 1351 adquam
990 1274 1135 1334 iudicium
1159 1273 1317 1349 dirigatur.
1360 1271 1460 1340 Quare

252 1384 331 1442 banc
352 1382 604 1442 declamationem
626 1381 771 1466 intactam
792 1381 1009 1457 relinquamus,
1032 1379 1145 1457 quippe
1160 1395 1248 1454 quam
1268 1395 1329 1438 non
1346 1394 1458 1437 recen-

156 1527 158 1532 ·
251 1491 324 1549 tiori
346 1489 467 1565 quidem
489 1489 687 1565 grammatico
702 1488 881 1563 tribuamus,
904 1487 961 1548 sed
975 1488 1076 1545 tamen
1096 1483 1247 1544 eiusmodi
1261 1483 1385 1558 homini,
1407 1484 1459 1558 qui

251 1613 349 1672 neque
372 1595 510 1654 doctrina
532 1611 630 1669 neque
651 1595 773 1672 ingenio
799 1611 865 1654 cum
886 1590 1146 1695 declamatoribus
1166 1590 1258 1667 primi
1279 1594 1310 1650 et
1331 1588 1459 1650 secundi

250 1703 357 1762 saeculi
377 1700 551 1778 comparari
570 1701 678 1778 possit.

467 2087 499 2160 u.
520 2087 679 2161 smosrll
699 2085 813 2158 lllllSl'l
833 2086 1077 2160 fflslomllbl
1097 2086 1192 2160 llum
1211 2085 1243 2158 l.

330 2253 507 2330 Quingentae
528 2254 596 2312 fere
617 2257 649 2312 et
671 2252 751 2328 quod
778 2254 916 2312 excurrit
935 2255 1069 2313 minores
1090 2252 1291 2313 llistoriarum
1317 2249 1458 2324 reliquiae

248 2361 339 2420 simul
360 2378 426 2420 eum
450 2363 582 2436 quatuor
602 2361 792 2420 orationibus
821 2365 852 2420 et
873 2359 990 2420 duabus
1020 2361 1173 2438 epistolis,
1197 2377 1263 2434 quae
1285 2376 1324 2417 ex
1347 2356 1457 2416 iisdem

249 2468 337 2527 libris
359 2472 479 2528 aetatem
500 2470 645 2543 tulerunt,
667 2469 749 2528 baud
771 2469 863 2529 dubie
884 2468 1087 2545 largissimam
1107 2468 1137 2527 in
1158 2473 1317 2543 utramque
1338 2468 1457 2544 partem

247 2576 423 2654 disputandi
443 2579 602 2638 materiem
623 2579 769 2655 praebent.
810 2576 885 2638 Nam
918 2583 949 2638 ot
976 2579 1014 2637 de
1041 2579 1177 2638 auctoris
1206 2575 1339 2635 consilio
1365 2572 1456 2632 etde

246 2683 344 2759 ipsius
374 2686 477 2762 operis
501 2685 619 2744 ambitu
648 2690 680 2745 et
706 2685 745 2744 de
777 2685 844 2744 eius
865 2685 1089 2763 compositione
1114 2684 1167 2744 alii
1193 2683 1285 2742 aliter
1312 2682 1456 2741 statuunt.

245 2787 293 2846 lix
314 2807 374 2865 quo
395 2791 490 2867 igitur
510 2790 676 2851 Brossaeus
698 2791 793 2851 totius
815 2791 919 2868 operis
948 2809 987 2850 ex
1008 2791 1149 2867 reliquiis
1171 2789 1354 2850 restituendi
1380 2804 1456 2846 oon-

245 2896 346 2955 silium
367 2901 550 2974 persecutus
576 2901 636 2972 est,
662 2897 793 2974 plurima
817 2899 884 2958 eius
907 2898 1019 2959 iudicia
1039 2899 1070 2957 in
1092 2899 1313 2958 dubitationem
1334 2897 1454 2968 vocata,

245 3003 340 3063 multa
369 3003 438 3062 loca
464 3020 545 3063 novo
575 3004 667 3063 modo
699 3005 870 3082 composita
900 3010 933 3065 et
963 3005 1056 3065 aliter
1087 3004 1242 3081 explicata
1267 3004 1344 3062 sunt.
1393 2999 1455 3060 Sed

246 3110 409 3184 quodiam
432 3129 525 3188 supra
547 3111 727 3188 significavi,
753 3112 794 3171 ad
815 3111 1019 3172 Historiarum
1040 3111 1138 3171 libros
1160 3109 1343 3170 scribendos
1363 3107 1455 3167 Salu-

246 3218 325 3276 stius
352 3223 509 3295 postremo
537 3220 680 3296 accessit,
711 3219 862 3294 evulgatis
890 3219 949 3278 iam
970 3217 1103 3278 Catilina
1129 3220 1163 3277 et
1191 3218 1345 3294 lugnrtba,
1377 3231 1455 3291 quos

246 3326 344 3385 libros
365 3331 439 3404 post
454 3326 587 3387 Caesaris
609 3331 738 3388 mortem
760 3327 909 3387 ediderat.
955 3327 1031 3395 Quin
1054 3327 1144 3385 immo
1165 3343 1203 3384 ne
1224 3327 1361 3401 agitasse
1383 3322 1454 3398 qui-

245 3431 314 3492 dem
335 3432 420 3493 illum
441 3450 479 3494 eo
501 3437 640 3511 tempore
663 3433 823 3494 consilinm
845 3434 984 3493 historiae
1010 3432 1181 3492 scribendae
1214 3430 1307 3490 facile
1328 3429 1453 3504 colligi-

244 3541 293 3596 tur
315 3555 354 3596 ex
375 3537 521 3614 Iugurtha
548 3557 573 3598 o.
596 3541 644 3600 95.
664 3555 757 3616 oeque
786 3542 860 3598 enirn
890 3539 949 3598 ulio
972 3539 1035 3598 loco
1063 3537 1206 3598 desultor
1231 3537 1318 3596 reboo
1347 3535 1454 3594 dictori

242 3659 352 3702 morea.
392 3643 492 3712 Quare
519 3646 574 3704 vix
601 3649 672 3705 ante
699 3662 809 3705 anunm
830 3665 868 3704 xc
888 3663 916 3704 a.
938 3645 1008 3705 Cbr.
1031 3649 1143 3704 tantum
1172 3661 1250 3722 opus
1275 3643 1361 3702 illum
1382 3658 1454 3701 esse

244 3750 422 3826 adgressum
445 3753 521 3811 satis
548 3753 754 3830 probabiliter
774 3753 931 3812 coniicias.
974 3750 1046 3812 Cum
1075 3751 1155 3810 enim
1185 3753 1269 3810 tanta
1292 3748 1453 3825 diligentia

242 3859 334 3929 atque
356 3855 508 3934 religione
531 3857 560 3916 in
582 3858 642 3916 boe
663 3875 759 3934 opere
779 3858 945 3918 scribendo
967 3861 1111 3917 versatus
1134 3857 1183 3932 sit,
1205 3857 1318 3930 quanta
1340 3871 1379 3913 ex
1398 3869 1453 3911 re-

241 3961 345 4036 liquiis
372 3961 505 4038 intelligi
532 3965 645 4038 potest,
673 3981 733 4022 uon
766 3969 890 4040 poterat
916 3965 969 4024 ille
998 3964 1101 4023 statim
1127 3969 1200 4041 post
1225 3961 1387 4021 Catilinam
1418 3963 1451 4018 et

241 4068 417 4142 Iugurtham
442 4069 616 4130 absolutum
642 4087 751 4130 novam
779 4072 938 4148 suscipere
960 4088 1074 4145 curam,
1107 4071 1163 4130 sed
1189 4069 1282 4129 multa
1312 4068 1393 4127 bunc
1421 4066 1451 4124 in

240 4175 329 4234 linem
352 4178 440 4235 erant
460 4177 643 4253 colligenda,
670 4179 843 4237 accuratius
867 4179 1057 4253 excutienda,
1086 4176 1286 4236 examinanda
1307 4176 1398 4248 atque
1420 4173 1451 4230 in

241 4282 378 4348 ordinem
408 4283 585 4360 redigenda,
617 4285 660 4342 ita
689 4291 721 4343 ut
750 4283 936 4359 aliquantum
962 4285 1113 4361 temporis
1139 4283 1331 4342 interiectum
1353 4280 1451 4339 luisse

240 4386 334 4448 laoile
356 4387 535 4448 credideris.
570 4389 631 4449 Sed
653 4390 692 4448 ad
714 4392 795 4465 quod
818 4409 913 4466 usqne
936 4396 1056 4468 tempus
1076 4390 1188 4449 librmn
1210 4386 1384 4460 deduxerit,
1409 4401 1448 4444 ex

239 4495 339 4571 ipsius
364 4496 437 4555 libri
464 4497 560 4570 initio,
586 4496 670 4572 quod
694 4497 806 4572 aliquis
836 4498 916 4558 libro
938 4499 1081 4558 absoluto
1103 4496 1238 4556 additum
1259 4494 1370 4554 voluit:
1401 4508 1451 4550 rea

235 4603 335 4678 populi
363 4605 482 4662 Roruum'
504 4606 540 4662 M.
563 4605 669 4680 lepido
691 4607 721 4675 0.
746 4604 848 4664 Catulo
877 4621 913 4662 ac
939 4605 1041 4663 duride
1065 4603 1172 4662 rattibor
1197 4607 1224 4660 el
1250 4601 1325 4660 domi
1351 4604 1450 4676 perlue

237 4713 383 4784 composui
410 4712 582 4772 accuratius
615 4713 763 4790 explicari
791 4729 850 4772 non
881 4717 992 4788 potest
1035 4710 1131 4771 l'aulo
1166 4709 1343 4787 diligentius
1369 4707 1449 4767 banc
