3526 5604
1252 674 1319 745 301

127 871 193 939 llus
224 871 374 940 consules
406 871 482 941 Piso
518 871 559 956 Q.
590 869 695 941 Fabio
728 882 760 941 et
789 873 824 941 Ρ.
858 871 965 942 Decio
995 871 1155 962 suggerit,
1191 871 1326 942 biennio

126 1005 285 1087 exempto,
325 1017 393 1086 quo
426 994 602 1065 Claudium
640 994 925 1089 Volumniumque
961 1007 993 1066 et
1024 994 1217 1066 Cornelium
1250 1019 1325 1068 cum

128 1119 247 1188 biarcio
272 1118 425 1188 eonsules
451 1119 554 1189 lactus
579 1119 786 1189 tradidimus.
828 1119 1033 1191 Memoriane
1055 1120 1179 1210 fugerit
1203 1119 1237 1188 iu
1263 1143 1326 1190 an-

126 1233 250 1313 nalibus
279 1242 487 1334 digerendis,
528 1264 571 1312 au
602 1243 754 1312 consulto
786 1241 882 1314 binos
916 1243 1068 1313 consules
1102 1244 1201 1314 falsos
1234 1254 1326 1314 ratus

126 1366 369 1448 transcenderit,
397 1367 561 1436 incertum
587 1379 647 1436 est.
690 1368 801 1436 Livius
818 1366 853 1448 9,
875 1365 935 1448 44,
956 1365 979 1437 3
997 1390 1060 1458 sp.¹
1143 1367 1202 1437 33.
1228 1368 1326 1452 Quod

127 1515 176 1562 res
195 1491 363 1561 videbatur
388 1500 577 1560 memoratu
597 1491 709 1582 digua,
736 1514 836 1583 quam
856 1491 973 1560 fecisse
992 1491 1052 1561 Cn.
1072 1492 1224 1561 Flavium
1242 1493 1326 1563 Auci

128 1610 241 1706 [Olet]
268 1616 375 1685 lilium
394 1615 537 1685 aedilem
564 1616 714 1685 curulem
733 1617 771 1686 L.
786 1615 862 1684 Piso
888 1615 922 1684 in
940 1615 1038 1685 tertio
1055 1615 1167 1685 annali
1184 1615 1325 1709 scripsit,

126 1763 227 1832 eaque
251 1764 303 1811 res
329 1762 490 1832 perquam
515 1762 599 1831 pure
625 1751 657 1808 et
682 1749 819 1809 venuste
844 1749 979 1809 narrata
1006 1763 1026 1808 a
1052 1740 1180 1821 Pisone,
1214 1741 1324 1810 locum

126 1865 219 1935 istum
251 1877 354 1935 totum
387 1863 454 1936 buc
486 1887 529 1932 ex
561 1864 688 1934 Pisonis
723 1863 836 1933 aunali
870 1863 1148 1955 transposuimus:
1190 1863 1325 1946 Cneius,

128 1989 244 2082 inquit,
278 1989 413 2060 Flavius
438 2000 531 2081 patre
558 1987 713 2058 libertino
737 1998 844 2068 natus,
859 1987 1016 2080 scriptum
1043 1988 1200 2070 faciebat,
1233 1989 1327 2082 isque

127 2114 156 2181 iu
183 2137 221 2182 eo
246 2124 392 2206 tempore
419 2112 520 2183 aedili
545 2113 653 2182 curuli
685 2112 880 2204 apparebat,
919 2134 987 2204 quo
1018 2120 1168 2204 tempore
1201 2113 1326 2182 aediles

126 2236 361 2329 subrogantur;
398 2259 542 2329 eumque
568 2259 629 2328 pro
654 2237 742 2306 tribu
768 2236 912 2306 aedilem
937 2237 1088 2306 curulem
1113 2237 1327 2307 renuntiave-

126 2374 208 2431 runt.
250 2365 293 2432 At
312 2362 431 2432 aedilis
460 2361 513 2444 [Ae
526 2357 611 2452 ittet]
639 2363 696 2455 qui
723 2361 855 2432 comitia
878 2360 1031 2443 babebat,
1059 2373 1159 2453 negat
1175 2363 1327 2455 accipere

128 2511 229 2579 neque
260 2486 323 2555 sibi
353 2487 497 2579 placere,
537 2487 596 2579 qui
628 2487 786 2579 scriptum
821 2486 945 2555 laceret
970 2509 1047 2555 eum
1072 2486 1216 2556 aedilem
1241 2487 1327 2556 lieri.

127 2612 182 2681 Cu.
206 2610 341 2681 Flavius
366 2610 451 2682 Auci
484 2609 571 2678 iilius
604 2608 724 2680 dieitur
750 2610 880 2680 tabulas
909 2609 1069 2700 posuisse,
1104 2611 1227 2704 scriptu
1253 2634 1326 2680 sese

127 2735 307 2816 abdicasse;
334 2735 427 2828 isque
453 2735 571 2804 aedilis
597 2734 721 2803 curulis
748 2734 850 2803 laetus
876 2743 934 2802 est.
987 2734 1076 2803 idem
1108 2734 1168 2804 Cn.
1196 2733 1327 2804 Flavius

127 2861 205 2930 buri
231 2859 320 2930 lilius
347 2859 468 2929 dicitur
493 2858 535 2928 ad
562 2859 726 2948 collegam
753 2859 882 2928 venisse
898 2857 1006 2927 visere
1022 2870 1206 2948 aegrotum,
1233 2869 1268 2927 et
1293 2860 1326 2926 in

128 2987 275 3054 conclave
303 2995 477 3078 postquam
505 2983 662 3063 introivit,
689 2981 914 3052 adolescentes
932 2981 978 3051 ibi
995 2984 1183 3075 complures
1198 2983 1328 3052 nobiles

127 3109 278 3179 sedebant
309 3118 555 3179 contemnentes
586 3130 677 3188 eum,
720 3127 894 3197 assurgere
925 3106 955 3174 ei
982 3128 1081 3175 nemo
1106 3107 1222 3177 voluit.
1265 3106 1326 3176 Cu.

126 3233 253 3304 Flavius
279 3233 365 3304 Auci
400 3232 488 3302 lilius
520 3231 637 3302 aedilis
675 3232 706 3301 id
742 3231 867 3309 arrisit,
908 3231 1026 3300 sellam
1055 3231 1205 3301 curulem
1236 3230 1329 3300 iussit

127 3357 182 3426 sibi
207 3357 332 3434 afferri,
368 3379 441 3426 eam
473 3357 507 3425 iu
540 3356 657 3425 limine
691 3354 854 3448 apposuit,
893 3377 935 3422 ne
969 3354 1044 3446 quis
1076 3353 1209 3426 illorum
1234 3353 1328 3423 exire

127 3493 240 3572 posset,
267 3483 382 3575 utique
408 3481 431 3549 ii
458 3503 573 3549 omnes
597 3481 691 3551 iuviti
717 3480 869 3549 viderent
894 3501 965 3547 sese
991 3478 1024 3547 iu
1045 3479 1127 3548 sella
1144 3478 1253 3549 curuli
1274 3501 1329 3547 se-

128 3603 265 3674 dentem.
311 3607 431 3676 Gellius
459 3605 493 3685 6,
522 3603 555 3676 9.
661 3605 720 3674 3lt.
756 3607 793 3673 ln
825 3626 901 3674 eum
935 3624 1059 3673 anuum
1091 3626 1167 3673 cum
1193 3603 1235 3686 Q.
1262 3603 1329 3672 Fa-

128 3729 212 3800 bium
239 3730 411 3800 consulem
438 3753 503 3800 nou
525 3738 691 3821 petentem
713 3750 828 3797 omnes
847 3727 995 3797 dicerent
1012 3727 1191 3808 centurias,
1219 3726 1327 3820 ipsum

127 3867 289 3924 auctorem
315 3855 415 3925 baisse
440 3857 553 3925 Macer
578 3852 726 3924 Licinius
760 3874 799 3920 ac
825 3851 958 3921 Tubero
990 3850 1122 3920 tradunt
1151 3849 1327 3920 differendi

128 3979 185 4048 sibi
210 3978 400 4048 consulatus
435 3977 469 4046 iu
502 3975 749 4047 bellicosiorem
785 3997 930 4054 annum3
969 3997 1009 4042 eo
1034 3996 1123 4042 anno
1147 3972 1268 4042 maiori
1292 3994 1328 4041 se

128 4103 196 4172 usui
223 4102 270 4172 rei
298 4100 450 4194 publicae
477 4101 546 4170 iore
573 4101 703 4171 urbano
729 4109 821 4191 gesto
846 4098 1050 4190 magistratu.
1098 4100 1145 4167 lta
1170 4119 1233 4166 nec
1258 4095 1329 4165 dis-

128 4225 335 4297 simulantem
360 4225 440 4319 quid
465 4224 591 4305 mallet,
617 4246 679 4293 nec
704 4232 870 4316 petentem
889 4231 999 4291 tamen
1017 4222 1158 4292 aedilem
1177 4219 1328 4290 curulem

130 4372 197 4418 curn
234 4353 272 4422 L.
300 4349 433 4440 Papirio
459 4348 602 4419 Cursore
633 4347 766 4415 lactum.
817 4344 852 4414 ld
884 4367 927 4415 ue
953 4367 1014 4436 pro
1040 4355 1130 4412 certo
1156 4366 1327 4436 ponerem,

129 4477 279 4544 vetustior
314 4472 485 4543 annalium
518 4483 634 4542 auctor
665 4471 739 4540 Piso
770 4469 892 4551 effecit,
928 4469 986 4561 qui
1018 4491 1057 4538 eo
1089 4491 1175 4538 auno
1204 4468 1328 4538 aediles

131 4598 254 4666 curules
281 4595 382 4666 luisse
417 4595 517 4666 tradit
549 4595 609 4665 Cu.
646 4593 832 4665 Domitium
867 4593 927 4663 Cn.
956 4591 1181 4661 [Collinum
1214 4602 1247 4661 et
1272 4593 1327 4684 Sp.

132 4718 306 4793 Carvilium
340 4722 382 4805 Q.
416 4722 438 4790 l.
473 4722 667 4791 Maximum.
716 4718 751 4788 ld
785 4716 885 4786 credo
910 4737 1095 4807 cognomen
1122 4739 1268 4786 errorem
1294 4715 1328 4784 in
