3576 5602
432 649 504 720 d26

430 861 523 940 utque
539 851 657 919 uirtute
683 851 825 920 talorum
851 861 1015 921 constaret
1036 852 1155 943 pedum
1171 853 1317 945 fininitus.
1352 853 1473 922 Poulru
1489 869 1517 922 et
1539 854 1641 923 Festus

431 973 486 1042 lib.
513 973 558 1046 19
583 1000 610 1047 s.
629 1000 660 1045 o.
690 977 814 1047 Taurii.
855 979 963 1047 Varro
989 977 1029 1046 de
1056 978 1122 1046 vita
1148 980 1185 1046 P.
1203 979 1243 1047 ll.
1270 977 1328 1047 lib.
1351 979 1383 1047 l:
1417 979 1517 1046 etiam
1545 978 1640 1070 pellis
1775 957 1776 982 ¹

430 1101 572 1171 bubulas
596 1101 672 1170 oleo
696 1101 845 1192 perfusas
871 1101 1111 1192 percurrebant
1137 1101 1251 1193 ibique
1277 1101 1494 1180 coronabant.
1528 1124 1547 1170 a
1575 1124 1641 1193 qno

431 1225 488 1296 ille
504 1247 621 1296 versus
639 1238 731 1296 vetus
757 1237 804 1295 est
829 1226 863 1294 in
891 1227 1110 1297 carminibus:
1138 1227 1205 1296 Sibi
1232 1238 1380 1320 pastores
1400 1228 1497 1297 ludos
1515 1227 1641 1296 faciunt

431 1351 530 1420 coriis
556 1351 744 1421 Consualia.
788 1351 913 1422 Nonius
934 1377 967 1445 p.
994 1351 1053 1434 21,
1081 1353 1115 1425 6.
1160 1355 1267 1424 Varro
1292 1354 1334 1424 de
1360 1353 1510 1422 Scenicis
1535 1351 1641 1442 origi·

430 1474 528 1545 nibus
552 1474 638 1547 libro
664 1476 772 1570 primo
798 1478 843 1546 ita
869 1479 1025 1571 scriptum
1051 1477 1208 1572 reliquit:
1248 1501 1324 1548 cum
1359 1479 1463 1548 multa
1490 1487 1638 1569 portenta

430 1599 548 1670 fierent
581 1611 614 1671 et
638 1625 753 1672 murus
779 1625 818 1673 ac
845 1605 953 1683 turris,
988 1627 1076 1697 quae
1106 1613 1183 1673 sunt
1207 1603 1293 1674 inter
1318 1613 1446 1694 portam
1473 1601 1637 1673 Collinam

431 1735 463 1793 et
487 1725 710 1819 Esquilinam.
744 1727 785 1797 de
811 1729 904 1798 caclo
930 1741 1014 1799 tacta
1041 1741 1151 1800 essent
1174 1741 1206 1800 ct
1230 1730 1306 1801 ideo
1332 1728 1433 1799 libros
1459 1726 1639 1821 Sibyllinos

429 1850 552 1919 XVviri
587 1851 749 1931 adissent,
788 1853 1020 1922 renuntiarunt
1051 1853 1098 1922 uti
1131 1853 1200 1924 Diti
1234 1853 1318 1945 patri
1353 1864 1387 1922 et
1418 1853 1638 1944 Proserpinae

430 1974 499 2043 ludi
526 1975 697 2044 Tarentini
724 1975 757 2044 in
784 1998 902 2069 campo
929 1977 1047 2047 hlartio
1073 1977 1192 2049 fierent
1215 1978 1319 2047 tribus
1345 1976 1496 2046 noctibus
1523 1987 1555 2045 et
1577 1974 1638 2046 ho-

430 2097 512 2168 stiae
538 2099 651 2169 furvae
676 2099 940 2178 immolarentur.
966 2102 1081 2194 utique
1107 2102 1176 2174 ludi
1203 2101 1383 2172 centesimo
1397 2125 1534 2194 qnoque
1551 2122 1637 2171 anno

431 2223 561 2294 fierent.
614 2225 803 2296 Gnoson'nus
835 2223 891 2306 17,
925 2223 950 2298 8
977 2228 1069 2296 lobn.
1102 2233 1161 2320 cfr.
1196 2227 1262 2297 Vol.
1289 2227 1453 2296 Munianus
1478 2225 1514 2307 2,
1540 2223 1575 2304 4,
1603 2225 1636 2293 5.

428 2349 535 2419 Varro
556 2351 680 2421 Rerum
706 2350 927 2422 humanarum
954 2351 1012 2423 lib.
1030 2355 1111 2423 XX:
1139 2354 1247 2423 omnis
1264 2351 1462 2445 Tarquinios
1480 2351 1636 2428 eicerent,

430 2496 598 2566 nequam
633 2475 803 2545 reditionis
832 2500 891 2569 per
922 2477 1140 2569 gentilitatem
1171 2500 1264 2569 spem
1289 2475 1462 2546 haherent.
1515 2477 1639 2544 Nonius

426 2621 460 2692 p.
492 2599 579 2682 222,
618 2600 674 2673 18.
788 2603 848 2674 db.
885 2599 1159 2698 [labyrinthum]
1197 2603 1274 2672 iecit
1308 2601 1372 2671 sihi
1407 2603 1547 2672 Porsina
1578 2623 1638 2671 rex

428 2725 582 2796 Etruriae
607 2727 773 2820 sepulchri
800 2751 898 2799 causa
918 2781 926 2799 .
946 2781 985 2799 ..
1013 2730 1077 2800 Sed
1103 2753 1177 2800 eum
1205 2728 1342 2798 excedat
1366 2727 1482 2798 omnia
1506 2725 1638 2796 labnlo-

428 2849 517 2930 sitas,
553 2862 685 2922 utemur
719 2853 818 2946 ipsius
850 2855 895 2925 hl.
923 2853 1080 2925 Varronis
1110 2854 1144 2922 in
1171 2853 1376 2947 expositione
1402 2851 1535 2922 verbis:
1578 2849 1638 2918 Se-

429 2976 538 3068 pultus
563 2977 624 3046 suh
650 2957 733 3048 urhe
755 2978 880 3060 Clusio,
907 2979 940 3050 in
966 3002 1033 3073 qno
1057 2980 1132 3048 loco
1158 2979 1397 3049 monimentum
1423 2975 1564 3069 reliquit
1587 2974 1638 3045 la·

428 3099 505 3191 pide
543 3101 705 3192 quadrato
739 3101 949 3195 quadratum,
988 3103 1119 3193 singula
1154 3105 1257 3173 latera
1292 3102 1415 3194 pedum
1454 3111 1636 3178 benenom,

428 3224 495 3293 alta
520 3225 809 3317 quinquagenum,
852 3227 886 3295 in
918 3251 985 3320 qua
1010 3226 1081 3296 basi
1108 3226 1270 3319 quadrata
1296 3225 1383 3295 intus
1408 3223 1637 3316 labyrinthum

428 3349 711 3433 inextricabilem,
745 3376 812 3445 quo
838 3352 866 3421 si
892 3353 967 3445 quis
993 3351 1158 3421 introierit
1183 3351 1254 3419 sine
1280 3351 1429 3441 glomere
1455 3349 1534 3430 lini,
1565 3348 1638 3418 exi-

428 3485 498 3544 tum
523 3473 672 3543 invenire
699 3485 854 3566 nequeat.
906 3477 1012 3568 Supra
1045 3474 1078 3544 id
1108 3473 1306 3566 quadratum
1332 3471 1524 3565 pyramides
1554 3482 1637 3540 stant

427 3597 590 3691 quinque,
632 3609 786 3690 quattuor
818 3600 851 3670 in
888 3599 1021 3691 angulis
1053 3608 1084 3666 et
1119 3597 1153 3666 in
1179 3597 1396 3676 medionon,
1437 3596 1526 3664 imae
1552 3596 1635 3664 latae

427 3721 549 3814 pedum
576 3723 716 3814 quinum
742 3735 995 3815 septuagennm
1030 3722 1117 3791 altae
1144 3733 1320 3790 centenum
1346 3720 1634 3814 quinquagenum,

428 3845 472 3915 ita
499 3845 670 3937 instigatae
696 3848 791 3917 utin
817 3871 948 3917 summo
973 3845 1062 3917 orbis
1087 3869 1212 3915 aeneus
1238 3857 1271 3914 et
1295 3855 1427 3937 petasus
1453 3867 1542 3913 unus
1565 3867 1636 3914 om·

427 3970 525 4040 nibus
550 3969 591 4039 sit
616 3969 804 4062 impositus,
846 3993 888 4040 ex
918 3994 985 4063 quo
1011 3969 1177 4062 pendeant
1195 3979 1325 4062 ‚exapta
1350 3967 1476 4037 eatenis
1502 3969 1635 4037 tintina-

427 4093 518 4174 bnln,
552 4115 637 4186 qnae
663 4102 761 4162 vento
787 4094 911 4184 agitata
937 4094 1037 4184 longe
1069 4094 1194 4163 sonitus
1225 4093 1383 4171 referant,
1416 4103 1453 4160 ut
1476 4093 1635 4162 Dudum

427 4216 508 4286 olim
541 4216 673 4286 lactum.
726 4218 831 4309 Supra
858 4241 958 4310 quem
988 4219 1103 4288 orbem
1131 4226 1286 4309 quattuor
1311 4215 1512 4309 pyramides,
1552 4238 1635 4308 qna-

426 4362 502 4409 rum
534 4340 685 4431 singulae
711 4341 846 4433 insuper
871 4343 1019 4433 singulas
1046 4352 1143 4422 stant,
1178 4341 1264 4409 altae
1299 4340 1419 4432 pedum
1446 4349 1633 4409 centenum.

428 4465 534 4556 Supra
560 4487 641 4558 quas
666 4489 733 4534 nno
759 4467 829 4535 solo
855 4467 1003 4559 quinque
1030 4463 1228 4560 pyramides,
1260 4485 1401 4557 quarum
1427 4463 1632 4532 altitudinem

427 4591 610 4659 Varronem
637 4589 752 4681 puduit
779 4590 921 4660 adicere.
966 4591 1091 4660 Plinius
1117 4605 1183 4660 not.
1210 4590 1282 4658 hist.
1305 4586 1364 4666 36,
1394 4584 1451 4667 13,
1476 4583 1632 4658 tlt-93.

429 4713 487 4781 d'l.
517 4717 553 4782 L.
582 4713 698 4783 Sicinii
725 4715 856 4784 Dentati
886 4768 893 4783 .
919 4769 926 4784 .
953 4738 1054 4806 opera
1086 4714 1296 4803 honoresque
1324 4735 1462 4803 operum
1491 4764 1529 4779 ..
1557 4711 1631 4780 certi
