3576 5602
1312 643 1381 713 ,lli

175 837 256 898 mum
283 837 491 898 audacissima
520 839 574 898 illa
596 838 715 898 Claudii
735 839 866 898 Neronis
893 839 1061 916 expeditio,
1091 840 1142 915 qui
1164 838 1386 900 Hasdrubalem

174 945 214 1004 ad
229 944 469 1004 internecionem
490 944 611 1004 cecidit.
641 943 746 1022 Neque
769 945 829 1006 hoc
851 946 900 1004 est
914 943 1107 1004 diffitendum
1129 944 1291 1004 admodum
1310 961 1387 1020 pro·

174 1051 280 1111 babile
302 1068 382 1126 esse,
414 1051 543 1112 Antonii
571 1053 737 1112 exercitum
761 1052 790 1110 in
818 1057 904 1112 tauta
929 1051 1091 1112 celeritate
1113 1051 1233 1112 itineris
1254 1051 1386 1126 impedi-

174 1161 276 1218 menta
305 1158 480 1234 reliquisse.
525 1157 589 1218 Sed
616 1158 687 1218 inde
716 1175 775 1219 nou
803 1159 943 1234 sequitur
970 1158 1030 1218 hoc
1056 1159 1162 1234 utique
1189 1176 1208 1218 a
1234 1157 1387 1233 scriptore

174 1262 274 1324 luisse
295 1264 471 1338 dicendum,
502 1265 675 1342 praesertim
703 1281 771 1324 cum
799 1264 860 1325 hoc
889 1262 982 1323 facile
1009 1281 1086 1324 unus
1113 1263 1242 1340 quisque
1264 1263 1386 1322 intelli-

174 1375 272 1448 geret,
295 1373 350 1432 sed
372 1373 578 1434 multominus
599 1372 671 1433 inde
691 1373 803 1452 aliquis
825 1373 975 1448 docuerit,
1002 1390 1056 1434 cur
1077 1373 1170 1434 lectio
1193 1389 1231 1432 ex
1253 1373 1384 1433 omnium

176 1477 242 1538 lere
258 1481 458 1557 interpretum
473 1481 588 1541 iudicio
601 1482 781 1540 necessaria
795 1497 814 1540 a
828 1480 968 1541 librariis
983 1481 1139 1558 corrumpi
1152 1478 1297 1558 potuerit.
1324 1477 1386 1538 Sed

176 1586 259 1662 qnod
278 1603 343 1647 rem
366 1587 497 1664 coniicit,
525 1605 624 1664 neque
653 1592 736 1666 sequi
760 1593 867 1666 potest
896 1589 1038 1648 absolute
1062 1588 1132 1661 dici,
1161 1588 1212 1647 ubi
1236 1587 1317 1646 idem
1339 1591 1388 1645 est

176 1693 258 1768 quod
288 1699 337 1752 est
357 1697 504 1772 peraequat,
538 1711 637 1770 neque
664 1696 739 1772 supe
768 1699 874 1772 potest
901 1695 975 1772 poni
1004 1710 1062 1772 pro
1090 1695 1242 1772 sopientes.
1280 1693 1386 1752 Omnia

175 1797 269 1874 igitur
302 1798 381 1857 haue
411 1815 445 1858 se
472 1799 601 1861 habeut:
638 1800 801 1877 scriptoris
834 1801 995 1860 consilinm
1025 1800 1085 1861 hoc
1111 1802 1169 1874 est,
1203 1803 1236 1859 ut
1257 1799 1386 1858 demon-

176 1908 264 1981 stret,
292 1905 500 1984 maximopere
521 1905 659 1966 Catilium
680 1907 780 1966 fuisse
801 1907 976 1982 timendum,
1001 1924 1040 1966 ue
1059 1906 1179 1966 duobus
1198 1903 1385 1966 exercitibus

175 2011 400 2072 circumventus
426 2012 630 2073 clauderetur.
665 2013 716 2088 qui
742 2031 809 2073 cum
840 2013 930 2074 initio
961 2014 1050 2072 modo
1080 2012 1120 2074 ad
1146 2011 1261 2084 urbem,
1294 2010 1385 2072 modo

176 2117 309 2178 Galliam
331 2137 442 2181 versus
464 2125 567 2182 castra
588 2122 749 2197 movisset,
775 2121 834 2180 iam
856 2139 956 2197 neque
976 2121 1098 2200 longius
1120 2118 1267 2198 progredi
1287 2135 1386 2192 neque
1488 2193 1492 2202 ³

175 2224 206 2284 in
226 2223 383 2286 Etruriam
403 2244 605 2304 prorumpere
626 2229 734 2306 potuit.
778 2228 829 2287 Ab
856 2227 955 2288 altera
977 2227 1058 2287 euim
1080 2231 1169 2304 parte
1191 2224 1333 2286 Metellus
1355 2224 1384 2282 in

175 2333 321 2392 montium
345 2331 502 2392 radicibus
528 2336 631 2393 eastra
660 2333 810 2409 habebat,
844 2335 884 2393 ab
907 2334 1007 2393 altera
1032 2337 1122 2410 parte
1143 2331 1296 2391 Antonius
1318 2347 1384 2390 curu

174 2457 284 2518 magno
311 2439 451 2500 exercitu
481 2440 561 2500 locis
588 2441 776 2516 aeqnioribns
799 2440 967 2518 fugientem
991 2443 1114 2500 secutus
1136 2441 1192 2500 est.
1241 2437 1385 2506 Quamvis

175 2547 270 2624 igitur
292 2547 358 2608 eius
380 2549 496 2610 milites
519 2553 625 2608 esseut
640 2550 775 2626 expediti
791 2553 822 2609 et
843 2567 901 2626 per
918 2550 1015 2610 calles
1027 2553 1059 2609 et
1074 2548 1201 2608 semitas
1215 2546 1307 2606 facile
1327 2547 1386 2605 iter

175 2655 368 2732 expedirent,
396 2659 497 2714 tamen
523 2661 652 2732 propter
675 2655 809 2716 hostium
831 2655 1055 2716 multitudinem
1078 2655 1168 2716 brevi
1191 2672 1226 2714 se
1252 2653 1384 2729 nudique

176 2761 311 2821 clausum
341 2760 410 2821 fore
436 2761 599 2821 intellexit.
635 2759 702 2822 Non
723 2761 817 2838 igitur
843 2765 989 2838 quattuor
1018 2779 1127 2822 causas
1148 2761 1385 2840 propinquitatis

176 2868 302 2929 Antonii
324 2867 479 2928 Salustius
503 2869 703 2941 enumeravit,
726 2869 782 2929 sed
801 2886 862 2944 quo
878 2871 947 2931 loeo
962 2868 1101 2929 Catilinae
1115 2887 1167 2929 res
1182 2871 1279 2942 erant,
1301 2882 1386 2928 more

176 2992 233 3034 suo
255 2979 399 3035 accurate
422 2975 649 3053 diligenterque
671 2977 822 3053 exposuit.

257 3099 282 3142 c.
305 3083 353 3141 58.
374 3082 461 3140 uerbo
483 3082 514 3140 in
536 3099 644 3140 rasura
667 3082 724 3141 sed
738 3100 775 3141 m.
790 3099 835 3160 pr.
851 3083 1012 3160 seriptum;
1036 3080 1105 3142 llas.
1127 3081 1234 3141 itidem
1250 3098 1267 3139 o
1282 3080 1386 3140 auilites

175 3193 207 3248 et
225 3188 306 3248 inira
328 3189 438 3248 iterum
459 3206 477 3246 o
499 3205 593 3265 supra
608 3188 730 3266 liueam;
754 3189 793 3249 de
808 3207 867 3266 qua
888 3207 923 3248 re
937 3189 996 3248 iam
1013 3206 1106 3265 snpra
1121 3189 1307 3266 disputatum
1329 3192 1385 3246 est

175 3295 257 3354 liduit
275 3297 355 3355 codis
377 3295 446 3356 llas.
472 3300 497 3355 l.
520 3297 606 3372 prius
627 3313 686 3373 par
706 3313 844 3355 errorem
874 3296 1004 3365 librarii.
1035 3298 1067 3355 et
1091 3297 1174 3355 uotis
1194 3295 1386 3355 retinendum

176 3400 242 3476 fuit,
265 3404 297 3462 et
318 3404 526 3463 tantummodo
548 3421 606 3481 per
621 3403 767 3464 incuriam
784 3403 956 3481 typothetae
978 3421 1038 3464 uon
1064 3419 1256 3479 expressnm;
1279 3399 1386 3478 optimi

176 3511 256 3570 enim
279 3511 352 3570 libri
373 3511 457 3570 uodta
478 3511 666 3571 confirmant.
710 3510 787 3570 Sunt
817 3515 919 3571 antem
949 3511 1016 3570 lraeo
1042 3508 1242 3584 sequentibus
1262 3508 1305 3568 ita
1327 3525 1386 3584 op-

176 3617 289 3694 posita,
321 3622 355 3676 nt
376 3617 404 3676 iu
426 3618 581 3696 prioribus
603 3634 791 3678 communem
816 3619 947 3679 omnium
973 3616 1191 3691 condicionem,
1225 3616 1255 3674 iu
1285 3616 1386 3675 altero

176 3724 322 3798 membro,
346 3741 412 3799 qnae
434 3724 567 3784 facultas
588 3725 696 3801 paucis
718 3725 821 3800 fuerit,
843 3722 1138 3785 commemoraverit.

257 3831 468 3907 adpredtoruiut
489 3831 558 3890 Bas.
581 3830 650 3890 Par.
665 3828 749 3890 llius.
769 3831 959 3909 adpradimiui
973 3832 1041 3890 Vat.
1061 3830 1177 3890 dixerit
1190 3829 1303 3904 aliquis
1318 3828 1387 3890 for·

176 3954 254 3996 mam
275 3936 452 4014 imperativi
480 3938 589 3998 melius
617 3937 783 3997 convenire
810 3939 887 3999 duro
909 3937 1048 3998 Catilina
1070 3939 1202 4015 iugenio.
1244 3936 1306 3996 Sed
1326 3937 1387 3996 hoc

177 4045 275 4120 magis
295 4043 327 4103 iu
352 4045 552 4121 peroratione
572 4044 672 4104 locum
694 4045 798 4104 habet.
835 4043 949 4105 Contra
972 4045 1026 4104 hic
1046 4044 1258 4105 coniunctivae
1279 4041 1387 4102 mediae

177 4152 310 4212 urationi
331 4153 532 4229 interpositus
552 4154 653 4229 aptius
674 4152 765 4213 cadit.
793 4157 819 4212 ia
839 4169 918 4212 auur.
942 4158 985 4212 eat
1000 4155 1093 4228 peric.
1116 4151 1214 4210 Vatic.
1236 4148 1293 4209 sed
1314 4147 1384 4208 Bas.

177 4274 346 4335 pronomen
360 4259 464 4317 omisit
478 4260 510 4317 et
525 4261 611 4317 recte
627 4257 763 4334 quidem;
786 4259 868 4334 qnod
885 4258 964 4318 eniru
980 4258 1053 4317 libri
1075 4258 1104 4316 in
1120 4260 1165 4330 tis,
1187 4257 1241 4329 tis,
1254 4255 1313 4314 illis
1328 4270 1386 4312 va-

176 4365 266 4441 riant,
278 4365 349 4424 inde
361 4365 454 4425 facile
464 4365 658 4443 intelligitur,
670 4366 750 4425 alios
761 4365 861 4440 aliter,
875 4382 942 4440 quae
953 4381 1011 4424 uon
1020 4364 1190 4439 exstabant,
1201 4361 1388 4440 explevisse.

258 4489 284 4532 o.
306 4474 354 4532 59.
387 4473 461 4532 Nono
485 4476 527 4533 uti
546 4473 684 4548 planities
712 4478 777 4531 croi
796 4475 871 4532 tuter
891 4475 1027 4531 umatus
1052 4477 1162 4531 montes
1191 4477 1219 4528 el
1242 4487 1261 4528 o
1281 4468 1388 4526 dextro

176 4595 249 4655 nepe
269 4595 378 4656 cepero
399 4581 479 4640 hauc
509 4581 578 4640 cod.
600 4580 669 4640 Bas.
700 4580 883 4657 scripturam
906 4580 1067 4640 etiamnum
1089 4576 1231 4638 delendo.
1260 4575 1388 4653 primum

176 4703 234 4762 pro
256 4686 363 4746 mauu
384 4687 475 4748 codd.
497 4687 593 4746 Paris.
624 4687 692 4746 Tur.
715 4686 846 4761 mauro,
877 4685 960 4761 quod
980 4685 1094 4762 passim
1116 4684 1197 4761 apud
1221 4681 1388 4742 Salustium
