3582 5594
463 683 512 752 58

462 886 639 965 simulare,
665 883 719 952 cui
744 881 875 953 licuerit
900 881 932 950 in
960 901 1063 970 regno
1088 899 1236 948 manere.
1284 877 1382 960 Quod
1406 877 1533 947 utinam
1558 877 1661 956 illum,

462 1011 556 1082 cuius
581 1009 683 1102 impio
701 1008 849 1078 laeinore
862 1006 897 1076 in
918 1006 978 1075 has
995 1004 1145 1076 miserias
1161 1001 1326 1096 pmieetus
1342 1025 1433 1084 sum,
1460 1000 1578 1070 eadem
1595 999 1664 1072 hec

463 1134 675 1206 simulantem
689 1131 830 1214 videam,
849 1142 882 1200 et
894 1127 1074 1221 aliquando
1090 1137 1148 1197 aut
1160 1125 1248 1219 apud
1265 1148 1322 1196 vos
1334 1137 1391 1195 aut
1403 1124 1490 1218 apud
1514 1125 1594 1194 deos
1613 1127 1664 1194 in·

462 1257 616 1328 mortales
633 1279 745 1327 rerum
759 1254 980 1327 humanarum
998 1275 1078 1324 cura
1091 1250 1232 1322 oriatur!
1261 1272 1313 1322 nce
1326 1249 1393 1331 ille,
1411 1249 1469 1342 qui
1487 1273 1663 1321 11111111-

463 1385 587 1458 leribus
612 1385 678 1455 suis
703 1385 798 1454 ferox
823 1395 921 1476 atque
947 1380 1125 1476 preclarus
1150 1390 1216 1460 est,
1248 1378 1400 1450 omnibus
1426 1377 1521 1447 malis
1546 1399 1666 1446 excru-

464 1510 582 1591 ciatus,
620 1507 795 1602 impietatis
833 1509 866 1579 in
905 1516 1073 1601 parentem
1110 1512 1278 1582 nostrum,
1325 1501 1434 1572 fratris
1470 1501 1539 1570 mei
1577 1502 1668 1571 necis

463 1653 682 1723 mearumque
708 1631 917 1702 miseriarum
935 1652 1052 1722 graves
1070 1647 1186 1720 peenas
1210 1624 1336 1696 reddat
1374 1626 1445 1694 lam
1471 1624 1538 1695 iam
1558 1626 1668 1706 frater,

465 1757 576 1828 animo
600 1780 677 1827 meo
701 1757 897 1838 carissume,
929 1775 1133 1848 quamquam
1157 1749 1217 1820 tihi
1242 1749 1409 1821 inmaturo
1434 1763 1467 1820 et
1491 1750 1580 1820 unde
1607 1749 1671 1819 mi-

465 1903 566 1950 nume
600 1879 712 1950 decuit
742 1879 808 1950 vitn
840 1889 951 1972 erepta
984 1890 1049 1948 est:
1086 1886 1197 1946 111111
1227 1872 1406 1944 laetandum
1439 1875 1545 1966 magis
1570 1897 1670 1967 quam

464 2004 646 2075 dolendum
679 2017 758 2096 puto
789 2025 901 2074 casum
934 2013 1046 2080 tuum:
1083 2022 1151 2070 non
1187 1995 1278 2066 enim
1303 2020 1445 2090 regnum
1470 2009 1579 2080 tuum,
1615 1998 1671 2068 sed

395 2113 397 2119 '
467 2130 594 2220 liugom,
630 2129 785 2206 exilium,
821 2137 999 2217 egestatem
1034 2137 1066 2196 et
1090 2126 1199 2197 omnis
1223 2125 1300 2210 has,
1327 2147 1401 2219 quae
1426 2147 1481 2194 me
1507 2138 1672 2215 premunt,

467 2276 632 2324 erumnas
658 2276 734 2324 cum
759 2253 868 2322 anima
892 2251 991 2322 simul
1025 2251 1173 2321 amisisti.
1212 2255 1256 2323 At
1285 2273 1348 2342 ego
1374 2249 1499 2328 infelix,
1524 2249 1559 2317 in
1585 2257 1674 2316 tanta

465 2378 556 2449 mala
579 2377 802 2471 precipitatus
827 2401 871 2446 ex
894 2377 1000 2470 patrio
1024 2397 1149 2467 regno,
1184 2397 1297 2446 rerum
1329 2375 1553 2445 humanorum
1579 2395 1676 2464 spec-

467 2503 612 2574 taculum
639 2502 789 2594 praeheo,
820 2503 964 2573 incertus
998 2499 1079 2593 quid
1105 2521 1221 2591 agorn,
1255 2511 1372 2571 tuasne
1398 2498 1536 2569 iniurias
1560 2519 1677 2589 perse-

468 2648 569 2717 quar,
607 2626 676 2718 ipse
714 2626 829 2696 auxilii
866 2647 986 2718 egens,
1026 2647 1068 2694 an
1106 2645 1212 2715 regno
1244 2625 1434 2706 consulam,
1473 2623 1568 2692 cuius
1601 2621 1675 2690 vitae

468 2750 623 2843 necisque
656 2760 796 2843 potestas
830 2773 871 2819 ex
906 2748 1023 2841 opibus
1063 2749 1180 2819 alienis
1221 2749 1352 2842 pendet.
1403 2748 1535 2820 Utinam
1570 2743 1674 2815 emori

469 2873 606 2943 fortunis
638 2875 721 2945 meis
753 2875 909 2945 honestus
940 2873 1047 2944 exitus
1079 2873 1179 2943 esset!
1218 2896 1284 2944 neu
1321 2875 1433 2945 vivere
1468 2881 1678 2962 contemptus

468 2996 618 3080 viderer,
643 2997 671 3066 si
696 2997 842 3069 defessus
867 2998 964 3068 malis
992 2997 1124 3070 iniuriae
1150 2999 1396 3069 concessissem.
1447 2999 1542 3068 Nune
1568 3019 1679 3087 noque

468 3121 580 3192 vivere
605 3121 697 3194 lubet
717 3145 825 3215 neque
850 3122 936 3192 mori
953 3121 1030 3192 licet
1046 3121 1118 3191 sine
1135 3121 1310 3192 dedecore.
1348 3123 1460 3192 Patres
1486 3119 1676 3213 conscripti,

470 3269 530 3339 per
554 3269 628 3329 vos,
662 3269 722 3339 per
748 3247 869 3317 liberos
901 3257 1000 3338 atque
1024 3257 1176 3340 parentes
1202 3256 1346 3328 vestrm,
1381 3269 1441 3338 per
1472 3245 1677 3315 maiestatem

470 3371 585 3464 populi
613 3371 754 3442 Romani
793 3371 963 3442 subvenite
997 3369 1081 3440 mihi
1113 3371 1256 3453 misero,
1295 3370 1339 3440 ite
1374 3368 1505 3440 obviem
1533 3368 1678 3448 iniuriae,

470 3495 572 3566 nolite
597 3495 680 3588 pati,
707 3517 849 3587 regnum
874 3495 1057 3578 Numidiae,
1092 3493 1181 3587 quod
1207 3505 1354 3566 vestrum
1381 3504 1450 3576 est,
1486 3515 1546 3585 pcr
1571 3491 1682 3562 scelus

471 3629 505 3688 et
528 3618 722 3711 sanguinem
748 3619 882 3690 lamilire
907 3630 1027 3690 nosue
1051 3617 1257 3689 tabescere.»

544 3765 603 3812 xv.
652 3745 829 3836 Postquam
854 3765 915 3814 rex
940 3742 1042 3813 finem
1067 3743 1227 3834 loquendi
1251 3743 1347 3825 lecit,
1384 3742 1485 3834 legati
1511 3741 1683 3832 Iugurtha

472 3867 647 3958 largitione
672 3868 779 3959 magis
804 3890 905 3962 quam
928 3890 1028 3938 causa
1053 3867 1140 3949 freti,
1165 3867 1280 3959 paucis
1291 3866 1509 3959 respondent:
1538 3866 1685 3936 «Hiem-

472 3991 598 4083 psalem
631 3989 673 4060 oh
704 3991 864 4062 sevitiam
897 4015 990 4064 suam
1021 3991 1063 4061 ab
1097 3989 1249 4062 Numidis
1278 3990 1497 4060 interfectum.
1547 3989 1686 4060 Adher-

472 4115 583 4186 halem
608 4115 695 4185 ultro
719 4115 845 4186 bellum
863 4116 1076 4198 inserentem,
1103 4123 1275 4207 postquam
1289 4124 1460 4206 superatus
1485 4114 1546 4195 sit,
1572 4113 1684 4208 queri,

473 4238 564 4332 quod
587 4238 744 4310 iniuriam
769 4240 879 4310 fecere
896 4240 1106 4331 nequivisset.
1145 4237 1338 4330 Iugurtham
1355 4240 1398 4310 als
1423 4248 1537 4309 senatu
1555 4249 1685 4331 petere,

474 4386 516 4433 ne
542 4385 577 4432 se
602 4364 706 4435 alium
731 4374 902 4457 putarent,
928 4386 967 4434 ac
979 4363 1165 4434 Numantiae
1183 4363 1333 4454 cognitus
1359 4373 1458 4444 esset,
1485 4385 1551 4432 neu
1576 4363 1685 4433 verba

475 4487 601 4559 inimici
627 4499 702 4560 unte
729 4489 814 4558 lacta
839 4511 897 4558 sua
915 4496 1110 4580 ponerent.»
1150 4487 1280 4560 Deinde
1306 4487 1438 4580 utrique
1465 4487 1557 4558 curia
1585 4511 1688 4578 egre-

475 4611 621 4684 diuntur.
665 4613 803 4684 Senatus
829 4612 937 4682 statim
964 4611 1166 4691 consulitur;
1193 4611 1337 4682 lautores
1363 4612 1569 4703 legatorum,
1596 4635 1689 4704 prae-

475 4746 565 4806 terea
591 4747 722 4808 senatus
747 4759 868 4828 magna
893 4760 968 4830 pars
1001 4735 1107 4826 gratia
1133 4735 1329 4827 depravata,
1363 4735 1561 4807 Adherbalis
1597 4735 1689 4804 dicta
