3576 5602
1316 665 1388 734 475

178 857 265 928 unde,
297 857 356 932 ubi,
378 858 440 917 dici
461 876 564 935 posse,
588 859 639 919 ubi
661 859 746 920 notio
768 859 831 919 loci
853 861 1011 936 retinetur,
1042 879 1098 938 per
1120 879 1154 922 se
1176 863 1299 924 clarum.
1330 865 1388 924 sed

176 983 235 1025 non
258 967 355 1026 minus
377 973 481 1026 notum
504 970 552 1028 est
572 969 621 1026 obi
642 985 699 1027 nun
723 967 821 1027 solum
845 967 957 1028 referri
979 968 1018 1028 ad
1036 986 1196 1046 personas,
1219 971 1387 1030 sedetiam

176 1075 222 1133 rui
245 1077 423 1138 facultatem
446 1079 608 1138 declarare
630 1078 690 1137 Cic.
714 1077 778 1138 Cat.
795 1097 815 1136 r.
830 1097 861 1136 n.
884 1079 998 1153 „babes
1018 1080 1069 1139 ubi
1085 1080 1231 1140 ostendas
1248 1072 1323 1138 etc.“
1348 1077 1387 1136 de

176 1183 325 1242 liberiore
347 1203 402 1244 uso
424 1185 513 1244 buius
535 1184 696 1261 particulae
718 1184 774 1242 cir.
796 1183 901 1244 lustin.
922 1203 950 1243 x.
975 1188 1001 1243 i.
1022 1185 1050 1242 6.
1073 1184 1139 1244 Val.
1163 1183 1241 1244 lllax.
1266 1203 1295 1242 v.
1311 1186 1337 1242 3.
1354 1185 1382 1242 2.

175 1285 243 1345 Ext.
267 1287 327 1347 Cic.
349 1286 427 1366 Epp.
449 1289 531 1348 Fam.
553 1307 593 1348 vr.
617 1292 643 1348 7.
690 1289 752 1348 lam
774 1290 805 1348 in
828 1306 887 1364 qua
909 1293 1073 1362 structura,
1102 1289 1130 1348 si
1159 1289 1257 1350 verba
1293 1307 1386 1350 sensu

175 1397 301 1473 proprio
323 1397 543 1474 intelliguntur,
566 1415 654 1457 nemo
676 1396 848 1472 offenderit,
871 1413 909 1456 ea
930 1415 990 1457 non
1012 1396 1107 1455 debet
1127 1396 1252 1458 insolita
1275 1397 1385 1470 videri,

174 1503 227 1561 ubi
249 1507 313 1562 tota
335 1503 430 1562 dictio
453 1502 602 1563 translata
624 1508 681 1562 est.

256 1627 273 1669 o
304 1613 330 1670 3.
357 1611 459 1687 quidm
469 1627 526 1686 per
537 1611 673 1688 fraudem
688 1614 734 1670 ios
750 1611 814 1687 soit,
836 1613 934 1687 utique
952 1613 1003 1668 tuti
1017 1617 1068 1668 out
1082 1610 1124 1670 ita
1138 1609 1209 1670 Bas.
1225 1612 1286 1670 nisi
1302 1612 1386 1686 quod

174 1721 220 1776 ius
242 1725 273 1776 et
294 1721 338 1777 oia
360 1727 420 1777 tam
443 1719 588 1778 similiter
608 1720 793 1793 scribuntur,
816 1723 848 1778 ut
863 1718 956 1778 facile
978 1717 1108 1778 alterum
1130 1720 1222 1780 alteri
1237 1720 1385 1780 substitui

70 1879 75 1884 .
174 1826 282 1900 possit.
305 1825 361 1885 sed
384 1827 442 1886 boc
464 1828 563 1904 ipsum
584 1828 766 1887 vocabulum
788 1827 975 1904 interpretes
997 1828 1128 1886 maxime
1149 1828 1302 1888 sollicitos
1324 1829 1383 1889 ba·

174 1931 245 1991 buit.
277 1953 344 1993 curu
366 1936 446 1994 enim
468 1937 520 1994 alii
542 1937 613 1994 libri
635 1937 688 2008 bis,
718 1940 752 2010 ie,
783 1939 826 1995 cie
848 1937 1026 2008 exhibeant,
1059 1936 1183 1998 luerunt
1204 1938 1255 2012 qui
1282 1940 1308 1997 ie
1329 1953 1383 1995 re·

174 2047 331 2115 ponerent,
363 2059 423 2116 quo
451 2043 528 2102 nibil
557 2045 662 2119 potest
692 2043 824 2119 cogitari
855 2044 996 2112 ieiunium
1036 2044 1165 2119 priunum
1198 2044 1279 2119 quod
1308 2042 1384 2102 illud

174 2165 339 2223 pronomen
361 2151 443 2209 omni
465 2152 496 2208 vi
517 2155 612 2224 caret,
638 2158 699 2210 tum
721 2151 792 2226 quia
814 2149 906 2210 talem
929 2152 1051 2210 dicendi
1072 2153 1221 2212 rationem
1244 2149 1379 2210 Salustio

173 2255 348 2332 obtrudere,
376 2259 436 2318 boc
458 2265 506 2319 est
528 2261 566 2320 de
588 2261 653 2320 eius
674 2260 801 2336 ingenio
824 2260 984 2335 derogare.

255 2363 317 2423 lam
347 2369 390 2425 oie
414 2367 488 2444 poni
522 2385 582 2427 non
613 2385 707 2444 posse
734 2385 774 2425 ex
806 2368 1004 2442 sequentibus
1031 2367 1228 2442 colligebant,
1263 2382 1330 2424 nom
1355 2368 1383 2424 oi

172 2471 283 2547 peridem
304 2489 407 2550 repere
423 2479 557 2550 patriam.
579 2475 653 2549 quid
675 2475 768 2551 igitur
790 2473 943 2550 probibet,
972 2491 1010 2533 ne
1031 2477 1078 2532 ios
1099 2474 1243 2549 legatorl
1270 2474 1384 2550 negant

171 2577 217 2636 illi
238 2583 286 2638 ior
306 2578 449 2638 absolute
471 2597 527 2656 pro
549 2583 705 2655 potestate
725 2580 807 2656 poni.
834 2578 890 2638 sed
911 2583 957 2638 ios
978 2580 1135 2638 consulere
1155 2581 1223 2640 sive
1243 2583 1382 2655 tuapro-

172 2689 276 2744 lorium
299 2703 386 2746 nemo
409 2705 549 2762 umquam
573 2688 602 2746 in
630 2687 751 2746 dubium
775 2687 906 2746 vucavit.
929 2691 961 2746 at
981 2705 1073 2763 supra
1096 2686 1160 2747 Cat.
1183 2690 1231 2746 20.
1252 2687 1381 2763 legimus

171 2794 200 2850 io
215 2809 377 2867 paucorum
393 2799 548 2867 potetatem
569 2797 615 2853 ios
637 2801 722 2869 utque
743 2794 880 2852 dicionem
902 2797 1051 2852 concessit.
1081 2794 1102 2852 l.
1127 2793 1173 2852 31.
1196 2794 1282 2870 tepeo,
1304 2796 1381 2868 iuro,

171 2901 287 2959 iudicio.
309 2902 380 2961 ibid.
401 2903 527 2977 poroodi
548 2905 622 2961 ioris
644 2909 672 2960 et
691 2905 847 2960 maiestatis
872 2902 1077 2961 consumendo
1095 2906 1199 2978 pretio
1227 2902 1303 2960 llist.
1330 2899 1381 2959 Or.

169 3003 242 3083 Lep.
271 3011 318 3067 ius
339 3009 530 3084 iudiciumque
555 3011 678 3066 munium
708 3025 807 3067 rerum
834 3006 857 3066 l.
880 3011 925 3066 tu.
951 3011 998 3066 ios
1019 3015 1047 3066 et
1067 3011 1216 3082 imperium
1237 3010 1321 3082 repni
1345 3039 1378 3048 —

169 3117 215 3172 irre
236 3117 441 3190 imperiumque
461 3118 584 3173 omrtiom
612 3130 711 3172 rerum
737 3112 792 3171 cir.
818 3111 884 3171 Liv.
908 3117 933 3170 1.
959 3115 1004 3170 17.
1032 3129 1143 3171 mmmu
1161 3119 1302 3188 potestate
1321 3129 1380 3188 po-

166 3221 235 3295 pulo
253 3225 405 3296 pumiceo,
426 3228 458 3280 ot
477 3239 535 3280 aon
553 3221 620 3296 plue
641 3221 744 3278 dorent
764 3223 846 3290 irrite,
869 3236 955 3296 quom
976 3223 1141 3278 retinerent.
1175 3223 1298 3296 spectat
1319 3221 1380 3296 igi-

169 3327 226 3386 bus
248 3327 297 3386 ius
319 3329 358 3388 ad
378 3329 507 3406 imperia
530 3332 561 3388 et
587 3329 731 3387 bonores.
756 3325 810 3384 cir.
835 3327 913 3385 inira
936 3345 960 3384 o.
985 3330 1010 3385 b.
1041 3325 1164 3402 „furtim
1192 3333 1224 3388 et
1251 3343 1309 3404 per
1331 3327 1380 3386 la·

167 3433 297 3492 trocinia
320 3434 423 3510 potius
446 3451 534 3508 quam
556 3434 646 3493 bonis
668 3433 787 3491 artibus
809 3431 848 3491 ad
871 3433 998 3512 imperia
1011 3433 1051 3492 ad
1066 3433 1200 3492 bonores
1214 3425 1377 3492 nituntur.“

169 3539 205 3598 ld
227 3541 320 3617 igitur
342 3541 429 3598 extra
451 3555 569 3598 omnem
593 3538 812 3598 dubitationem
835 3539 968 3614 positum
991 3543 1047 3614 est,
1078 3543 1125 3598 ios
1147 3557 1217 3599 esse
1240 3539 1378 3598 retinen-

168 3649 237 3706 dum
267 3652 298 3705 et
328 3651 414 3705 recte
444 3649 625 3720 statuerunt,
656 3645 757 3704 videri
784 3644 950 3704 Salustium
980 3646 1093 3704 imitari
1125 3645 1379 3706 Demosthenem:

167 3744 244 3815 ὅταν
271 3740 306 3814 δὲ
334 3742 370 3830 ἕξ
397 3743 575 3837 ἐπιβουλῆς
608 3747 660 3813 καὶ
689 3746 873 3829 πλεονεξίας
898 3739 1008 3836 ἀπάτῃ
1034 3749 1085 3812 καὶ
1118 3748 1176 3835 βίᾳ
1206 3739 1377 3836 κατέχηται

167 3855 225 3930 (sc.
239 3846 282 3921 ro}
294 3848 486 3940 πράγματα)
508 3859 563 3918 cir.
585 3857 635 3919 0r.
651 3859 721 3916 adv.
744 3857 823 3918 Pbil.
839 3856 936 3934 Epist.
952 3876 980 3935 p.
1000 3861 1063 3918 154.
1096 3859 1157 3918 Sed
1171 3860 1268 3936 magis
1284 3858 1377 3918 dubia

167 3971 237 4026 sunt
258 3967 417 4042 sequentia
436 3966 501 4042 sirit,
528 3969 625 4042 obque
646 3969 704 4024 luti.
732 3966 862 4041 primum
893 3965 1020 4025 offendit
1047 3961 1238 4050 κακοφωνία
1259 3966 1289 4024 in
1310 3983 1378 4025 mo-

166 4075 246 4133 lesta
274 4072 417 4133 similium
447 4073 691 4132 terminationum
723 4071 959 4147 compositione.
992 4072 1049 4130 sed
1074 4073 1141 4131 haec
1170 4074 1229 4131 iam
1257 4072 1378 4146 lenitur,

166 4182 248 4255 quod
275 4182 341 4258 soit,
359 4198 425 4239 cum
453 4181 558 4256 priore
586 4179 798 4256 propositione
823 4179 1007 4253 iungendum
1036 4183 1092 4237 est.
1139 4179 1211 4237 l'um
1242 4177 1378 4238 llinsied.

165 4291 263 4365 utique
283 4305 339 4347 om.
372 4287 440 4347 Par.
462 4291 503 4346 oti
525 4291 557 4346 et
577 4287 635 4362 spl.
658 4290 709 4344 tuti
732 4286 837 4344 babet.
858 4289 952 4344 etuti
973 4290 1024 4344 orti
1045 4287 1075 4344 in
1095 4286 1163 4344 Tur.
1179 4291 1210 4345 et
1233 4285 1379 4345 leidensi

166 4397 223 4453 est.
260 4394 360 4463 Quare
386 4399 482 4472 utique
509 4412 548 4453 ex
568 4394 774 4472 geminatione
798 4393 986 4469 syllabarum
1018 4398 1116 4452 ortum
1138 4410 1209 4452 esse
1232 4396 1377 4452 statuunt.

165 4499 199 4559 ld
221 4502 303 4577 quod
319 4519 374 4578 per
389 4519 423 4561 se
445 4504 522 4560 satis
538 4507 587 4561 est
601 4500 772 4577 probabile.
792 4500 913 4558 accedit
932 4499 1013 4575 quod
1029 4505 1156 4577 propter
1171 4517 1271 4577 oeque,
1296 4501 1377 4576 quod

164 4609 321 4686 praecedit,
343 4608 501 4685 particulae
522 4612 620 4686 otique
640 4608 689 4665 vis
716 4624 805 4681 quam
836 4608 966 4666 maximo
988 4608 1134 4666 infirmari
1159 4608 1291 4667 videtur.
1321 4605 1377 4664 sed

165 4714 274 4790 quibus
297 4715 352 4774 alii
372 4716 559 4792 argumentis
591 4715 682 4774 huius
704 4714 863 4790 particulae
886 4716 1100 4774 auctoritatem
1124 4715 1308 4791 impugnant,
1340 4731 1376 4772 ea
