3576 5602
1268 659 1334 730 381

126 847 246 916 liunus
278 864 301 918 t.
331 846 401 919 dd
433 873 467 942 p.
493 847 565 921 567
595 875 661 943 epp.
771 853 804 921 5.
836 853 890 922 Ec
926 854 1057 946 epistola
1090 853 1247 925 Ciceronis
1282 849 1342 941 (ud

128 971 227 1040 Fam.
247 973 283 1054 5,
309 971 365 1060 12)
383 961 435 1044 'od
461 977 497 1044 L.
523 977 687 1046 Lucceium
708 1000 793 1047 ouuo
815 976 889 1048 698
913 981 1040 1070 scripto,
1068 981 1126 1048 etsi
1149 981 1234 1048 nihii
1257 981 1340 1049 Luc-

127 1097 219 1165 cciuc
245 1098 391 1168 historici
414 1101 592 1190 orpumroti
617 1102 751 1170 edidisse
768 1103 903 1183 uidetur,
930 1125 1032 1194 pauco
1053 1127 1201 1194 excerpo:
1227 1105 1339 1175 Genus

128 1219 226 1290 enim
252 1222 450 1315 scriptorum
476 1231 606 1291 tuorum
635 1276 643 1293 .
671 1277 678 1292 .
707 1278 715 1294 .
746 1225 823 1294 vicit
856 1225 1045 1318 opinionem
1081 1249 1190 1294 meam
1218 1248 1342 1319 meque

128 1343 176 1413 ita
215 1345 269 1414 vei
307 1345 394 1438 cepit
428 1347 480 1414 vel
514 1345 669 1430 incendit,
704 1361 739 1419 ut
773 1371 927 1442 cuperem
959 1372 1057 1441 quam
1088 1349 1261 1419 celerrime
1286 1372 1341 1420 res

129 1481 264 1540 nostras
291 1472 511 1542 monumentis
537 1472 759 1543 commendari
777 1472 851 1542 tuis.
872 1524 908 1541 ..
945 1473 1031 1556 Quia
1058 1473 1210 1543 videhnm
1235 1474 1340 1544 italici

129 1594 213 1664 beili
233 1606 267 1664 et
284 1597 390 1666 civilis
408 1596 579 1666 historiam
597 1597 664 1667 iam
682 1620 700 1666 a
719 1609 749 1666 te
768 1619 872 1689 paene
892 1619 962 1666 esse
981 1597 1172 1689 perfectam,
1195 1591 1341 1683 (dixeras

127 1731 247 1790 autem
275 1720 358 1790 mihi
384 1731 414 1790 te
440 1721 585 1814 reliquas
610 1745 662 1792 res
689 1717 804 1811 ordiri)
836 1721 949 1790 deesse
975 1721 1058 1791 mihi
1083 1721 1175 1791 nolui
1203 1723 1282 1815 quin
1308 1734 1341 1792 te

128 1843 361 1927 admonerem,
389 1857 423 1915 ut
448 1840 609 1938 cogitares
636 1845 855 1916 coniunctene
881 1846 997 1915 malles
1023 1868 1098 1915 cum
1125 1847 1263 1939 reliquis
1284 1871 1340 1917 re-

130 1970 195 2037 nus
231 1981 343 2039 nostra
377 1982 564 2048 contexere,
607 1993 649 2039 an
684 1982 720 2040 ut
760 1971 854 2040 multi
885 1971 1002 2040 Graeci
1034 1970 1184 2040 fecerunt
1208 2023 1216 2040 .
1238 2023 1274 2040 ..
1303 1958 1340 2042 ¹tu

130 2116 272 2186 quoque
299 2094 376 2163 item
404 2094 536 2164 civilem
564 2096 827 2165 coniurationem
859 2095 901 2165 ab
930 2095 1104 2166 hostilibus
1128 2095 1340 2186 externisque

130 2217 234 2287 bellis
262 2219 456 2308 seiungeres
474 2197 491 2288 ’.
520 2271 527 2286 .
557 2273 564 2288 .
598 2220 628 2289 Α
653 2219 817 2313 principio
850 2220 939 2289 euim
971 2219 1208 2290 coniurationis
1235 2242 1339 2310 usque

129 2343 171 2411 ad
200 2341 346 2412 reditum
375 2353 523 2414 nostrum
555 2343 684 2414 videtur
717 2343 798 2412 mihi
830 2344 995 2413 modicum
1028 2343 1192 2435 quoddam
1220 2365 1339 2436 corpus

130 2467 256 2536 confici
274 2491 369 2561 posse
394 2523 402 2537 .
423 2521 459 2537 ..
488 2469 615 2552 Quodsi
640 2479 718 2560 ate
745 2492 809 2537 non
837 2469 992 2560 impetro,
1012 2520 1049 2536 ..
1077 2491 1178 2559 cogar
1203 2470 1339 2537 sortasse
1399 2519 1402 2528 .

129 2591 244 2661 iacere
278 2592 367 2685 quod
399 2593 548 2663 nonnulli
583 2615 682 2684 saepe
713 2591 975 2685 reprehendunt:
1025 2591 1168 2661 scribam
1204 2593 1272 2685 ipse
1298 2592 1340 2661 de

129 2739 198 2797 me,
227 2717 405 2786 multorum
431 2727 541 2788 temen
568 2718 721 2808 exemplo
747 2727 778 2785 et
804 2716 969 2786 clarorum
997 2716 1144 2786 virorum
1164 2768 1171 2784 .
1193 2770 1200 2786 .
1220 2717 1280 2786 His
1298 2717 1340 2786 de

129 2840 232 2909 rebus
267 2841 346 2934 quid
383 2852 515 2911 acturus
547 2842 591 2910 sis
627 2893 635 2908 .
664 2894 671 2909 .
704 2839 865 2910 rescribas
897 2839 978 2909 mihi
1013 2840 1124 2909 veiim.
1180 2840 1215 2910 Si
1250 2842 1339 2910 enim

130 2964 270 3056 suscipis
297 2988 441 3044 causam,
475 2965 647 3034 conficiam
680 2963 932 3034 commentarios
961 2986 1074 3032 rerum
1100 2965 1249 3033 omnium
1276 2974 1337 3034 etc.

129 3090 164 3158 6.
194 3089 316 3158 Atticus
337 3075 513 3158 &emonem
535 3088 696 3179 alloquens
722 3089 908 3158 Postulatur
933 3113 952 3159 n
980 3100 1010 3158 te
1037 3088 1193 3171 iamdiu,
1219 3092 1337 3181 inquit,

129 3213 182 3281 vei
202 3211 373 3302 flagitatur
393 3211 543 3281 historia.
564 3265 566 3270 ,
584 3213 637 3281 Sic
657 3215 744 3281 enim
762 3223 889 3306 putant,
917 3225 948 3282 te
967 3213 1057 3282 iilam
1075 3223 1233 3282 tractante
1252 3212 1339 3282 effici

128 3359 227 3428 posse
258 3347 293 3405 ut
331 3335 364 3404 in
400 3335 463 3405 hoc
497 3335 595 3405 etiam
631 3359 754 3428 genere
790 3337 948 3407 Graeciae
982 3335 1065 3406 nihil
1097 3337 1263 3408 cedamus.
1292 3389 1300 3406 .
1329 3389 1337 3406 .

129 3461 234 3531 Abest
260 3460 347 3529 enim
373 3458 510 3529 historia
537 3459 652 3529 litteris
679 3460 807 3541 nostris,
843 3473 934 3531 utet
960 3461 1029 3554 ipse
1056 3462 1205 3552 intelligo
1239 3473 1339 3531 etex

129 3594 161 3653 te
187 3607 350 3676 persaepe
376 3583 486 3653 audio.
530 3584 624 3652 Potes
649 3594 759 3652 antem
786 3594 820 3652 tu
845 3583 992 3676 profecto
1017 3583 1204 3654 satisfacere
1231 3586 1265 3655 in
1287 3611 1337 3669 ea,

129 3709 254 3801 quippe
280 3731 356 3778 cum
382 3708 423 3776 sit
447 3730 540 3800 opus,
576 3717 610 3777 ut
636 3707 695 3778 tibi
721 3707 853 3799 quidem
881 3708 986 3777 videri
1011 3708 1104 3790 solet,
1140 3733 1244 3779 unum
1272 3711 1336 3782 hoc

128 3832 313 3902 oratorium
334 3832 479 3900 maxime
499 3884 507 3900 .
528 3884 565 3900 ..
592 3831 704 3914 Quare
733 3841 824 3901 tuum
850 3843 897 3900 est
923 3854 1043 3902 munus
1070 3830 1143 3912 hoc,
1171 3855 1190 3901 a
1218 3845 1248 3903 te
1275 3859 1336 3905 ex-

128 3966 279 4049 pectatur
307 4008 344 4024 ..
373 3957 510 4039 Quotus
530 3960 631 4046 scotor
654 3955 717 4024 Sed
745 3967 802 4036 est,
829 3957 945 4046 inquit,
972 3955 1135 4048 quaedum
1162 3957 1249 4027 inter
1275 3982 1335 4029 nos

128 4104 229 4174 parva
249 4080 418 4160 dissensio,
439 4133 446 4148 .
468 4133 475 4148 .
503 4102 521 4148 a
548 4080 667 4173 quibus
687 4079 888 4170 temporibus
915 4077 1080 4148 scribendi
1107 4080 1215 4172 capiat
1236 4105 1338 4152 exor-

128 4205 231 4274 dium.
274 4205 347 4296 Ego
373 4205 463 4273 enim
488 4205 529 4274 ab
556 4203 679 4273 ultimis
706 4225 836 4283 censeo,
869 4202 1027 4294 quonium
1055 4202 1111 4271 iila
1140 4203 1186 4271 sic
1212 4205 1334 4297 scripte

127 4343 214 4410 sunt,
242 4341 277 4399 ut
302 4352 342 4397 ne
362 4330 517 4420 legantur
538 4327 691 4420 quidem;
720 4328 788 4419 ipse
808 4336 919 4395 autem
946 4327 1119 4418 aequalem
1145 4349 1224 4395 suae
1243 4340 1339 4398 aete-

127 4457 168 4526 tis
194 4453 390 4524 memoriam
417 4452 574 4544 deposcit,
601 4463 638 4521 ut
663 4476 702 4522 ea
728 4451 963 4543 complectatur
991 4450 1110 4541 quibus
1137 4449 1206 4543 ipse
1233 4451 1338 4520 inter-

127 4580 199 4651 fuit.
249 4581 369 4648 Atticm
400 4580 473 4667 Ego
506 4599 597 4658 vero,
635 4579 750 4668 iuquit,
786 4575 864 4645 huic
896 4573 1004 4666 potius
1029 4574 1201 4643 assentior.
1253 4577 1335 4646 Sunt

127 4705 217 4774 enim
244 4701 410 4771 maximae
436 4723 489 4770 res
515 4700 549 4767 in
577 4699 638 4768 hnc
665 4700 825 4769 memoria
848 4708 946 4790 atque
972 4707 1078 4767 aetate
1105 4709 1228 4780 nostra,
1267 4711 1336 4769 tum
