3554 5600
1300 615 1366 684 20l

168 810 250 880 Nam
274 809 303 878 si
330 809 408 880 odio
433 821 564 882 senatus
588 834 690 905 quam
716 813 860 882 maximo
886 813 1063 884 Catilinam
1089 816 1206 886 arsisse
1231 815 1372 886 demon·

167 931 359 1004 stravimus:
387 935 415 1004 si
441 936 585 1005 rationes
611 936 686 1006 vitas
711 959 780 1006 suae
804 947 932 1007 veteres
958 960 996 1008 ac
1022 961 1122 1009 novas
1148 939 1181 1008 in
1208 938 1371 1009 exercita-

167 1057 254 1128 tione
279 1058 524 1130 teterrimarum
558 1058 735 1129 libidinum
770 1060 958 1132 collocatas:
998 1061 1025 1130 si
1058 1085 1148 1156 spem
1175 1061 1369 1156 perficiendi

165 1185 300 1254 sceleris
325 1183 454 1254 bomini
479 1183 792 1277 prosequentissimo
819 1185 1080 1256 inimicitiarum:
1114 1186 1141 1256 si
1157 1185 1300 1280 denique
1318 1188 1370 1258 lo·

165 1331 280 1379 corum
306 1331 346 1380 ao
372 1308 528 1402 temporis
553 1308 813 1402 opportunitates
830 1309 990 1380 extitisse:
1019 1321 1177 1403 praeterea
1195 1311 1223 1380 si
1240 1311 1368 1381 rabiem

165 1433 337 1526 quandam
362 1433 552 1504 ambitionis
578 1433 610 1502 in
638 1433 696 1503 illo
717 1433 818 1504 luisse
836 1433 1011 1505 diximust.
1025 1435 1052 1504 si
1078 1435 1204 1506 nullam
1224 1446 1368 1528 potesta·

164 1569 230 1626 tem
271 1557 548 1628 refrenandarum
581 1556 756 1627 libidinum
789 1567 846 1627 aut
876 1558 981 1628 ullum
1013 1559 1214 1652 poenitentiae
1240 1559 1365 1629 locum:

163 1691 343 1772 postremo,
369 1681 397 1749 si
423 1680 553 1772 copiam
579 1681 857 1751 innumerabilem
882 1680 1062 1774 desperate
1089 1682 1264 1753 iuventutis
1291 1705 1366 1752 cum

163 1802 221 1874 illo
247 1806 458 1877 coniunctam
484 1805 583 1875 luisse
609 1805 835 1897 patefecimus,
869 1816 902 1875 et
927 1828 1001 1875 cam
1027 1806 1126 1876 simul
1162 1805 1367 1877 ostendimus

162 1939 279 2020 suopte
306 1929 439 2020 iugenio
466 1929 629 1999 furentem
656 1927 844 1998 incredibili
876 1929 1015 2000 audacia
1048 1951 1242 2022 summeque
1270 1928 1366 2021 cupi-

162 2050 261 2120 ditate
293 2051 470 2145 prodendae
504 2074 545 2121 ao
577 2050 737 2122 vexandse
768 2052 858 2122 urbis
890 2053 1144 2123 inflammatam:
1183 2052 1262 2144 quid
1289 2053 1363 2136 erit,

161 2174 301 2258 ludices,
333 2177 422 2271 quod
448 2177 602 2248 dubitetis
627 2178 668 2247 de
693 2178 866 2250 liberanda
897 2179 1004 2271 patria
1039 2178 1145 2272 deque
1171 2178 1361 2250 ulciscenda

160 2300 381 2372 crudelissimi
406 2302 541 2374 sceleris
566 2303 792 2375 immanitate?
830 2304 972 2374 Novistis
998 2304 1088 2373 enim
1114 2302 1241 2373 lacinus
1267 2303 1365 2373 inau-

159 2425 264 2497 ditum
290 2427 440 2497 omnium
465 2426 639 2500 bominum
665 2428 839 2509 memoria,
878 2427 1005 2496 lacinus
1031 2436 1136 2507 atrox,
1171 2427 1361 2518 superbum,

158 2550 342 2632 nefarium,
359 2551 615 2643 pemiciosum,
654 2551 912 2621 remotissimum
946 2550 989 2622 ab
1020 2551 1111 2621 omni
1146 2549 1361 2630 humanitate,

157 2685 288 2756 natura,
315 2676 402 2768 lege,
429 2675 684 2746 consuetudine:
713 2676 806 2746 cuius
828 2675 1040 2746 acerbitatem
1065 2676 1092 2744 si
1118 2675 1228 2744 minus
1250 2673 1363 2744 animo

157 2796 241 2868 bene
267 2798 491 2892 perspexistis,
517 2821 630 2890 quaeso
661 2821 790 2869 mecum
817 2798 995 2891 diligenter
1019 2799 1189 2869 attendite.

203 2945 314 2994 xxxv.
366 2924 480 2994 Scelus
506 2922 604 3004 illud,
643 2922 788 3005 ludices,
818 2923 1024 2996 eversionem
1053 2924 1215 2994 nefarium
1241 2924 1361 2994 molie-

154 3047 252 3118 batur
279 3047 491 3140 umplissimae
523 3058 642 3117 nosuae
672 3047 852 3140 dignitatis,
892 3046 1060 3118 interitum
1094 3047 1360 3118 crudelissimum

153 3171 315 3244 senatorii
331 3169 470 3254 ordinis,
496 3170 621 3245 cedem
647 3193 859 3242 communem
885 3171 1034 3243 omnium
1052 3172 1234 3242 bonorum:
1260 3171 1360 3242 buius

152 3297 292 3370 sceleris
317 3296 421 3367 libido
446 3296 588 3389 reposita
615 3294 743 3364 eratin
770 3295 964 3388 diripiendis
984 3296 1133 3366 omnium
1159 3297 1281 3366 civium
1307 3297 1359 3365 la·

153 3420 335 3492 cultatibus
360 3430 457 3513 atque
482 3419 699 3513 opprimenda
719 3418 811 3488 urbis
828 3419 998 3490 libertate:
1032 3418 1110 3488 buic
1127 3418 1246 3488 sceleri
1260 3442 1358 3512 para·

151 3546 275 3618 bantur
300 3547 478 3616 teterrimas
504 3545 685 3636 coniugum
718 3566 757 3614 nc
787 3543 971 3616 liberorum
997 3554 1182 3614 nostrorum
1208 3545 1359 3614 vexatio-

152 3693 225 3740 nes:
246 3671 282 3740 in
295 3669 360 3740 boc
376 3670 502 3740 scelere
513 3667 1167 3762 versabanturdeniquelaoesinierendae
1180 3668 1358 3738 Penatibus

151 3795 285 3876 nostris,
313 3793 531 3889 expilationes
548 3793 682 3874 edium,
708 3802 820 3886 stupra
845 3793 1012 3884 virginum
1029 3792 1223 3873 Vestalium,
1249 3791 1358 3862 luctus

151 3941 189 3989 ac
223 3941 359 3989 moeror
390 3917 588 3988 miserabilis
622 3916 785 3988 universae
820 3917 969 3986 civitatis.
1020 3914 1103 3998 Quae
1129 3914 1157 3985 si
1181 3915 1286 3997 vobis,
1320 3925 1357 3986 ut

150 4054 237 4124 sunt,
273 4044 410 4136 indigna
437 4059 536 4138 atque
562 4043 786 4116 intolerabilia
817 4043 979 4123 videntur,
1013 4065 1081 4112 non
1111 4042 1263 4133 iniquum
1294 4041 1357 4110 erit

150 4179 300 4240 auctores
318 4169 436 4240 borum
453 4171 620 4242 malorum
642 4170 781 4240 multare
799 4169 977 4238 teterrimis
993 4167 1174 4260 suppliciis,
1206 4165 1355 4235 cladem·

149 4317 214 4387 que
238 4293 388 4364 omnium
407 4292 667 4364 crudelissimam
685 4316 703 4362 e
721 4291 903 4362 visceribus
921 4292 968 4362 rei
987 4289 1128 4384 publicae
1148 4288 1352 4382 propulsare.

147 4416 280 4487 'l'enetis
304 4416 458 4510 exempla
476 4417 638 4487 maiorum
655 4425 755 4508 atque
772 4416 921 4485 omnium
939 4413 1089 4507 gentium
1113 4412 1352 4493 auctoritatem,

148 4543 204 4633 qui
230 4563 364 4633 semper
380 4563 527 4610 summas
545 4550 576 4609 ct
592 4541 779 4632 singulares
797 4563 911 4632 pmnas
929 4539 962 4609 in
981 4562 1021 4608 co
1038 4561 1161 4630 genere
1179 4536 1352 4606 bominum

149 4663 390 4736 consumendas
429 4687 499 4732 esse
534 4673 741 4754 putaverunt,
780 4664 836 4755 qui
873 4664 1033 4732 rationem
1070 4660 1258 4730 habuissent
1297 4671 1352 4728 ant
