3582 5594
472 653 541 722 108

470 853 606 934 claram,
633 853 786 923 virtutem
805 873 870 921 uon
888 851 1067 943 reliquere,
1093 871 1202 942 noque
1219 859 1389 942 poterant:
1416 871 1455 918 ea
1475 849 1545 920 sola
1561 871 1664 942 neque

470 976 566 1047 datur
590 975 689 1058 dono,
715 997 825 1068 neque
850 974 1022 1067 accipitur.
1073 973 1248 1044 Sordidum
1274 994 1328 1042 me
1352 983 1386 1042 et
1410 973 1572 1043 incultum
1596 996 1665 1042 mo

468 1099 561 1169 ribus
578 1098 688 1178 aiuut;
714 1099 793 1192 quia
810 1119 928 1190 parum
944 1098 1024 1168 scite
1042 1096 1229 1168 convivium
1247 1119 1384 1179 exorno,
1410 1118 1519 1190 neque
1538 1094 1665 1166 bistrio-

469 1245 546 1294 nem
573 1224 678 1294 ullum
705 1247 814 1316 neque
840 1223 944 1318 pluris
969 1222 1066 1317 pretii
1092 1246 1208 1294 cocum
1238 1247 1339 1317 quam
1364 1224 1512 1294 villicum
1544 1223 1664 1300 babeo;

470 1371 545 1443 quas
571 1348 656 1419 mibi
680 1349 774 1421 lubet
798 1348 960 1430 coulileri,
995 1347 1152 1430 Quirites.
1201 1351 1285 1419 Nam
1312 1371 1355 1418 ex
1379 1359 1515 1440 parente
1539 1369 1612 1416 meo
1636 1354 1667 1414 et

470 1494 513 1541 ex
529 1471 603 1542 aliis
616 1470 740 1544 ,sanctis
765 1471 844 1541 viris
870 1471 915 1542 ita
939 1472 1065 1564 accepi,
1091 1471 1268 1542 munditias
1291 1469 1497 1550 mulieribus,
1521 1467 1666 1539 laborem

469 1595 549 1666 viris
574 1597 763 1678 convenire,
790 1595 1011 1689 omnibusque
1032 1594 1128 1666 bonis
1153 1608 1305 1688 oportere
1329 1595 1406 1687 plus
1430 1591 1545 1684 gloriae
1569 1613 1666 1684 quam

470 1721 660 1791 divitiarum
686 1743 776 1804 esse3
807 1744 912 1803 arma,
938 1744 1005 1791 non
1031 1719 1290 1815 suppellectilem
1317 1717 1429 1790 decori
1454 1739 1536 1786 esse.
1580 1715 1666 1796 Quin

469 1867 551 1938 ergo
576 1845 665 1938 quod
690 1845 789 1929 iuvat,
830 1845 920 1938 quod
945 1868 1058 1916 carum
1084 1856 1269 1926 astumant
1306 1843 1340 1913 id
1372 1865 1503 1935 semper
1537 1839 1666 1920 iaciant,

469 1979 597 2052 ament,
636 1978 767 2062 potent;
806 1968 863 2039 ubi
895 1968 1155 2040 adulescentiam
1189 1968 1354 2050 babuere,
1393 1965 1439 2036 ibi
1470 1974 1668 2034 senectutem

470 2104 581 2186 agant.
608 2093 641 2163 in
661 2092 831 2176 conviviis,
858 2093 960 2164 dediti
985 2095 1092 2164 ventri
1116 2104 1149 2163 et
1173 2095 1379 2187 turpissumae
1404 2090 1488 2184 parti
1506 2087 1666 2180 corporis:

468 2217 636 2301 sudorem,
662 2219 832 2312 pulverem
859 2228 891 2288 et
914 2217 981 2288 alia
1006 2217 1086 2287 talia
1110 2217 1302 2311 relinquant
1326 2216 1433 2297 nobis,
1468 2213 1588 2306 quibus
1613 2211 1669 2280 illa

469 2343 575 2434 epulis
597 2341 790 2413 iucundiora
811 2353 898 2412 suut.
941 2342 1067 2412 Verum
1092 2364 1158 2412 uon
1184 2343 1230 2412 ita
1256 2351 1314 2411 est.
1354 2343 1439 2412 Nam
1465 2337 1523 2409 ubi
1548 2359 1583 2406 se
1608 2335 1670 2407 lla-

470 2467 557 2558 gitiis
580 2465 822 2537 dedecoravere
848 2466 1039 2560 turpissumi
1064 2465 1139 2548 riri,
1176 2464 1341 2536 bonorum
1366 2461 1505 2558 praemia
1522 2475 1670 2554 ereptum

469 2600 559 2661 eunt.
597 2593 646 2660 lta
664 2590 885 2662 iniustissume
907 2590 1040 2660 luxuria
1060 2599 1092 2659 et
1113 2589 1255 2680 ignavia,
1282 2613 1444 2683 pessuma
1469 2601 1567 2672 artes,
1594 2589 1670 2669 illis,

470 2713 530 2807 qui
555 2713 688 2785 coluere
722 2735 790 2796 eas,
826 2713 912 2783 nibil
942 2711 1110 2794 officiunt;
1148 2714 1200 2783 rei
1231 2713 1373 2806 publicae
1406 2715 1550 2784 innoxia
1585 2713 1671 2784 cladi

470 2848 555 2908 sunt
605 2840 700 2908 Nunc
726 2837 884 2930 quoniam
909 2837 986 2919 illis,
1023 2847 1183 2929 quantum
1212 2859 1321 2908 mores
1347 2838 1413 2908 mei
1440 2862 1508 2909 non
1534 2838 1669 2909 illorum

470 2962 598 3054 llagitia
614 2962 806 3054 poscebant,
837 2961 1004 3054 respondi,
1030 2984 1138 3054 pauca
1165 2961 1206 3031 de
1232 2961 1405 3055 republica
1429 2963 1559 3056 loquar.
1599 2963 1674 3033 Pri·

468 3109 561 3158 mum
586 3087 735 3158 omnium
760 3086 802 3156 de
826 3086 983 3156 Numidia
1008 3085 1133 3158 bonum
1165 3087 1284 3158 habete
1310 3087 1472 3168 animum,
1511 3087 1672 3170 Quirites.

468 3212 555 3282 Nam
580 3232 655 3302 quae
681 3210 723 3280 ad
748 3209 812 3279 boc
837 3220 964 3302 tempus
990 3209 1183 3303 lugurtbam
1216 3221 1318 3282 tutata
1351 3221 1437 3294 suut,
1474 3214 1589 3283 omnia
1617 3237 1675 3282 re-

469 3339 626 3422 movistis,
650 3338 833 3421 avaritiam,
852 3339 1050 3432 imperitiam
1067 3349 1166 3433 atque
1182 3340 1384 3433 superbiam.
1424 3340 1555 3410 Deinde
1573 3361 1676 3408 exer·

468 3463 551 3534 citus
581 3463 628 3532 ibi
657 3473 707 3533 est
736 3464 885 3534 locorum
919 3465 1038 3546 sciens,
1074 3464 1133 3534 sed
1158 3463 1349 3535 mehercule
1384 3465 1491 3558 magis
1519 3475 1676 3534 sbcnuus

468 3609 570 3679 quam
603 3587 695 3658 felix.
747 3590 832 3659 Nam
866 3610 987 3679 magna
1017 3610 1093 3681 pars
1125 3587 1196 3659 eius
1228 3589 1366 3660 avaritia
1397 3599 1455 3660 aut
1488 3587 1677 3658 temeritate

468 3709 589 3780 ducum
615 3709 723 3780 attrita
748 3721 807 3780 est.
847 3711 1073 3795 Quamobrem
1098 3733 1165 3793 vos,
1192 3710 1312 3805 quibus
1338 3712 1489 3783 militaris
1514 3721 1595 3782 aetas
1613 3723 1675 3790 cst,

467 3834 653 3905 adnitimini
681 3828 837 3924 [mecum]
865 3845 898 3904 et
923 3835 1081 3928 capessite
1107 3834 1370 3928 rempublicam!
1414 3858 1525 3928 neque
1549 3858 1676 3927 quem-

467 3981 569 4052 quam
596 3981 639 4028 ex
663 3959 848 4030 calamitate
873 3959 1016 4030 aliorum
1041 3970 1098 4029 ant
1123 3959 1360 4052 imperatorum
1385 3959 1541 4053 superbia
1565 3971 1679 4030 metus

468 4083 603 4177 ceperit
654 4087 796 4176 Egomet
825 4084 860 4154 in
886 4085 1021 4176 agmine
1046 4095 1102 4154 aut
1128 4084 1161 4154 in
1187 4085 1302 4178 praelio
1332 4086 1500 4157 consultor
1526 4084 1618 4154 idem
1647 4095 1682 4152 et

466 4209 574 4280 socius
590 4209 731 4302 periculi
753 4208 920 4280 vobiscum
943 4209 1056 4291 adero,
1083 4231 1204 4304 meque
1225 4231 1348 4302 vosque
1374 4210 1409 4279 in
1434 4209 1591 4280 omnibus
1618 4233 1682 4278 re-

466 4333 528 4403 bus
561 4333 652 4404 iuxta
684 4355 809 4424 geram.
860 4335 904 4403 Et
934 4334 1082 4427 prolecto
1113 4334 1163 4404 dis
1193 4334 1379 4406 iuvantibus
1404 4336 1517 4406 omnia
1544 4345 1682 4405 matura

467 4465 553 4537 sunt,
583 4455 730 4538 victoria,
765 4455 888 4548 praeda,
920 4457 1010 4526 laus:
1047 4479 1122 4550 quae
1147 4457 1174 4527 si
1199 4455 1302 4527 dubia
1328 4469 1384 4530 aut
1409 4459 1525 4550 procul
1552 4471 1681 4538 essent,

468 4588 576 4649 tamen
606 4580 713 4648 omnis
743 4579 847 4650 bonos
881 4580 930 4648 rei
960 4580 1102 4672 publica
1128 4580 1304 4652 subvenire
1334 4583 1481 4652 decebat.
1538 4585 1682 4654 Etenim

467 4703 598 4794 ignavia
633 4727 731 4775 nemo
768 4705 950 4774 inmortalis
983 4705 1086 4776 lactus
1113 4717 1171 4787 est,
1213 4730 1323 4800 neque
1350 4708 1524 4801 quisquam
1553 4731 1682 4800 parens
