3702 5600
1358 657 1431 728 507

223 873 280 915 nus
301 855 340 914 ad
361 872 414 916 res
435 856 587 916 adversus
610 875 699 932 quem
725 858 842 918 adres
872 857 1023 918 wcoudm
1050 855 1211 916 reseratur.
1238 855 1310 915 vido
1338 871 1432 933 sopra

223 979 249 1021 c.
273 963 311 1021 39
333 964 365 1021 et
387 963 434 1021 76.
457 963 505 1022 90,
527 965 576 1024 98.

303 1085 328 1128 c.
350 1072 399 1128 55.
432 1087 488 1146 quo
509 1071 621 1129 clarior
641 1077 707 1129 erat
725 1070 796 1130 Bas.
821 1070 891 1130 Por.
921 1069 980 1129 Ein
1009 1071 1077 1130 Tur.
1099 1069 1184 1129 Loid.
1206 1070 1334 1130 verbum
1356 1070 1431 1129 sub-

223 1177 387 1234 stantivum
409 1182 495 1235 recte
517 1181 645 1252 utroque
668 1177 738 1237 loco
759 1177 892 1255 positum
914 1193 986 1237 esse
1007 1178 1139 1252 videtur,
1159 1177 1205 1236 ita
1227 1179 1306 1237 enim
1328 1193 1431 1254 oppo-

223 1283 297 1341 sitio
326 1284 453 1343 duorum
480 1284 630 1344 orationis
653 1285 854 1344 membrorum
871 1285 969 1361 magis
989 1284 1136 1360 firmatum
1165 1302 1226 1344 non
1246 1285 1325 1345 enim
1344 1301 1432 1344 suum

224 1389 368 1449 iudicium
389 1391 523 1466 scriptor
542 1389 705 1467 expressit,
728 1389 784 1449 sed
798 1389 886 1448 lama
901 1390 933 1448 ei
947 1389 1056 1466 glorie
1076 1389 1176 1467 ipsius
1193 1389 1314 1449 Metelli
1329 1389 1431 1449 actio·

223 1511 291 1554 uem
316 1498 452 1573 opponit.

303 1622 329 1664 c.
351 1607 399 1665 56.
430 1623 496 1665 sese
517 1606 646 1666 Numidae
671 1613 776 1683 petrini
799 1605 870 1666 Bas.
891 1605 960 1665 Par.
984 1606 1070 1666 bcxz.
1096 1605 1180 1666 Leid.
1204 1623 1230 1665 a.
1252 1623 1278 1666 c.
1300 1606 1329 1664 d.
1350 1623 1380 1682 g.
1403 1605 1431 1665 b.

223 1709 242 1770 i.
253 1729 289 1768 m.
310 1713 481 1788 opnnt'l'ur.
500 1712 571 1771 Naz.
594 1711 738 1772 Commol.
752 1711 843 1771 Febr.
857 1716 883 1770 1.
897 1713 923 1770 2.
942 1711 1005 1771 alii.
1019 1710 1157 1771 Latinum
1177 1715 1351 1786 utrumque;
1374 1710 1432 1770 sed

223 1833 290 1876 cum
311 1817 388 1877 illud
409 1818 470 1878 duo
493 1818 600 1896 optimi
622 1818 694 1877 libri
714 1821 866 1892 tueantur,
896 1821 996 1880 utrum
1018 1817 1241 1894 praelerendnm
1264 1817 1315 1892 sit,
1340 1817 1430 1878 dubi·

223 1924 284 1982 tari
305 1941 364 1984 non
392 1931 503 2000 potest
548 1924 705 1984 Preterea
736 1940 770 1983 ee
794 1940 885 2000 opere
913 1928 1068 1999 argenteae
1097 1923 1198 1982 aetatis
1226 1925 1432 2001 scriptoribus

223 2031 319 2106 magis
349 2037 534 2109 usurpatum.
556 2031 612 2091 clr.
636 2032 728 2090 Tacit.
755 2030 832 2090 Hist.
862 2033 946 2090 unt
975 2036 1108 2106 ,quanto
1135 2029 1271 2091 ferocius
1300 2036 1370 2091 ante
1396 2048 1433 2090 se

223 2139 352 2214 egerint,
374 2143 459 2198 tanto
481 2139 619 2216 cupidius
634 2137 777 2198 insolitas
795 2138 972 2216 voluptates
988 2132 1158 2197 hausisse.“
1180 2142 1212 2197 et
1232 2138 1344 2214 saepius
1359 2139 1433 2213 qui-

223 2241 292 2303 dem
308 2245 534 2304 substantivum
549 2245 680 2321 additur,
703 2246 786 2322 quod
805 2246 877 2306 vitae
893 2262 990 2321 genus
1005 2245 1157 2321 exprimit,
1176 2245 1333 2320 consulem,
1355 2249 1431 2304 orni-

222 2367 296 2426 cum,
315 2359 489 2426 senatorem,
514 2357 615 2429 cirum,
633 2357 801 2428 principem,
828 2353 976 2425 arbitrum,
997 2350 1089 2423 fliium
1108 2355 1248 2426 principie
1269 2355 1326 2411 eto.
1355 2368 1432 2411 cou-

223 2467 359 2518 tracum
381 2459 518 2519 ablativo
540 2460 593 2519 vel
614 2460 773 2521 adverbio·
788 2460 914 2519 verbum
936 2459 1069 2518 iunctum
1091 2474 1162 2517 raro
1186 2475 1352 2534 pronomen
1373 2458 1431 2517 ad·

223 2565 337 2626 sciscit.
368 2565 436 2626 Etsi
457 2568 551 2643 igitur
571 2566 772 2626 Ruhnkenius
793 2566 834 2625 ad
854 2565 997 2625 Rutilium
1019 2564 1135 2643 Lupum
1157 2583 1187 2642 p.
1208 2567 1256 2624 st.
1278 2565 1358 2626 banc
1382 2565 1433 2624 di-

222 2674 312 2732 cendi
336 2675 486 2734 rationem
516 2674 724 2750 compluribus
746 2672 898 2749 exemplis
919 2673 1096 2746 illustravit,
1124 2687 1237 2732 vereor
1260 2675 1370 2747 tamen,
1401 2677 1433 2732 ut

223 2780 299 2839 satis
321 2779 481 2839 commode
501 2779 541 2839 ad
565 2780 735 2839 orationem
758 2778 964 2839 salustianam
986 2779 1100 2838 reterri
1121 2780 1229 2856 possit.

304 2905 329 2948 c.
352 2891 400 2948 57.
422 2892 453 2947 in
470 2892 617 2964 mommio
637 2887 708 2948 Bas.
729 2889 839 2948 mendo
861 2888 1037 2964 scripturae3
1061 2891 1152 2963 picem
1177 2895 1206 2947 ct
1230 2887 1368 2962 enipbnre
1387 2893 1432 2945 tc·

222 2993 287 3052 doni
308 2997 426 3053 minim
453 2995 566 3054 ardenti
593 2994 662 3054 l'ur.
686 2995 808 3070 sulpbnr
829 3001 857 3053 et
887 2994 988 3053 ledon
1015 2997 1134 3052 micioni
1159 2994 1292 3052 ardentio
1316 2992 1385 3052 Par.
1406 3010 1434 3052 a.

222 3118 261 3160 m.
282 3117 328 3178 pr.
351 3101 408 3160 sed
429 3119 446 3160 c
466 3100 524 3178 spl.
547 3119 573 3158 m
599 3106 713 3177 puncto
740 3104 878 3161 notatum
899 3103 971 3160 eto
996 3115 1123 3159 erasum.
1147 3107 1299 3177 praeterea
1320 3100 1433 3159 ardenti

222 3204 291 3264 Par.
314 3206 342 3264 b.
364 3205 496 3264 ardentio
516 3205 585 3266 Par.
608 3225 637 3264 x.
656 3209 748 3281 picem
772 3205 909 3281 cumburc
930 3212 958 3265 ct
987 3206 1053 3265 tedo
1073 3210 1192 3265 micton
1210 3205 1342 3266 ardentio
1359 3207 1430 3266 Bas.

222 3311 291 3370 Vin.
315 3316 341 3371 1.
363 3311 432 3372 Sen.
456 3318 481 3372 1.
503 3312 602 3372 Paris.
625 3331 651 3372 c.
674 3314 703 3373 d.
720 3313 811 3373 Bern.
826 3315 854 3372 3.
875 3312 980 3373 Pemb.
999 3311 1032 3370 B.
1048 3310 1113 3371 Pub
1137 3313 1232 3373 blank.
1247 3308 1275 3373 l.
1291 3312 1389 3372 Guell.
1405 3315 1431 3372 i.

223 3416 308 3477 Leid.
331 3417 362 3477 L.
386 3420 479 3478 etiam
494 3419 567 3479 Naz.
591 3420 650 3479 nisi
672 3421 755 3496 quod
776 3421 876 3480 ioedorn
897 3420 982 3498 legit.
1019 3418 1103 3478 Inter
1126 3419 1216 3478 varia
1231 3419 1352 3478 dicendi
1373 3435 1432 3496 go·

222 3543 297 3585 nora
318 3525 384 3585 brec
405 3527 498 3586 lectio
521 3529 554 3587 ut
574 3527 733 3588 meliorum
757 3528 904 3587 librorum
926 3527 1110 3588 auctoritato
1133 3527 1259 3602 firmata,
1281 3525 1324 3585 ita
1340 3525 1433 3585 etiam

223 3630 262 3689 ad
285 3647 407 3690 sensum
430 3633 543 3692 ceteris
565 3632 759 3710 praeferenda
781 3637 838 3693 est.
881 3633 964 3693 Satis
989 3636 1113 3693 constat
1137 3634 1169 3692 iu
1191 3633 1309 3692 urbium
1331 3650 1432 3710 oppu-

223 3736 368 3811 gnatione
390 3753 448 3797 non
470 3739 571 3797 minus
593 3755 676 3815 saepe
697 3740 762 3816 igni
784 3757 873 3814 quam
894 3739 967 3798 telis
988 3745 1020 3798 et
1035 3743 1247 3816 oppugnantes
1263 3743 1296 3797 et
1317 3739 1432 3799 obses-

221 3860 276 3903 sos
298 3845 350 3903 uti.
381 3845 437 3904 sed
462 3845 591 3905 sudibus
612 3847 756 3922 praeustis
790 3848 883 3907 etiam
910 3847 988 3906 alias
1014 3846 1122 3906 rustici
1146 3845 1286 3922 inprimis
1312 3863 1433 3923 pugnu-

222 3951 297 4012 bant
317 3951 373 4012 cl'r.
397 3955 480 4030 Virg.
496 3954 577 4014 Aen.
599 3973 651 4014 vu.
669 3957 737 4014 524.
751 3956 909 4033 stipitibus
924 3955 1009 4015 duris
1025 3955 1126 4031 agitur
1145 3954 1314 4014 sudibusve
1328 3969 1433 4030 praeu·

223 4063 290 4137 stis,
313 4068 345 4122 et
366 4066 433 4124 506.
456 4065 616 4142 improvisi
635 4067 754 4141 adsunt,
777 4066 827 4126 bic
841 4069 927 4125 torro
946 4069 1080 4124 armatus
1096 4065 1215 4124 obusto.
1230 4062 1285 4123 cir.
1301 4060 1379 4119 Aen.
1391 4077 1432 4118 ιι.

222 4171 291 4228 set.
314 4169 402 4229 Ovid.
424 4171 495 4230 Met.
517 4191 568 4232 ιιι.
596 4175 672 4247 ess,
697 4173 773 4232 sude
796 4173 865 4249 figis
891 4173 1000 4232 obusta
1023 4203 1061 4213 -
1084 4173 1140 4230 sed
1163 4171 1254 4230 etiam
1279 4169 1348 4245 ipsa
1368 4166 1432 4226 tela

222 4293 353 4336 accensa
381 4279 541 4338 mittebant
567 4280 622 4339 cir.
644 4278 710 4338 Liv.
737 4299 799 4339 xxi.
823 4282 849 4338 8.
880 4283 925 4339 10.
948 4278 1076 4350 (telum)
1100 4279 1180 4338 sicut
1201 4278 1230 4336 in
1252 4277 1326 4354 pilo,
1353 4291 1433 4349 qua-

223 4381 344 4443 dratum
366 4392 475 4463 stuppa
506 4387 760 4464 circumligabant
780 4387 979 4461 linebantque
1000 4387 1083 4462 pice;
1110 4385 1192 4460 quod
1214 4401 1280 4444 cum
1302 4380 1433 4441 medium

223 4505 384 4550 accensum
413 4493 588 4552 mitteretur
613 4498 854 4569 conceptumque
881 4495 950 4570 ipso
979 4496 1062 4552 motu
1088 4491 1183 4551 multo
1208 4489 1355 4575 maiorem
1383 4489 1433 4565 ig·

223 4613 291 4656 nom
321 4596 427 4671 ferret,
464 4615 548 4658 arma
574 4600 674 4660 omitti
707 4600 848 4677 cogebat.
882 4599 937 4658 cir.
965 4597 1041 4658 Ces.
1072 4599 1099 4657 b.
1132 4618 1160 4675 g.
1193 4616 1220 4655 v.
1251 4599 1299 4656 ld.
1330 4594 1433 4655 multus

222 4709 363 4781 preeunte
385 4705 488 4780 sudes,
511 4723 638 4784 magnus
660 4706 818 4766 muralium
844 4707 976 4783 pilorum
998 4723 1140 4765 numerus
1164 4705 1344 4764 instituitur.
1366 4701 1432 4762 Liv.
