3702 5600
1332 593 1403 662 tus

200 791 366 852 infinitivus
395 791 490 850 activi
518 791 597 850 adeo
622 789 818 850 necessarius
840 793 897 850 ost.
915 791 1034 866 mucidi
1062 791 1131 851 llas.
1161 790 1290 851 alterum
1315 792 1403 870 ispi.

199 919 237 960 m.
259 917 321 960 seo.
342 900 489 977 adpiuxit.
517 899 715 958 comedemus
738 897 808 958 Bas.
834 898 903 958 Par.
924 897 989 958 Ein.
1013 901 1068 959 sed
1093 901 1123 959 in
1146 900 1214 959 Par.
1243 901 1273 958 in
1302 900 1404 959 medio

205 1008 357 1069 vocabulo
379 1009 493 1083 aliquid
516 1025 636 1068 erasum
658 1011 714 1067 est.

283 1131 308 1172 c.
330 1115 377 1172 36.
399 1117 516 1172 instanti
535 1113 638 1172 cedere
655 1129 821 1189 perversus
835 1112 1001 1172 verborum
1011 1112 1098 1173 'ordo
1114 1114 1285 1190 typothetae
1299 1115 1405 1174 cuius·

202 1221 279 1295 dam,
303 1223 334 1280 ut
348 1221 479 1294 videtur,
502 1221 689 1298 negligentia
711 1220 864 1294 inductum
887 1221 917 1279 in
937 1220 1025 1278 libris
1040 1224 1089 1280 est
1109 1221 1211 1280 cedere
1230 1226 1354 1282 instanti.
1367 1253 1405 1264 -

202 1329 354 1401 ludificare
375 1331 417 1389 ita
439 1346 545 1389 omues
568 1328 639 1387 libri
660 1333 803 1404 quantum
824 1330 904 1404 scio;
926 1329 981 1388 sed
1000 1330 1194 1389 'Arrusianus
1215 1330 1336 1390 blessus
1358 1347 1406 1409 ap.

203 1435 287 1495 Lind.
309 1454 337 1513 p.
360 1439 419 1496 245
446 1437 541 1496 babet
565 1434 706 1496 ludificor
734 1436 844 1496 illum..
862 1435 924 1494 Sal.
950 1436 1012 1513 lug.
1036 1440 1120 1510 pecie
1144 1453 1228 1495 moro
1249 1441 1407 1514 pmucipms

204 1542 356 1615 ludificari,
380 1543 459 1601 unde
474 1541 612 1601 nonnulli
633 1541 714 1600 banc
734 1541 862 1601 formam
882 1558 1039 1618 recepere.
1065 1543 1121 1602 sod
1142 1543 1200 1601 iam
1222 1544 1336 1620 saepius
1355 1546 1408 1604 vi-

204 1647 310 1724 dimus,
343 1665 432 1723 quam
464 1649 581 1707 incerta
611 1650 672 1707 sint
696 1648 873 1708 testimonia
905 1650 1179 1727 grammaticorum,
1214 1651 1266 1725 qui
1295 1650 1407 1727 saepius

204 1755 381 1815 memoriter
405 1753 473 1815 loea
497 1757 678 1832 scriptorum
700 1755 834 1816 laudant.
861 1756 893 1815 id
920 1756 1000 1832 quod
1022 1757 1073 1816 bic
1096 1757 1164 1834 ipso
1186 1758 1272 1816 locus
1295 1759 1409 1817 confir-

205 1867 275 1933 mat,
303 1861 355 1920 ubi
371 1865 531 1937 principem
559 1878 615 1939 pro
636 1862 780 1921 consulem
801 1862 916 1921 laudat.
938 1880 1033 1938 quare
1055 1864 1108 1924 vix
1130 1865 1229 1924 critici
1259 1881 1330 1924 esse
1359 1865 1410 1924 vi-

206 1970 303 2044 detur,
339 1969 405 2027 eius
426 1967 610 2027 auctoritate
634 1967 687 2041 uti,
720 1984 810 2041 quom
838 1969 947 2027 eodem
974 1969 1044 2028 loco
1074 1970 1252 2046 impugnare
1280 1987 1410 2030 necesso

207 2079 264 2133 est.
286 2074 407 2132 accedit
427 2074 510 2148 quod
531 2073 628 2131 forma
657 2073 758 2132 activa
784 2073 939 2148 antiquior
959 2078 991 2133 et
1017 2075 1115 2133 minus
1141 2075 1253 2134 usitata
1277 2082 1334 2138 est.
1361 2080 1411 2155 qui

206 2185 272 2238 tunc
292 2179 421 2239 Albinum
442 2177 513 2238 Bas.
535 2179 603 2237 Par.
625 2197 653 2236 x.
675 2185 733 2237 tum
753 2176 875 2253 reliqui.

289 2303 314 2345 o.
338 2287 384 2344 38.
420 2283 538 2344 subdote
563 2287 625 2342 eius
646 2282 716 2343 Bas.
742 2283 810 2343 Tur.
835 2284 972 2344 subdolus
999 2284 1066 2344 Par.
1088 2283 1155 2344 Ein.
1182 2285 1266 2345 Leid.
1296 2285 1354 2345 sed
1382 2287 1412 2345 in

206 2391 276 2450 Par.
298 2409 315 2448 e
336 2390 391 2467 spl.
417 2394 450 2449 et
475 2395 561 2450 recte
582 2390 711 2464 quidem.
733 2390 906 2449 terminatio
933 2407 968 2448 us
996 2407 1035 2448 ex
1067 2393 1208 2465 sequenti
1234 2394 1412 2468 pronomine

208 2501 277 2558 orta
302 2515 374 2557 osso
400 2497 532 2557 videtur.
574 2496 770 2556 Adiectivum
801 2497 881 2555 enim
907 2497 987 2573 apud
1014 2495 1180 2557 Salustium
1209 2501 1320 2576 saepius
1342 2501 1409 2574 qui-

209 2607 276 2665 dem
302 2622 358 2682 pro
388 2603 538 2663 adverbio
564 2604 693 2680 ponitur,
724 2604 780 2662 sed
801 2603 868 2662 soro
898 2603 950 2679 ita,
982 2608 1016 2663 ut
1052 2621 1109 2663 non
1132 2606 1230 2664 minus
1253 2606 1291 2664 ad
1316 2608 1412 2683 ipsius

209 2712 340 2771 subiecti
367 2712 500 2770 indolem
528 2714 620 2785 atquo
648 2715 785 2770 naturam
815 2710 1031 2772 declarandam
1057 2728 1147 2786 quam
1171 2707 1212 2772 ad
1238 2712 1326 2771 verbi
1354 2713 1414 2771 vim

209 2819 379 2895 augendam
401 2820 564 2895 pertineat.
589 2817 650 2878 boc
671 2819 750 2876 onim
772 2817 841 2877 loco
865 2817 917 2876 ubi
938 2817 1092 2877 ablativus
1114 2819 1273 2880 absolutus
1295 2835 1414 2895 praeee-

211 2925 264 2999 dit,
286 2923 327 2982 ad
348 2923 445 2982 solum
466 2923 591 2982 verbum
615 2922 797 2982 trahendum
817 2929 874 2995 est,
897 2925 1035 2982 streete
1057 2922 1243 2984 scholiastes
1265 2926 1296 2985 in
1310 2924 1380 2985 Bas.
1395 2945 1415 2984 r.

209 3030 412 3108 fraudulenter
432 3030 588 3107 explicuit.

291 3142 332 3197 ilo
362 3138 465 3197 delicto
502 3138 660 3197 occultiore
688 3137 775 3213 suere
805 3135 875 3196 Bas,
906 3138 973 3196 Par.
1006 3136 1072 3198 Ein.
1104 3139 1171 3198 'lun
1207 3155 1311 3198 omnes
1349 3137 1417 3198 fere

211 3245 390 3306 Leidenses.
414 3248 483 3323 fore
509 3245 596 3306 Leid.
619 3245 652 3304 u.
674 3245 776 3302 delicto
806 3244 958 3303 occultiori
985 3245 1042 3320 fuit
1069 3245 1137 3304 Par.
1161 3262 1198 3303 m.
1222 3247 1247 3303 1.
1275 3245 1331 3304 sed
1358 3262 1416 3322 op·

212 3354 352 3412 timorum
382 3355 519 3413 codicum
548 3353 641 3411 lectio
668 3352 748 3410 beno
777 3367 812 3410 se
846 3351 947 3410 babet.
981 3350 1086 3410 Facile
1117 3353 1238 3427 quidem
1266 3351 1331 3410 lieri
1358 3369 1418 3428 po·

213 3461 278 3536 tuit,
309 3466 340 3519 ut
361 3460 459 3520 Aulus
489 3461 546 3519 bac
568 3475 624 3536 spe
655 3460 762 3519 ductus
792 3457 967 3534 lugurtbam
990 3457 1021 3515 in
1051 3457 1173 3518 abditas
1197 3459 1340 3534 regiones
1364 3474 1418 3518 so-

214 3571 368 3642 quorotur,
403 3568 459 3626 sod
481 3584 539 3626 non
559 3569 654 3626 minus
677 3565 836 3642 eleganter
867 3582 952 3623 suum
985 3563 1081 3640 ipsius
1111 3565 1253 3624 iudicium
1285 3566 1419 3641 scriptor

214 3673 405 3750 interposuit,
426 3676 567 3748 idemque
589 3673 751 3751 siguificat,
778 3671 858 3730 hauc
879 3671 1069 3748 potissimum
1093 3671 1176 3730 illius
1200 3671 1322 3730 consilii
1343 3689 1419 3731 oau-

214 3801 278 3843 sam
300 3784 406 3842 luisse.

295 3891 341 3950 die
354 3889 423 3949 Bas.
444 3887 509 3948 Ein.
531 3886 615 3946 Leid.
637 3883 704 3945 Tur.
725 3885 774 3945 diu
788 3884 857 3944 Par.
880 3884 971 3959 idque
994 3885 1071 3943 satis
1092 3884 1263 3961 probabile,
1287 3885 1368 3960 quod
1390 3884 1420 3944 iu

215 3997 308 4056 simili
329 3997 471 4056 formula:
495 4001 581 4054 noctu
601 3995 706 4071 diuque
727 3995 863 4052 stationum
885 3997 914 4050 et
933 3991 1047 4067 cipibus
1069 3997 1205 4066 temptare
1226 4007 1314 4065 quam
1336 3989 1420 4049 Oba-

215 4105 308 4164 risius
329 4105 431 4180 p123
455 4102 501 4162 ed.
522 4101 609 4161 Lind.
632 4117 671 4159 ox
690 4099 756 4158 Lib.
779 4115 840 4158 sco.
858 4097 935 4157 llist.
961 4097 1073 4158 laudat.
1096 4097 1206 4156 'lamen
1229 4100 1338 4155 eontra
1361 4112 1420 4173 op-

216 4213 281 4272 timi
303 4211 419 4270 codicis
441 4209 663 4283 auctoritatem,
685 4207 736 4281 qui
759 4207 851 4265 etiam
872 4204 953 4264 inira
976 4223 1002 4266 c.
1025 4208 1071 4264 tt.
1093 4204 1139 4263 die
1161 4208 1271 4275 tuetur,
1293 4203 1441 4262 alterum‘

218 4320 293 4379 illud
315 4319 454 4394 recipere
476 4317 567 4375 nolui.
596 4314 734 4374 Truclum
760 4312 828 4372 Bas.
854 4312 981 4370 llrecum
1005 4312 1074 4371 Par.
1097 4310 1154 4388 spl.
1177 4327 1203 4368 o.
1235 4341 1274 4350 ·-
1299 4325 1423 4384 empore

217 4426 286 4486 Bas.
317 4425 425 4484 mendo
459 4423 629 4500 scripturae.
659 4424 759 4492 mosim,
796 4418 927 4495 plerique
952 4417 1031 4495 foedo
1051 4419 1125 4494 fupo
1145 4415 1217 4476 Bas.
1244 4416 1324 4490 quod
1347 4415 1423 4474 lerri

218 4535 341 4609 quidem
355 4531 466 4609 possit,
489 4531 544 4590 sed
565 4533 665 4587 tamen
687 4527 830 4603 vulgatus
848 4526 1012 4586 verborum
1029 4526 1106 4584 ordo
1128 4523 1222 4583 molto
1238 4521 1422 4581 concinnior.

216 4643 296 4718 some
316 4646 343 4696 ct
360 4639 445 4715 ferro
464 4637 532 4696 Bas.
550 4635 617 4695 Par.
633 4635 698 4693 Ein.
718 4635 860 4710 ferroque
880 4634 947 4692 l'ur.
963 4631 1048 4691 Leid.
1066 4648 1218 4690 memorem
1234 4630 1424 4688 bumanorum
