3582 5594
1289 709 1358 780 159

153 932 212 1002 per
236 908 446 1002 opulentiam
476 931 598 998 magna
631 909 773 1002 imperia
799 909 983 992 amiserint,
1017 931 1092 1003 quae
1119 931 1178 1003 per
1203 909 1360 980 virtutem

153 1036 268 1128 inopes
293 1043 471 1126 ceperant:
498 1033 533 1103 id
558 1032 644 1104 adeo
670 1033 761 1104 baud
785 1035 974 1106 mirandum
1000 1043 1061 1104 est.
1105 1037 1188 1105 Nam
1215 1034 1273 1104 ubi
1298 1035 1361 1105 bo-

152 1181 213 1230 nus
234 1159 436 1229 deteriorem
458 1159 582 1229 divitiis
605 1160 712 1252 magis
730 1162 856 1231 ciarum
874 1161 1048 1255 magisque
1070 1171 1242 1253 acceptum
1259 1160 1359 1240 videt,

151 1283 259 1375 primo
285 1294 402 1354 aestuat
426 1285 596 1378 multaque
623 1283 655 1354 in
683 1295 815 1378 pectore
840 1284 962 1365 volvit;
998 1284 1055 1355 sed
1081 1285 1139 1355 ubi
1160 1285 1272 1375 ¹gloria
1297 1284 1361 1356 bo-

152 1431 268 1478 norem
303 1407 413 1498 magis
441 1408 476 1476 in
508 1407 591 1488 dies,
628 1407 780 1479 virtutem
807 1409 978 1501 opulentia
1005 1409 1121 1488 vincit:
1162 1407 1293 1477 animus
1319 1406 1361 1476 ad

152 1531 392 1623 voluptatema
415 1552 494 1600 vero
511 1529 633 1600 deficit.
677 1531 809 1625 Quippe
834 1531 942 1624 gloria
968 1531 1130 1602 industria
1156 1532 1275 1611 alitur3
1302 1532 1360 1601 ubi

153 1677 226 1725 cam
261 1653 456 1746 dempseris,
496 1654 567 1746 ipsa
594 1677 656 1746 per
687 1677 723 1724 ee
754 1656 858 1726 virtus
888 1678 1003 1726 amara
1034 1667 1132 1750 atque
1158 1677 1275 1749 aspera
1301 1665 1359 1724 est.

154 1783 323 1850 Postremo
356 1779 414 1851 ubi
449 1779 571 1852 divitie
605 1781 703 1852 claro
736 1781 914 1864 habentur,
953 1783 999 1853 ibi
1031 1783 1145 1853 omnia
1170 1782 1257 1852 bona
1281 1781 1361 1850 vilia

152 1915 237 1986 sunt,
265 1903 360 1985 fides,
386 1905 545 1996 probitas,
571 1905 689 1998 pudor,
720 1905 889 1998 pudicitia.
932 1907 1016 1977 Nam
1048 1906 1090 1975 ad
1115 1905 1268 1975 virtutem
1294 1927 1361 1975 una

152 2029 258 2098 ardua
287 2029 342 2098 via
367 2039 436 2112 est;
480 2029 522 2100 ad
547 2030 737 2122 pecuniam,
773 2053 838 2123 qua
869 2031 990 2123 cuique
1015 2031 1118 2112 lubet,
1152 2030 1284 2101 nititur:
1329 2041 1362 2100 et

153 2154 249 2224 malis
274 2163 309 2222 et
333 2153 430 2222 bonis
455 2155 556 2224 rebus
575 2177 617 2225 aa
633 2165 776 2224 crentur.
819 2158 910 2246 Ergo
936 2156 971 2225 in
995 2155 1110 2248 primis
1134 2155 1361 2226 auctoritatem

152 2280 307 2372 pecuniae
329 2279 469 2359 demito;
505 2303 615 2372 neque
641 2280 683 2351 de
708 2265 815 2373 capite
839 2304 950 2374 neque
969 2281 1010 2351 de
1036 2281 1163 2352 bonore
1188 2303 1231 2350 ex
1257 2279 1361 2372 copiis

154 2405 330 2496 quisquam
356 2402 465 2494 magis
494 2415 551 2473 aut
581 2403 693 2473 minus
718 2404 935 2487 iudicaverit;
972 2405 1056 2475 sicut
1088 2427 1197 2499 neque
1228 2414 1360 2496 praetor,

153 2549 264 2618 neque
291 2525 408 2595 consul
434 2548 475 2594 ex
500 2525 682 2618 opulentia,
715 2549 831 2597 rerum
860 2551 902 2596 ex
927 2527 1086 2619 dignitate
1112 2538 1252 2598 creetur.
1296 2525 1361 2596 Sed

154 2649 194 2721 de
213 2649 411 2740 magistratu
433 2649 531 2720 facile
556 2651 671 2744 populi
694 2651 853 2724 iudicium
880 2651 925 2722 fit.
970 2652 1099 2723 ludices
1116 2674 1135 2720 a
1152 2652 1265 2744 paucis
1282 2674 1361 2744 pro-

154 2776 227 2846 bari
252 2799 397 2866 regnum
423 2785 487 2858 est;
514 2799 557 2846 ex
582 2777 725 2869 pecunia
752 2777 820 2870 legi
845 2778 1067 2850 inhonestum.
1111 2779 1224 2862 Quare
1246 2798 1360 2845 omnes

154 2900 270 2993 primae
296 2898 409 2969 classis
434 2899 582 2970 iudicare
607 2901 726 2993 placet,
754 2901 811 2971 sed
837 2925 976 2973 numero
996 2904 1120 2997 plures,
1147 2924 1247 2996 quam
1273 2900 1361 2971 iudi-

154 3037 241 3094 cant.
286 3025 403 3115 Neque
420 3021 567 3093 Rhodios
583 3046 694 3116 neque
714 3024 797 3094 alias
821 3025 968 3096 civitates
989 3047 1137 3118 unquam
1162 3025 1360 3095 iudiciorum

154 3169 290 3218 suorum
316 3145 479 3238 poenitnit,
518 3147 576 3217 ubi
601 3147 789 3240 promiscue
815 3147 906 3218 dites
933 3159 966 3217 et
989 3170 1128 3242 pauper,
1154 3157 1190 3218 ut
1214 3148 1360 3240 quoique

154 3295 223 3342 sors
248 3271 334 3352 tulit,
368 3269 410 3338 de
437 3269 599 3340 maxumis
632 3271 731 3341 rebus
760 3271 852 3341 iuxta
876 3291 915 3341 ac
940 3271 982 3341 do
1008 3270 1164 3341 minumis
1189 3270 1359 3364 disceptat.

226 3397 294 3467 Sed
331 3396 576 3487 magistratibus
608 3397 760 3466 creandis
793 3396 882 3468 baud
922 3397 1004 3467 mibi
1045 3397 1180 3491 quidem
1219 3394 1360 3488 apsurde

155 3523 262 3616 placet
286 3523 354 3602 lex,
380 3544 481 3614 quam
507 3523 546 3592 G.
568 3521 738 3593 Gracchus
764 3523 798 3592 in
826 3524 994 3594 tribunatu
1018 3523 1298 3616 promulgaverat,
1324 3531 1361 3590 nt

156 3669 197 3716 ex
221 3645 369 3715 conirrsis
394 3645 543 3738 quinque
568 3645 729 3716 elassibus
758 3656 846 3715 sorte
872 3647 1027 3716 centuria
1058 3657 1265 3716 vocarentur.
1311 3648 1361 3716 ita

156 3781 373 3860 coaequantor
389 3769 549 3862 dignitate
566 3770 729 3864 pecunia,
759 3772 878 3840 virtute
903 3771 1030 3841 anteire
1056 3771 1140 3841 alins
1161 3771 1262 3841 alium
1281 3794 1361 3864 pro-

157 3896 295 3988 perabit.
332 3897 414 3966 Haec
439 3918 502 3988 ego
527 3919 651 3988 magna
675 3897 822 3968 remedia
844 3909 956 3968 contra
978 3897 1106 3968 divitias
1124 3908 1240 3968 statuo.
1275 3899 1360 3967 Nam

157 4018 295 4111 perinde
312 4042 430 4090 omnes
447 4043 500 4090 res
519 4021 695 4092 laudantur
711 4033 809 4115 atque
827 4023 1037 4115 adpetuntur,
1063 4034 1099 4092 ut
1116 4044 1230 4092 earum
1247 4041 1359 4090 rerum

157 4167 234 4214 usus
252 4153 318 4214 est:
345 4145 472 4214 malitia
497 4145 643 4238 praemiis
667 4157 852 4217 exercetur.
894 4146 959 4218 Ubi
985 4170 1025 4217 ea
1042 4147 1234 4239 dempseris,
1260 4167 1359 4213 nemo

156 4269 304 4338 omnium
329 4268 473 4360 gratuito
498 4269 605 4338 malus
631 4281 689 4339 est.
732 4270 885 4340 Ceterum
908 4269 1055 4353 auaritia,
1082 4270 1181 4340 belua
1198 4269 1280 4349 tera,
1305 4267 1360 4337 in-

158 4391 274 4469 manis,
302 4391 513 4462 intoleranda
538 4402 601 4472 ost;
635 4415 703 4485 quo
728 4391 880 4474 intendit,
905 4391 1038 4485 oppida,
1070 4413 1179 4483 agros,
1206 4392 1282 4461 sana
1307 4401 1360 4460 at-

159 4537 222 4606 que
252 4515 370 4585 domos
405 4523 533 4584 vastat:
575 4514 688 4585 divina
719 4538 795 4586 cum
829 4514 983 4585 humanis
1018 4515 1212 4608 permiscet;
1249 4537 1359 4608 neque

159 4639 335 4722 exercitus,
360 4661 470 4733 neque
494 4641 619 4711 moenia
644 4641 786 4723 obstant,
816 4642 1018 4733 quominus
1044 4641 1076 4711 vi
1103 4661 1161 4711 sua
1186 4647 1358 4733 penetret;

160 4765 257 4844 tama,
284 4763 455 4856 pudicitia,
483 4763 608 4846 liberis,
639 4765 744 4857 patria
769 4776 867 4858 atque
893 4764 1083 4856 parentibus
1109 4773 1243 4834 cunctos
1268 4783 1360 4831 mor-
