3702 5600
1371 661 1442 730 573

236 858 350 934 Pyrrhi
371 858 486 918 mentio
508 874 568 917 nen
590 875 649 917 uno
670 857 741 917 loeo
762 856 846 916 laeta
867 864 916 916 est
936 874 955 915 a
977 856 1110 918 Salustie
1132 858 1187 918 alr.
1211 858 1261 917 Or.
1282 857 1391 936 Lepidi
1413 861 1445 919 et

237 964 288 1022 lib.
310 983 352 1024 m.
380 968 429 1026 88.
453 966 543 1031 ¹nulle
573 971 674 1030 tamen
709 966 780 1026 loeo
811 967 871 1026 hoe
900 982 1009 1026 nomen
1038 967 1172 1026 Burrhus
1207 968 1353 1045 seriptum
1387 970 1443 1028 asi.

237 1072 343 1148 Neque
363 1075 461 1134 verba
487 1074 598 1134 duobus
624 1077 718 1134 amali
747 1074 893 1134 consultis.
915 1092 963 1152 ap,
986 1073 1062 1134 End.
1084 1075 1193 1135 ineunti
1216 1075 1322 1152 fragm.
1345 1073 1444 1134 (iram.

238 1179 277 1238 da
308 1181 427 1240 nomine
453 1184 484 1241 et
510 1198 646 1260 pronum.
669 1200 696 1258 p.
727 1183 785 1240 127
813 1199 869 1259 pro
898 1199 979 1242 novo
1000 1181 1173 1258 fragmento
1200 1182 1340 1242 habenda
1365 1185 1443 1256 sunt,

239 1286 319 1346 haud
341 1287 433 1347 dubie
454 1290 532 1347 enim
554 1289 662 1348 eadam
683 1291 762 1362 sunt,
785 1305 851 1364 qum
873 1289 905 1348 iu
926 1287 1013 1348 Catil.
1031 1307 1057 1348 o.
1079 1291 1126 1348 36.
1148 1289 1259 1348 duodus
1276 1292 1370 1348 amati
1390 1289 1444 1348 da-

238 1396 325 1452 creto
351 1392 406 1453 alr,
434 1395 493 1455 lna.
520 1395 558 1454 A.
582 1395 711 1455 Gramm.
737 1412 769 1472 p.
792 1397 841 1454 85.
868 1396 914 1455 ed.
941 1394 1018 1455 End.
1048 1395 1155 1472 Neque
1178 1413 1235 1471 pro
1258 1396 1377 1456 consule
1397 1413 1444 1473 ap.

238 1497 329 1559 Proh.
354 1517 380 1558 a.
401 1501 471 1560 min.
493 1503 560 1561 526.
578 1519 606 1578 p.
625 1503 693 1563 339.
715 1500 762 1561 ed.
786 1499 861 1560 End.
878 1519 945 1561 nam
964 1519 1025 1561 non
1047 1520 1108 1562 uno
1127 1503 1197 1563 loeo
1212 1503 1271 1562 hoa
1284 1503 1445 1562 etiamnum

238 1605 318 1680 apud
328 1603 492 1666 Salustium
507 1608 629 1684 legitur.
641 1608 687 1667 lta
700 1609 791 1667 etiam
805 1607 917 1667 verba:
938 1609 1052 1668 Mariua
1063 1609 1103 1668 ad
1111 1610 1226 1668 Thalam
1233 1611 1383 1687 profectus
1397 1627 1445 1686 ap.

239 1711 329 1771 Proh.
358 1730 384 1771 a.
410 1731 447 1772 m.
474 1713 501 1784 s.
532 1717 599 1774 702.
627 1731 656 1792 p.
680 1716 748 1773 375.
779 1714 820 1773 ed
840 1712 916 1773 llud.
945 1715 1021 1775 nihil
1050 1716 1132 1775 aliud
1155 1731 1244 1790 quam
1267 1717 1444 1794 corruptela

240 1834 345 1878 eorum
366 1825 444 1894 sunt,
467 1838 534 1895 qnae
555 1820 618 1899 lug.
641 1837 665 1880 o.
686 1825 733 1880 75.
756 1821 900 1900 leguntur
924 1824 1092 1897 „eomodo
1114 1825 1280 1883 instruetus
1302 1824 1342 1882 ad
1362 1823 1446 1882 'lha-

239 1924 300 1984 lam
320 1920 554 2003 proficiscitur.‘⁴
598 1927 660 1987 Sed
685 1929 799 1988 verba:
831 1929 888 1988 alie
920 1929 988 1988 alibi
1016 1935 1124 1990 slantes
1149 1931 1322 2006 cecideruut,
1348 1947 1446 1990 omues

240 2039 333 2091 tumen
350 2033 481 2093 adrerum
499 2035 662 2093 volneribus
683 2050 751 2108 quae
766 2035 857 2094 etiam
878 2034 966 2095 Char.
983 2053 1012 2114 p,
1028 2039 1095 2096 133.
1109 2042 1140 2097 et
1153 2038 1318 2098 Diomedes
1333 2054 1362 2114 p.
1377 2039 1445 2096 333.

241 2138 377 2198 laudavit
398 2140 452 2199 cfr.
475 2157 567 2218 supra
588 2157 617 2218 p.
640 2143 709 2200 2d5.
732 2139 769 2198 fr.
791 2142 839 2199 65.
861 2139 943 2201 salso
964 2159 1021 2220 pro
1042 2144 1218 2221 corruptela
1239 2145 1303 2205 loei
1324 2161 1364 2204 ex
1384 2142 1446 2203 (la-

240 2246 327 2306 tilina
346 2263 370 2305 a.
390 2248 426 2306 61
448 2247 608 2307 habentur.
641 2246 703 2306 Sed
722 2263 740 2305 e
759 2245 901 2307 charisio
923 2249 1142 2308 emendandum
1156 2253 1219 2310 est:
1241 2258 1446 2309 amoarium

240 2353 373 2412 aduersis
393 2352 559 2413 uolneribus
579 2354 772 2414 coadunarunt.
803 2351 866 2412 Sed
887 2353 1024 2414 sortasse
1044 2371 1102 2432 pre
1118 2372 1199 2417 novo
1213 2355 1342 2417 Salustii
1356 2356 1445 2433 frag-

239 2465 343 2520 mento
363 2461 478 2520 haheat
498 2460 610 2536 aliquis
631 2461 741 2520 verha:
769 2460 899 2537 alioquin
924 2462 978 2520 hoc
1001 2461 1070 2534 fieri
1094 2479 1153 2522 nou
1170 2469 1271 2538 puteat.
1294 2463 1376 2540 quod
1397 2481 1445 2540 ap.

241 2565 285 2626 Cl.
307 2566 374 2626 Sao.
400 2585 429 2644 p.
456 2569 504 2627 24.
533 2565 580 2625 ed.
609 2564 685 2626 End.
706 2566 846 2644 pluribus
873 2566 951 2628 loeis
977 2566 1161 2629 Salustianis
1194 2569 1366 2630 adiunctum
1389 2573 1445 2629 est.

241 2672 303 2732 Sed
324 2673 433 2733 sedem
453 2674 523 2733 loeo
545 2677 689 2750 corrupte
710 2673 835 2750 legitur:
864 2673 996 2734 Galeriam
1018 2674 1086 2733 mihi
1106 2677 1138 2734 iu
1158 2675 1220 2734 dies
1240 2681 1332 2754 mauis
1354 2680 1446 2736 auai-

243 2779 355 2852 liorum,
385 2779 466 2855 qued
487 2779 569 2839 haud
591 2779 683 2839 dubie
714 2780 845 2840 Ceterum
866 2780 934 2839 mihi
954 2783 984 2838 ia
1007 2781 1069 2841 dim
1093 2786 1185 2859 mauis
1206 2785 1372 2843 accmdilar
1392 2782 1448 2842 cir.

241 2883 329 2946 Catil
352 2887 399 2944 2⁰.
422 2885 583 2962 legendum
596 2892 652 2945 est.
687 2884 828 2946 Ceterum
844 2887 920 2947 satis
936 2890 1058 2947 eonstai
1072 2889 1346 2965 grammaticorum,
1368 2907 1446 2965 quos

241 2990 408 3052 Endlioher
436 2992 543 3067 edidit,
571 2993 757 3053 testimoniis
783 2993 872 3070 plura
899 2992 1026 3054 Salustii
1054 2995 1123 3054 laea
1149 3007 1256 3055 eontra
1283 2997 1446 3060 temeraria

242 3098 409 3158 recentium
430 3099 582 3158 editorum
602 3099 797 3159 coniecturas
821 3099 959 3158 delendi:
982 3100 1037 3161 olr.
1059 3119 1088 3178 p.
1111 3103 1159 3161 23.
1201 3104 1242 3162 Aa
1263 3120 1308 3162 mo
1328 3121 1391 3164 oum
1412 3105 1448 3164 ad

242 3204 419 3282 reliquarum
446 3202 507 3264 Sal.
537 3202 601 3263 Cat.
624 3206 650 3262 3.
673 3206 704 3263 el
724 3204 744 3263 l.
767 3206 787 3264 l.
819 3209 929 3266 tmnami
954 3207 1173 3286 haudquaquam
1198 3227 1256 3284 par
1280 3211 1376 3288 qiora'a
1396 3228 1447 3269 aa·

242 3314 347 3388 thrr.
389 3310 527 3386 Denique
549 3327 639 3370 unum
660 3309 795 3372 sortasse
823 3311 1025 3388 fragmentum
1046 3316 1218 3376 addendum
1239 3321 1288 3379 est
1308 3317 1363 3377 eir.
1385 3317 1447 3377 luo,

242 3417 350 3495 fragm.
371 3417 411 3476 de
431 3435 509 3478 nem.
532 3420 564 3478 et
584 3435 720 3495 pronum.
737 3435 764 3496 p.
781 3421 847 3480 133.
884 3419 988 3496 „Lieat
1002 3421 1154 3483 Salustius
1168 3426 1334 3486 Sarauitium
1356 3425 1447 3484 dixe-

244 3517 312 3582 rit.“
356 3523 517 3585 Genitivus
544 3542 613 3586 eum
640 3525 733 3585 huius
762 3527 948 3587 substantivi
975 3528 1006 3587 in
1032 3528 1091 3604 his,
1122 3547 1189 3605 quae
1214 3548 1292 3594 nuno
1317 3534 1447 3608 uastam,

244 3646 304 3690 non
325 3630 485 3691 invenitur.
