3554 5600
1282 679 1350 748 ¹87

136 872 226 964 piam
253 871 428 964 presenti·
453 873 631 954 commodi,
658 895 774 944 rerum
799 875 899 944 etiam
926 874 1070 966 gestiunt
1094 875 1136 946 ad
1158 875 1351 968 opinionem

135 1009 278 1089 sperate
305 996 465 1068 utilitatis.
509 997 545 1067 Si
571 999 659 1068 feras
684 998 821 1091 quidem
846 999 954 1068 omnis
980 1000 1123 1090 generis,
1150 1023 1217 1092 qno
1243 1002 1351 1094 magis

135 1129 317 1192 attenuatae
344 1121 467 1192 luerint
490 1123 633 1215 penuria
659 1124 797 1206 edendi,
836 1147 877 1194 eo
906 1126 1014 1216 magis
1040 1126 1225 1220 precipites
1250 1137 1350 1220 atquo

135 1244 315 1316 effrenatas
340 1267 440 1316 ruere
465 1246 501 1315 in
527 1245 709 1339 perniciem
735 1247 902 1317 videmus:
937 1249 1017 1342 quid
1044 1248 1130 1320 banc
1156 1249 1350 1344 desperato·

134 1393 208 1438 rum
243 1369 423 1438 colluviem
462 1369 609 1440 ieiunam
644 1392 683 1440 ac
714 1369 878 1442 sitientem
919 1373 1112 1442 facultatum
1146 1383 1348 1455 nostrarum,

135 1515 203 1584 qno
230 1493 357 1583 impetn
387 1513 495 1584 quave
530 1503 640 1584 strage
666 1494 828 1565 ruituram
859 1517 930 1564 esse
960 1494 1092 1565 creditis
1126 1506 1185 1568 aut
1218 1495 1345 1569 debac-

135 1615 324 1697 chatum,
349 1614 378 1683 si
395 1637 431 1683 se
453 1615 642 1685 carceribus
660 1617 851 1686 emiserint:
878 1639 955 1687 cum
981 1617 1049 1688 illae
1064 1618 1195 1690 ratione
1211 1632 1347 1692 careant

134 1751 237 1833 atque
262 1737 499 1830 intelligentia:
526 1737 667 1809 bivero
692 1761 760 1808 non
785 1739 895 1810 absint
919 1741 1049 1833 penitus
1075 1741 1117 1811 ab
1143 1744 1213 1835 ipsa
1239 1745 1348 1816 lacul-

134 1875 200 1936 tate
218 1863 453 1956 intelligendi?
487 1865 680 1936 Gravissimi
704 1867 841 1959 quidem
867 1879 943 1938 sunt
969 1890 1097 1938 morsus
1124 1869 1259 1940 irritatis
1284 1891 1347 1940 ne-

134 1991 309 2060 cessitatis.

208 2135 269 2184 xu.
320 2113 376 2184 Dii
393 2115 609 2196 immortales,
636 2138 712 2207 quae
729 2117 841 2188 clades
864 2117 907 2186 ab
931 2117 990 2188 illa
1012 2117 1139 2188 feritate
1157 2116 1344 2202 bominum,

132 2263 209 2333 qne
235 2263 361 2333 genera
387 2239 591 2333 flagitiorum
618 2243 868 2322 emanavissent
895 2243 923 2312 si
942 2253 1123 2315 nocturnus
1149 2244 1210 2314 istc
1237 2244 1345 2337 impe-

131 2377 223 2436 rator
259 2367 356 2460 quasi
389 2367 549 2461 quasdam
587 2369 812 2462 rapidissimas
846 2370 962 2440 beluas
1001 2371 1034 2440 in
1071 2371 1168 2444 Urbis
1204 2374 1345 2442 Penates

132 2491 312 2562 immittere
337 2491 522 2584 potuissetl
568 2493 692 2562 Horret
723 2494 866 2574 animus,
906 2494 1043 2575 iudices,
1077 2517 1117 2566 ea
1143 2497 1344 2588 cogitatione
1455 2567 1459 2578 ,

132 2617 320 2709 complecti,
346 2638 422 2711 qaae
448 2618 562 2688 miseri
587 2617 848 2711 pertulissemus,
875 2621 903 2690 si
923 2643 1022 2714 sopor
1046 2620 1161 2691 oculos
1186 2620 1344 2692 consula·

131 2765 184 2812 res
209 2741 416 2812 detinuisset.
458 2742 707 2834 Restinguenda
738 2755 787 2814 est
817 2745 930 2836 itaque
955 2743 1091 2815 flamma
1116 2743 1211 2818 nobis
1236 2743 1343 2814 scele-

131 2879 200 2938 rata
228 2879 262 2937 et
286 2877 392 2948 atrox,
428 2867 509 2939 dum
542 2869 652 2980 pdbuc
683 2871 792 2941 relata
817 2869 984 2941 cineribus
1009 2895 1049 2941 ae
1074 2872 1178 2963 sopita
1204 2868 1342 2940 laonltas

130 2993 361 3084 restinguendi
393 2995 561 3065 levissime
594 2996 672 3066 data
702 3007 768 3068 est:
809 3020 853 3066 ne
879 3019 956 3068 enm
982 2998 1096 3069 omnia
1119 2995 1343 3090 comproben-

130 3117 217 3188 derit
243 3111 346 3211 (quod
371 3119 577 3191 immortales
594 3119 651 3191 Dii
675 3121 808 3214 penitus
834 3115 996 3212 avertant)
1021 3145 1081 3192 nos
1105 3122 1226 3192 frustra
1250 3129 1342 3214 post-

129 3241 265 3312 modum
298 3242 511 3315 furibundam
547 3255 648 3337 atque
683 3245 887 3316 exultantem
920 3247 1126 3337 restinguere
1156 3244 1339 3338 cupiamus.

128 3370 246 3460 Neque
281 3380 444 3440 rectorem
483 3369 577 3438 naris
610 3369 814 3440 audiendum
853 3391 987 3462 prorsus
1020 3370 1173 3440 existimo
1207 3368 1340 3460 inipso

127 3513 273 3562 mucrore
306 3493 507 3562 calamitose
541 3493 758 3587 tempestatis,
798 3515 899 3585 quam
938 3493 988 3563 illi
1027 3493 1144 3584 lugere
1180 3491 1339 3562 facillime

128 3615 277 3686 licuisset
313 3629 568 3710 consurgentem
611 3616 719 3709 primo
756 3615 887 3708 sibique
920 3639 959 3686 ae
986 3616 1084 3686 rebus
1109 3615 1177 3685 suis
1202 3614 1340 3686 nanlra·

128 3742 219 3832 gum
252 3739 480 3810 minitantem:
519 3761 629 3833 neque
663 3741 742 3810 item
774 3739 1033 3831 gmernamrem
1070 3738 1162 3809 urbis
1200 3737 1235 3808 in
1267 3739 1339 3831 ipso

127 3866 262 3937 excidio
285 3877 320 3935 et
344 3864 531 3936 calamitate
557 3864 708 3946 civitatis,
744 3885 845 3957 quam
878 3864 1123 3957 impendentem
1150 3861 1338 3956 prinsipes

124 3989 264 4059 consilio
287 4012 350 4060 sno
374 4011 501 4083 suaque
519 3986 696 4080 prudentia
714 3987 876 4058 sustinere
893 3985 1038 4079 quodam
1062 3985 1162 4056 modo
1187 4009 1228 4057 ac
1252 4007 1338 4077 pro-

125 4115 261 4207 pulsare
286 4114 455 4207 potuisset.
490 4115 580 4183 Sere
605 4124 682 4184 sont
706 4111 880 4184 bominum
906 4111 1159 4180 lamentationes
1184 4131 1338 4203 prorsus-

125 4261 191 4332 que
224 4237 463 4330 vituperandae,
503 4257 586 4329 quas
621 4246 796 4328 occupatas
831 4235 864 4304 in
899 4234 951 4305 bis
977 4232 1130 4326 lugendis
1155 4231 1335 4316 cernimus,

126 4385 200 4455 quas
228 4363 310 4432 vitio
334 4385 395 4432 suo
421 4360 614 4454 desidiaque
640 4362 860 4451 contigerunt.

198 4509 270 4558 ιιιι.
324 4486 979 4569 Callicratidi,Lacedaemoniorumdnci‚
993 4483 1334 4564 commodissimam,

128 4613 178 4680 cui
204 4623 355 4706 praeerat,
391 4613 531 4682 classem
559 4610 703 4682 funditus
730 4610 892 4680 amisisset
922 4622 1056 4703 propter
1081 4607 1335 4680 immoderatam

129 4736 240 4825 gloriae
265 4734 591 4828 cupiditatcmnibil
618 4733 659 4804 ad
687 4755 759 4804 eam
788 4734 1025 4804 restituendam
1050 4734 1227 4804 novissima
1253 4755 1335 4802 oon-
