3554 5600
1294 645 1366 712 257

156 839 274 910 luerat.
320 836 691 921 11111110,37,13.
721 835 777 909 14.
879 839 1176 910 2111111111
1212 839 1366 912 historia·

155 987 231 1034 rum
253 962 393 1056 scriptor
410 964 577 1034 Romanos
604 975 671 1033 tum
697 963 831 1034 demum
857 963 990 1034 divitias
1007 964 1158 1046 sensisse,
1186 989 1260 1035 cum
1280 966 1367 1037 hanc

156 1099 291 1180 gentem
326 1081 549 1178 [Sabinorum]
580 1087 854 1181 perdomuissent.
898 1088 1011 1157 Strabo
1037 1086 1071 1169 5,
1097 1085 1131 1168 3,
1162 1087 1192 1158 l.
1214 1113 1248 1181 p.
1280 1088 1366 1162 228.
1495 1149 1497 1153 .

156 1213 217 1280 25.
243 1213 299 1282 lle
322 1235 402 1282 vero
428 1222 463 1282 ut
489 1211 530 1280 de
555 1212 619 1281 boc
645 1211 734 1281 bello
768 1204 905 1302 [Punico
930 1204 1051 1303 primo]
1086 1209 1280 1302 diligentius
1306 1236 1368 1284 ex-

155 1359 329 1430 ponerem,
363 1335 447 1406 1111
472 1358 607 1428 quoque
633 1357 733 1405 causa
758 1335 871 1417 movit,
906 1334 996 1427 quod
1022 1335 1081 1428 qui
1106 1335 1286 1428 plurimam
1312 1360 1368 1408 re-

156 1485 231 1532 rum
257 1460 434 1530 scientiam
459 1459 501 1528 ad
527 1458 610 1530 illud
632 1459 843 1529 scribendum
861 1459 1009 1530 attulisse
1026 1459 1191 1543 videntur,
1217 1460 1368 1534 Philinus

156 1595 190 1654 et
214 1585 352 1664 Fabius,
377 1605 493 1652 verum
519 1606 585 1652 uon
613 1607 653 1652 ea
680 1583 743 1653 lide
770 1605 835 1676 qua
861 1584 1034 1677 oportebat
1051 1583 1279 1675 prodiderunt.
1319 1588 1368 1657 Ae

156 1709 198 1778 de
236 1707 401 1778 industria
433 1707 569 1801 quidem
604 1709 768 1788 mentitos,
809 1730 886 1777 eum
919 1707 1019 1776 vitam
1053 1730 1170 1778 eorum
1196 1731 1235 1778 ao
1260 1710 1369 1780 studia

156 1847 283 1928 specto,
309 1856 376 1904 non
395 1834 565 1915 existimo;
591 1834 648 1902 sed
666 1833 786 1903 accidit
812 1833 878 1902 illis
904 1833 1013 1902 simile
1034 1833 1104 1903 lere
1129 1834 1229 1927 quale
1250 1856 1368 1904 aman-

157 1960 244 2028 tibus
271 1958 366 2029 solet.
411 1960 495 2028 Nam·
514 1968 648 2050 propter
672 1957 816 2049 partium
842 1955 987 2027 studium
1014 1966 1047 2025 et
1067 1955 1208 2026 ell'usum
1230 1957 1264 2025 in
1283 1957 1368 2028 Car-

159 2083 385 2175 thaginienses
418 2081 564 2151 lavorem
607 2078 740 2149 Philino
778 2079 916 2172 quidem
955 2078 989 2148 hi
1026 2079 1140 2148 omnia
1175 2080 1366 2172 prudenter,

157 2220 260 2289 recte,
293 2205 422 2278 fortiter
454 2203 608 2274 videntur
642 2202 772 2285 iecisse,
807 2202 949 2272 Romani
982 2225 1094 2284 secus;
1132 2204 1256 2275 Fabius
1289 2227 1368 2276 vero

159 2333 363 2404 contrarium
380 2330 530 2423 sequitur
547 2382 555 2398 .
576 2382 583 2398 .
605 2383 612 2398 .
639 2331 688 2400 Ac
701 2328 872 2399 Philinum
888 2328 1025 2421 quidem
1041 2329 1075 2398 in
1095 2330 1250 2400 universo
1267 2353 1368 2424 opero

158 2460 258 2530 telem
278 2456 440 2535 invenias,
466 2454 524 2524 sed
549 2454 674 2548 pariter
698 2454 799 2522 talem
815 2475 950 2546 quoque
969 2453 1122 2534 Fabium,
1151 2465 1186 2522 ut
1202 2455 1269 2524 suis
1287 2455 1367 2526 locis

156 2582 361 2652 ostendetur.
404 2580 553 2671 Polybius
570 2580 598 2661 l,
623 2575 680 2659 14,
709 2576 815 2649 1-3.
847 2578 904 2662 15,
933 2578 988 2650 12.
1092 2580 1151 2649 26.
1181 2573 1367 2668 [Hamilcar

157 2720 192 2779 et
205 2709 348 2779 Romani
365 2709 401 2777 in
418 2710 526 2801 Eryce
544 2715 657 2775 moute
670 2704 791 2775 acriter
804 2699 1002 2798 pugnantes]
1020 2715 1193 2798 postquam
1213 2707 1367 2776 omnibus

157 2836 285 2906 artibus
311 2835 361 2905 usi
388 2845 420 2902 et
446 2855 546 2902 omne
572 2832 704 2924 inopiae
730 2853 836 2922 genus
862 2832 1010 2924 perpessi
1040 2829 1125 2900 nihil
1151 2843 1208 2901 aut
1235 2853 1367 2923 pugna-

158 2983 233 3032 rum
260 2971 316 3028 aut
342 2957 537 3028 insidiarum
563 2956 791 3048 intemptatum
817 2956 1035 3049 reliquerunt,
1066 2955 1212 3037 tandem,
1237 2980 1316 3026 non·
1332 2969 1368 3028 ut

159 3087 284 3157 Fabios
316 3084 363 3154 ait
388 3083 512 3154 viribus
538 3080 692 3152 exhausti
716 3093 749 3150 et
774 3081 850 3151 victi
875 3083 990 3164 malis,
1030 3082 1088 3152 sed
1118 3094 1154 3151 ut
1179 3093 1367 3152 constantes

158 3223 193 3281 et
221 3209 435 3303 imperterriti
474 3207 609 3302 quidam
648 3205 711 3277 viri
744 3206 871 3277 bellum
903 3219 1169 3300 composuerunt.
1219 3208 1368 3298 Polybius

163 3336 195 3418 l,
222 3332 282 3414 58,
309 3331 345 3405 4.
372 3332 406 3405 5.
508 3333 566 3402 27.
606 3324 708 3420 [Metu
741 3331 863 3402 Gallici
901 3327 995 3422 belli]
1030 3333 1171 3425 permoti
1214 3333 1367 3404 consules

159 3459 259 3529 totius
293 3457 408 3529 ltaliae
441 3455 484 3525 ud
515 3453 717 3548 praesidium
752 3454 883 3546 imperii
918 3465 1113 3524 contraxere
1142 3455 1239 3526 vires.
1291 3456 1367 3538 Quo

160 3584 247 3654 lacto
275 3583 307 3651 iu
335 3581 504 3672 utriusque
533 3577 677 3648 consulis
704 3578 853 3648 exercitu
877 3579 1067 3670 octingenta
1098 3579 1193 3648 milia
1218 3591 1365 3650 armato-

160 3731 236 3780 rnm
262 3707 361 3778 inisse
387 3707 585 3786 reseruntur,
612 3704 698 3774 sient
714 3703 835 3775 Fabius
854 3703 1039 3785 historicus,
1066 3703 1124 3796 qui
1150 3705 1260 3775 eidem
1278 3705 1366 3774 bello

162 3832 324 3912 interluit,
364 3829 511 3923 scripsit;
557 3851 600 3898 ex
633 3827 753 3920 quibus
787 3829 1015 3898 Romanorum
1054 3839 1085 3896 et
1119 3828 1366 3922 Campanorum
1486 3835 1496 3858 ⁹

163 3959 297 4029 luerunt
315 3955 463 4047 peditum
489 3963 636 4025 trecenta
657 3953 879 4046 quadraginta
895 3963 970 4023 octo
985 3953 1081 4023 milia
1099 3953 1244 4035 ducenti,
1269 3953 1367 4043 equi-

162 4097 230 4154 tum
256 4107 336 4154 vero
362 4081 478 4172 viginti
501 4104 560 4150 sex
580 4080 673 4151 milia
694 4081 852 4163 sexcenti,
879 4089 989 4149 cetera
1009 4079 1185 4152 multitudo
1201 4079 1366 4148 sociorum

162 4209 232 4278 luit.
277 4202 472 4285 01111114,
501 4201 558 4276 13.
602 4203 840 4295 Traditumque
866 4212 916 4272 est
939 4225 959 4271 a
985 4203 1088 4273 Fabio
1113 4201 1283 4281 historico,
1308 4201 1367 4293 qui

163 4335 196 4404 ei
219 4333 309 4404 bello
335 4328 494 4410 interluit,
521 4327 635 4400 DCCC
657 4327 752 4397 milia
778 4327 950 4397 bominum
976 4337 1088 4420 parata
1114 4326 1155 4395 ad
1181 4325 1214 4394 id
1240 4324 1366 4394 bellum

165 4459 274 4530 luisse.
322 4457 497 4548 Eutropius
529 4450 564 4536 3,
598 4451 632 4524 5.
734 4451 792 4522 28.
823 4449 939 4521 Tradit
973 4460 1005 4519 et
1036 4447 1159 4519 Fabius
1188 4447 1297 4517 Pictor
1332 4449 1365 4518 iu

164 4581 338 4654 annalibus
363 4578 446 4660 suis,
481 4599 557 4646 cnm
581 4576 789 4647 obsideretur
819 4572 1020 4667 praesidium
1048 4573 1236 4642 Romanum
1263 4595 1281 4641 1
1309 4572 1367 4642 Li-

164 4707 313 4796 gustinis,
339 4701 591 4773 hirundinema
616 4700 716 4793 pullis
736 4700 777 4769 ad
803 4723 838 4768 se
864 4698 1010 4776 allatam,
1037 4705 1072 4766 ut
1098 4695 1167 4765 lino
1183 4693 1224 4764 arl
1248 4695 1366 4788 perlem

1167 4822 1204 4878 17
