3526 5604
1280 637 1351 706 329

48 885 54 894 -
145 838 390 908 famosissimus
418 838 495 920 tuin
528 847 711 908 astantem
738 838 792 909 bic
818 837 965 930 Apicius,
1000 859 1067 930 quo
1092 847 1225 908 auctore
1251 836 1352 908 exilio

144 962 325 1033 damnatus
343 973 392 1032 est
408 963 561 1045 Rutilius,
588 963 645 1055 qui
658 965 840 1033 Romanam
860 962 1031 1033 historiam
1048 964 1176 1033 Graeco
1200 983 1352 1032 sermone

145 1086 264 1156 edidit.
314 1089 503 1158 Posidonius
531 1090 619 1180 opud
647 1089 836 1158 Athenaeum
870 1089 1055 1180 dipnosopb.
1080 1084 1116 1169 4,
1142 1084 1201 1158 66.
1250 1085 1347 1156 Ruti-

144 1209 213 1279 lius
237 1210 355 1290 Rufus,
381 1210 440 1300 qui
464 1209 605 1302 patriam
631 1209 803 1280 historiam
828 1209 968 1302 scripsit.
1006 1211 1180 1280 artmano
1206 1205 1240 1290 6,
1266 1204 1348 1280 108.

143 1333 307 1404 Aurelius
340 1333 564 1425 Opilius
596 1332 757 1404 Rutilium
791 1334 915 1404 Rufum
944 1334 1136 1404 damnatum
1169 1333 1203 1402 in
1235 1331 1350 1404 Asiam

145 1467 282 1527 secutus
298 1453 421 1524 ibidem
435 1457 595 1549 Smyrnae
612 1457 712 1526 simul
729 1456 910 1527 consenuit.
937 1457 1104 1526 Raouios
1116 1457 1154 1526 da
1167 1476 1300 1546 mamm.
1315 1453 1349 1526 6.

144 1581 183 1650 ln
215 1580 298 1650 vivis
322 1589 394 1650 erat
417 1579 561 1650 Rutilius
585 1602 617 1649 a.
644 1577 730 1662 676,
760 1584 818 1673 cfr.
844 1581 949 1651 Cicero
970 1583 1007 1652 iu
1027 1581 1127 1650 Bruto
1144 1577 1204 1660 22,
1227 1577 1288 1650 85.
1314 1581 1353 1650 de

145 1706 226 1797 Rep.
252 1703 285 1784 1,
308 1700 344 1785 8,
371 1701 427 1774 13.
453 1705 491 1774 dc
515 1704 601 1774 deor.
626 1717 693 1774 unt.
712 1702 747 1786 3,
771 1702 830 1788 32,
855 1703 915 1776 80.
1015 1707 1049 1773 2.
1075 1703 1218 1775 Rutilius
1239 1703 1352 1774 scribit

143 1829 315 1899 Romanos
340 1828 518 1900 instituisse
543 1830 719 1909 nundinas,
744 1839 781 1900 ut
804 1839 879 1900 octo
905 1829 1040 1922 quidem
1065 1830 1182 1900 diebus
1204 1828 1239 1898 in
1261 1827 1351 1918 agris

143 1952 261 2022 rustici
286 1975 368 2045 opus
394 1953 551 2036 lacerent,
577 1975 666 2023 nono
691 1963 803 2024 autem
824 1953 879 2024 die
901 1953 1086 2024 intermisso
1104 1976 1182 2023 rure
1199 1951 1242 2022 ad
1259 1974 1351 2022 mer·

143 2087 257 2146 catum
283 2077 440 2168 legesque
465 2076 674 2169 accipiendas
694 2077 835 2147 Romam
852 2077 1013 2158 uenirent,
1040 2087 1071 2146 et
1096 2089 1133 2147 ut
1155 2076 1235 2146 scita
1251 2087 1351 2168 atquo

143 2201 298 2270 consulta
322 2200 547 2292 frequentiore
572 2200 695 2293 populo
721 2201 933 2281 referrentur,
966 2222 1052 2293 quae
1077 2199 1270 2271 trinundino
1295 2199 1350 2270 die

143 2325 315 2417 proposita
340 2345 361 2392 a
384 2322 524 2414 singulis
548 2332 647 2416 atque
671 2322 834 2393 universis
860 2323 957 2394 facile
986 2324 1224 2403 noscebantur3
1259 2323 1349 2393 unde

143 2447 247 2518 etiam
272 2467 345 2515 mos
369 2455 490 2515 tractus
515 2455 577 2514 etc.
604 2445 784 2515 Romulius
808 2444 988 2527 sotumi,
1010 2443 1065 2516 16.
1105 2446 1241 2515 Dolore
1261 2448 1351 2518 ciuili

142 2595 215 2642 nrm
231 2571 375 2641 Rutilius
399 2585 510 2641 auctor
533 2573 642 2640 citetur
667 2554 776 2661 quater
800 2571 841 2641 ub
866 2571 1003 2664 Ulpiano
1022 2573 1058 2641 io
1078 2572 1231 2662 Dipcstis,
1260 2573 1351 2642 semel

142 2719 165 2765 u
191 2695 279 2766 Gaio
304 2709 332 2764 ct
356 2696 393 2765 io
415 2698 591 2787 fruymcuto
615 2696 654 2765 de
676 2695 791 2787 Empta
816 2698 1003 2777 crocodilo,
1029 2697 1099 2788 ficri
1116 2710 1216 2788 potest
1239 2711 1275 2765 ut
1300 2696 1350 2766 lo-

142 2844 197 2890 eus
217 2822 272 2890 lu'c
286 2843 351 2890 ooo
375 2821 418 2890 ud
434 2822 584 2890 Matutae
606 2822 786 2912 referendus
806 2823 858 2892 sit.
959 2822 993 2892 3.
1020 2818 1080 2906 [M.
1100 2821 1241 2892 Claudio
1257 2823 1349 2912 lilar-

142 2944 229 3015 cello
255 2942 299 3026 Q.
324 2943 427 3014 Fabio
452 2943 607 3014 Labeone
632 2939 834 3035 consulibus]
864 2945 1053 3038 Scipionem
1079 2958 1111 3015 et
1135 2946 1292 3039 Polybius
1317 2954 1350 3014 et

141 3067 288 3138 Rutilius
314 3066 377 3137 boc
406 3089 494 3136 anno
524 3079 692 3138 mortuum
723 3068 881 3139 scribunt.
923 3071 997 3160 Ego
1021 3092 1132 3162 neque
1158 3069 1210 3141 bis
1235 3092 1347 3162 neque

141 3191 280 3263 Valerio
297 3191 459 3260 assentior
484 3201 545 3260 ete.
588 3193 700 3262 Livius
721 3190 859 3274 39,52,
880 3191 911 3262 1.
1012 3195 1046 3263 lt.
1072 3197 1178 3265 Erant
1195 3194 1248 3263 isti
1270 3192 1348 3287 pbi-

140 3315 274 3409 losopbi
299 3315 485 3386 Carneades
510 3337 552 3384 ex
577 3315 774 3398 Academia,
806 3316 975 3407 Diogenes
1001 3316 1145 3398 Stoicus,
1181 3318 1346 3411 Critolaus

140 3441 382 3536 Peripateticus
401 3493 409 3510 .
430 3493 439 3510 .
459 3494 467 3511 .
490 3442 552 3534 ipsi
569 3465 718 3512 seorsum
736 3442 877 3534 quisque
895 3442 1079 3512 ostentandi
1100 3442 1209 3534 gratia
1224 3463 1347 3532 magno

140 3577 307 3637 conventu
346 3566 520 3637 bominum
559 3566 827 3636 dissertaverunt.
877 3565 962 3635 Tum
999 3564 1210 3634 admirationi
1247 3565 1346 3633 luisse

140 3689 233 3760 aiunt
259 3688 401 3758 Rutilius
431 3699 463 3756 et
489 3688 643 3781 Polybius
668 3687 940 3781 pbilosophorum
969 3687 1068 3758 trium
1103 3685 1155 3756 sui
1185 3689 1346 3779 cuiusque

140 3811 278 3910 generis
304 3811 503 3882 facundiam.
550 3813 713 3894 Violeuta,
749 3811 913 3904 inquiunt,
953 3821 986 3880 et
1016 3811 1133 3903 rapida
1159 3811 1346 3881 Carneades

139 3936 284 4018 dicebat,
310 3937 392 4008 scita
417 3949 449 4006 et
474 3937 590 4007 teretia
609 3937 797 4018 Critolaus,¹
812 3937 959 4006 modesta
972 3938 1139 4024 Diogenes
1165 3949 1199 4006 ot
1222 3935 1344 4006 sobria.

140 4060 266 4129 Gellius
299 4057 333 4140 7,
368 4057 425 4142 14,
456 4059 479 4131 9
508 4084 555 4152 sp.
662 4060 696 4129 5.
732 4061 890 4130 Famosus
923 4059 1012 4152 apud
1051 4062 1216 4130 Romanos
1248 4061 1347 4130 etiam

140 4183 254 4254 Sittius
284 4183 344 4253 luit
377 4195 511 4278 propter
542 4185 710 4256 luxuriam
740 4196 774 4253 et
798 4184 983 4266 mollitiem,
1024 4194 1060 4254 ut
1085 4184 1226 4254 Rutilius
1253 4184 1346 4254 dicit.

138 4312 314 4379 Athenaeus
341 4312 528 4403 dipnosoplt.
559 4310 614 4392 12,
647 4309 703 4381 12.
804 4313 838 4381 6.
866 4312 907 4381 Ut
931 4311 1072 4381 Rutilius
1097 4300 1191 4389 tradi,
1246 4330 1347 4377 verax

138 4434 292 4524 alioquin
316 4433 416 4504 bomo
440 4457 480 4504 ae
505 4435 627 4528 probus
653 4436 711 4505 sed
741 4435 794 4504 eui
819 4434 966 4526 privatae
997 4455 1071 4502 cum
1097 4433 1204 4504 Mario
1230 4431 1346 4500 inimi-

138 4558 238 4628 citiae
259 4559 523 4642 intercesserant,
549 4572 678 4630 sextum
694 4560 901 4631 consulatum
919 4557 1022 4629 multa
1040 4581 1099 4651 per
1116 4557 1218 4652 tribus
1234 4577 1347 4647 sparsa

138 4685 281 4775 pecnnia
303 4682 443 4775 adeptus
469 4693 517 4752 est
541 4684 706 4777 simulque
732 4684 765 4753 id
790 4685 941 4764 redemit,
968 4695 1003 4753 ut
1028 4683 1179 4753 submoto
1206 4679 1342 4751 Metello
