3554 5600
453 646 522 716 tri

449 845 512 914 nisi
544 844 663 914 similis
688 867 728 914 ac
752 867 813 939 par
838 845 909 916 tnii
940 867 1010 916 vm.
1045 850 1088 917 At
1111 846 1247 917 hercule
1273 845 1410 938 egregia
1435 847 1520 916 lacto
1546 847 1655 917 maio·

448 991 522 1040 rum
549 980 680 1040 tuorum
706 980 738 1039 te
764 969 937 1039 extollunt.
973 968 1123 1053 Quorum
1150 969 1220 1039 sivo
1245 979 1279 1039 tu
1298 970 1413 1039 similis
1435 992 1481 1049 es.
1508 972 1578 1040 sire
1604 972 1654 1040 illi

447 1095 507 1176 tui,
542 1093 627 1165 nihil
652 1093 694 1164 ad
720 1095 871 1164 omnium
902 1095 1010 1164 scelus
1041 1117 1079 1164 ac
1109 1093 1291 1187 nequitiam
1318 1094 1394 1164 addi
1418 1105 1534 1187 potest.
1585 1098 1655 1166 Ve-

447 1242 534 1301 rum,
561 1229 597 1289 ut
609 1219 738 1312 opinor,
766 1217 907 1288 honores
934 1219 981 1289 tui
1006 1229 1037 1288 te
1055 1218 1181 1290 faciunt
1198 1219 1405 1288 insolentem.
1448 1221 1509 1300 To,
1537 1221 1654 1313 Crispe

448 1343 581 1424 Saloni,
617 1342 775 1412 tantidem
805 1352 900 1434 putas
933 1365 1004 1410 esse
1034 1342 1085 1412 his
1110 1353 1296 1412 senatorem
1323 1341 1430 1412 ethis
1455 1356 1655 1435 quaestorem

447 1468 533 1549 lieri,
559 1467 674 1560 quanti
692 1467 742 1536 his
767 1467 975 1537 consularem
1002 1466 1106 1537 ethis
1129 1466 1387 1560 triumphalem?
1412 1468 1537 1538 Carere
1555 1469 1655 1538 dehet

445 1593 540 1663 omni
564 1591 656 1672 vitio,
681 1591 739 1684 qui
766 1589 800 1659 in
827 1590 968 1659 alterum
991 1599 1123 1682 paratus
1149 1603 1198 1658 est
1215 1590 1337 1660 dicere.
1374 1591 1555 1662 lsdemum
1578 1616 1654 1662 ma-

447 1716 572 1797 ledicit,
606 1714 663 1808 qui
689 1737 756 1783 non
781 1722 888 1806 potest
911 1734 1025 1783 verum
1052 1713 1095 1782 ah
1120 1713 1224 1783 altero
1256 1713 1382 1784 audire.
1426 1713 1490 1784 Sed
1515 1724 1552 1784 tn
1578 1737 1654 1784 om·

446 1839 540 1910 nium
565 1861 755 1908 mensarum
781 1835 919 1916 assecla,
945 1835 1095 1906 omnium
1116 1835 1344 1906 cubiculorum
1363 1837 1397 1906 in
1415 1847 1509 1906 etate
1526 1839 1652 1931 pellex,

446 1974 478 2034 ct
509 1964 597 2034 idem
622 1973 737 2057 postea
767 1960 907 2038 adulter,
945 1958 1053 2029 omnis
1077 1958 1202 2029 ordinis
1231 1959 1400 2051 turpitudo
1426 1982 1461 2029 cs
1487 1969 1519 2028 et
1544 1961 1653 2030 civilis

445 2087 525 2158 belli
544 2086 716 2156 memoria.
761 2083 849 2164 Ouid
872 2082 961 2152 enim
987 2081 1120 2172 gravius
1146 2082 1213 2174 pati
1237 2081 1415 2174 potuimus,
1440 2105 1543 2174 quam
1559 2085 1652 2178 quod

445 2221 477 2280 te
502 2210 703 2280 incolumem
733 2205 766 2276 in
792 2206 855 2276 hoc
886 2203 1003 2274 ordine
1037 2203 1210 2275 ridemus?
1255 2204 1379 2274 Desine
1414 2207 1520 2276 honos
1554 2221 1652 2300 petu-

444 2333 628 2405 lantissima
652 2329 834 2401 consectari
855 2329 987 2420 linguai
1019 2327 1132 2398 desine
1150 2329 1266 2398 morho
1282 2329 1489 2420 procacitatis
1507 2331 1570 2401 isto
1588 2333 1648 2403 uti:

444 2456 559 2527 desine
584 2475 857 2547 unumquemque
877 2451 1026 2521 moribus
1043 2451 1107 2522 tuis
1124 2452 1301 2520 estimare:
1329 2449 1381 2520 his
1398 2451 1547 2523 morihus
1565 2457 1651 2526 ami-

444 2605 520 2652 cum
556 2581 615 2651 tihi
649 2581 758 2651 lacere
792 2602 860 2650 non
891 2589 994 2671 potes,
1033 2577 1156 2648 videris
1185 2578 1273 2648 velle
1305 2577 1477 2648 inimicum
1514 2581 1648 2652 hahere.

444 2708 559 2779 Finem
575 2706 723 2789 dicendi,
751 2706 862 2776 Patres
884 2705 1074 2797 conscripti,
1100 2703 1232 2774 iaciam.
1273 2706 1368 2797 Saepe
1394 2704 1482 2774 enim
1513 2709 1649 2798 gravius

442 2832 510 2902 vidi
536 2831 704 2902 offendere
726 2830 856 2900 animos
877 2827 1064 2899 auditorum
1083 2850 1150 2911 eos,
1176 2828 1234 2920 qui
1252 2828 1363 2898 aliena
1388 2828 1516 2919 llagitia
1535 2840 1648 2923 aperte

443 2956 609 3036 dixerunt,
636 2976 735 3046 quam
761 2953 901 3047 eosqui
926 2952 1173 3024 commiserunt.
1212 2952 1295 3023 Mihi
1317 2953 1452 3046 quidem
1477 2955 1562 3024 ratio
1589 2956 1649 3025 ha-

442 3079 553 3150 henda
578 3089 639 3161 est,
678 3101 745 3148 non
778 3077 859 3170 quid
885 3076 1046 3146 Salustius
1075 3076 1194 3146 merito
1223 3076 1343 3147 dehent
1367 3078 1494 3159 audire,
1529 3080 1589 3149 sed
1613 3093 1648 3150 ut

443 3227 483 3274 ea
507 3203 627 3284 dicam,
654 3205 681 3275 si
707 3227 772 3297 qua
799 3226 863 3296 ego
888 3203 1026 3273 honeste
1052 3202 1146 3273 effari
1172 3225 1316 3295 possum.

439 3797 536 3884 lum
571 3793 866 3882 mmmmm
903 3788 1141 3877 triscolo!
1179 3791 1232 3874 llll
1268 3791 1386 3878 itinn
1422 3793 1553 3879 ldl'llll
1594 3792 1643 3877 to

752 3917 938 4004 immun
960 3917 1095 4002 nitus
1119 3915 1328 4002 utinum

703 4131 775 4200 (En
813 4130 919 4192 Codice
952 4129 1087 4188 Parisino
1121 4127 1205 4187 6085
1240 4129 1374 4198 eddom}

513 4315 597 4387 Cum
622 4317 703 4384 Luc.
721 4313 874 4383 Metellus
890 4313 954 4381 Pro
979 4312 1016 4383 C.
1040 4323 1154 4382 contra
1175 4309 1369 4403 iugurtham
1396 4312 1429 4380 in
1453 4312 1641 4383 Numidiam

438 4441 620 4511 exercitum
647 4439 793 4516 duceret,
829 4436 971 4506 hiarium
998 4459 1039 4505 ex
1065 4435 1228 4526 gregariis
1254 4435 1416 4506 militibus
1440 4457 1564 4527 genere
1589 4437 1640 4527 ig-

437 4566 584 4636 nobilem
616 4563 673 4634 sed
708 4563 825 4633 virtute
859 4572 1069 4651 prestantem
1101 4585 1214 4633 secum
1244 4562 1370 4634 hahuit.
1422 4562 1532 4646 Quem
1566 4585 1639 4631 com

437 4687 597 4758 militihus
622 4697 819 4778 questorem
846 4685 986 4766 lecisset,
1019 4687 1062 4756 ita
1088 4707 1123 4756 se
1155 4687 1247 4756 lactis
1273 4686 1410 4756 lortihns
1435 4687 1636 4777 promiserat,
