3576 5602
450 619 521 690 436

447 823 598 891 Romano
623 831 750 890 cratera
776 818 887 888 lacere
918 817 1043 886 uolenti
1079 818 1250 909 exemplar
1282 839 1301 885 e
1327 839 1432 910 gypso
1457 818 1585 888 lactum
1610 827 1658 888 ta-

448 945 547 1014 lento.
558 919 1036 1033 -Arcesilaummagnificat
1052 941 1172 1021 Varro,
1191 939 1285 1010 cuius
1302 963 1337 1010 se
1355 963 1583 1012 marmoream
1600 941 1658 1012 ha-

447 1068 557 1140 buisse
574 1068 727 1137 leaenam
745 1067 956 1158 aligerosque
974 1064 1115 1134 ludentis
1136 1085 1212 1134 cum
1235 1086 1273 1133 ea
1296 1063 1489 1157 Cupidines,
1516 1087 1658 1157 quornm

446 1193 504 1265 alii
527 1193 702 1284 religatam
727 1198 888 1268 tenerent,
916 1187 974 1257 alii
992 1209 1096 1259 cornu
1122 1199 1281 1277 cogerent
1297 1189 1430 1267 bibere,
1457 1189 1516 1258 alii
1535 1189 1659 1258 calcia-

446 1327 519 1386 rent
544 1316 659 1395 soccis‚
693 1311 801 1385 omnis
836 1334 878 1380 ex
914 1334 982 1381 uno
1007 1309 1128 1404 lapide.
1182 1310 1273 1380 Idem
1300 1323 1332 1380 et
1361 1333 1381 1380 a
1407 1312 1559 1404 Coponio
1584 1314 1657 1382 xlv

446 1441 607 1522 nationes,
642 1461 728 1531 quae
754 1447 830 1506 sunt
855 1436 943 1505 circa
970 1437 1105 1528 Pompei
1131 1437 1296 1514 tlreotrum,
1327 1437 1429 1507 lactas
1455 1450 1573 1508 auctor
1597 1449 1654 1507 est

444 1567 571 1634 Plinius
592 1579 660 1635 not.
678 1566 750 1634 list.
771 1561 829 1644 35,
854 1561 911 1642 12,
941 1559 1011 1632 155
1034 1585 1080 1654 sq.
1101 1559 1161 1642 36,
1185 1561 1219 1642 5,
1238 1560 1299 1634 41.
1399 1564 1458 1633 82.
1484 1565 1533 1634 m.
1551 1567 1655 1636 Varro

444 1689 478 1758 in
495 1687 611 1758 litteris
629 1697 728 1778 atque
751 1685 817 1756 vita
840 1684 905 1754 fide
924 1683 1023 1754 homo
1048 1687 1152 1754 multa
1179 1695 1212 1754 et
1236 1685 1345 1778 gravis
1371 1687 1405 1755 in
1431 1688 1531 1770 libro,
1557 1712 1652 1782 quern

444 1814 609 1907 inscripsit
635 1813 713 1882 Pius
739 1823 797 1882 aut
826 1811 868 1880 de
902 1834 996 1904 pace,
1035 1811 1072 1880 C.
1100 1810 1292 1882 Sallustium
1325 1813 1521 1906 scriptorem
1549 1814 1650 1883 seriae

444 1941 534 2012 illius
560 1949 593 2008 et
617 1961 752 2008 severae
779 1935 948 2016 orationis,
976 1935 1010 2004 in
1036 1935 1130 2005 cuiue
1156 1935 1294 2006 historia
1319 1939 1471 2007 notiones
1489 1939 1651 2008 censorias

444 2066 514 2138 lieri
550 2076 647 2158 atque
683 2063 831 2134 exerceri
862 2061 1027 2141 videmus,
1067 2062 1101 2130 in
1135 2060 1301 2132 adulterio
1334 2062 1582 2156 deprehensum
1610 2063 1650 2133 ab

443 2190 555 2262 Annio
575 2189 700 2259 Milone
726 2186 806 2257 loris
831 2185 917 2256 bene
944 2209 1076 2256 caesum
1104 2186 1194 2267 dicit,
1222 2197 1254 2256 et
1280 2209 1354 2256 cum
1381 2187 1526 2258 dedisset
1552 2211 1651 2280 pecu-

442 2315 545 2396 niam,
559 2313 743 2385 dimissum.
771 2312 892 2381 Gellius
906 2308 963 2392 17,
982 2308 1038 2381 18.
1052 2315 1110 2404 cfr.
1125 2310 1255 2380 Servios
1268 2313 1312 2381 od
1324 2315 1413 2402 Verq.
1428 2313 1506 2382 Aeo.
1520 2311 1554 2393 6,
1570 2310 1648 2382 612.

442 2441 544 2511 Sclol.
568 2442 611 2510 od
632 2439 713 2508 Hor.
736 2437 804 2508 Set.
830 2435 863 2516 1,
890 2436 925 2516 2,
951 2434 1011 2506 41.
1117 2435 1176 2506 83.
1211 2437 1341 2521 Quibus
1367 2437 1451 2507 vinis
1477 2437 1659 2508 auctoritm·

443 2564 542 2636 luerit
568 2565 675 2634 ..11
702 2563 809 2632 Varro
836 2557 894 2646 [de
921 2561 987 2630 vita
1012 2561 1048 2630 Ρ.
1072 2563 1110 2632 11.
1138 2561 1196 2632 lib.
1216 2563 1261 2631 lll
1287 2562 1335 2632 oel
1359 2561 1438 2649 llll]
1466 2559 1519 2632 his
1543 2561 1650 2632 verbis

442 2689 557 2760 tradit:
596 2689 634 2757 L.
654 2685 813 2757 Lucullus
839 2709 921 2778 puer
947 2685 1036 2777 apud
1060 2697 1187 2777 patrem
1210 2709 1392 2780 numquam
1419 2689 1548 2757 lautum
1573 2708 1650 2756 con·

291 2891 297 2905 ,
442 2812 566 2882 virium
584 2809 676 2890 vidit,
704 2808 830 2902 inquo
856 2808 930 2901 plus
956 2810 1060 2879 semel
1078 2809 1241 2878 Graecum
1263 2809 1377 2879 vinum
1399 2810 1547 2880 daretur.
1580 2812 1648 2902 lpse

442 2959 519 3006 cum
544 2935 643 3006 rediit
668 2959 711 3004 ex
736 2936 831 3014 Asia,
871 2933 965 3004 milia
998 2934 1118 3004 cadum
1144 2935 1179 3002 in
1206 2935 1413 3027 congiarium
1440 2935 1556 3006 divisit
1582 2958 1648 3006 am·

441 3063 527 3156 plius
553 3073 697 3133 centum.
745 3062 781 3132 G.
810 3061 953 3140 Sentius,
993 3082 1093 3151 quem
1128 3071 1314 3153 praetorem
1340 3061 1496 3142 vidimus,
1532 3060 1647 3132 Chium

440 3187 556 3258 vinum
581 3186 717 3256 domum
744 3207 837 3254 suam
865 3184 991 3253 illatum
1024 3182 1156 3253 dicebat
1188 3193 1258 3254 tum
1284 3184 1441 3275 primum,
1477 3207 1554 3254 cum
1589 3181 1647 3252 sibi

440 3311 594 3381 cardiaco
619 3311 769 3380 medicus
791 3309 946 3378 dedisset.
990 3309 1188 3379 Hortensius
1214 3331 1314 3400 super
1339 3308 1456 3378 decem
1481 3309 1577 3378 milia
1595 3332 1648 3378 ra·

441 3433 520 3505 dum
546 3433 662 3503 heredi
688 3433 835 3526 reliquit.
884 3435 1053 3502 Hactenus
1078 3434 1196 3504 Varro.
1247 3433 1372 3502 Plinius
1396 3447 1464 3500 not.
1491 3433 1566 3502 liet.
1593 3429 1645 3511 14,

444 3556 504 3640 14,
535 3557 595 3630 96.
645 3558 770 3628 Nonius
805 3582 837 3649 p.
868 3554 958 3640 495,
1002 3554 1061 3628 30.
1095 3554 1180 3638 544,
1222 3555 1278 3628 14.
1388 3557 1447 3626 84.
1480 3556 1575 3628 ldem
1607 3555 1646 3625 de

440 3686 507 3756 vita
537 3687 571 3754 P.
599 3684 638 3754 11.
673 3682 732 3753 lib.
760 3685 841 3753 llll:
887 3683 975 3776 quod
1008 3683 1128 3763 Curio,
1165 3705 1241 3752 cum
1274 3682 1306 3752 id
1338 3682 1482 3762 lecisset,
1521 3682 1647 3753 dicebat

440 3809 557 3880 amicis
590 3818 626 3877 ut
659 3808 708 3878 illi
740 3808 1003 3888 renuntiaretur,
1043 3831 1078 3877 se
1110 3807 1430 3898 obstringillaturum
1457 3829 1501 3878 ne
1533 3809 1646 3878 trium·

274 3967 290 3992 ·
439 3934 524 4028 plius
549 3933 785 4003 decerneretur
818 3943 875 4001 aut
909 3955 952 4000 ne
990 3931 1109 4001 iterum
1148 3931 1242 4001 fieret
1279 3933 1405 4002 consul.
1456 3933 1583 4002 Nonius
1616 3957 1644 4026 p.

442 4056 529 4141 147,
562 4057 619 4129 16.
651 4062 709 4149 cfr.
737 4057 929 4126 lleioslreim
958 4057 1062 4149 suppl.
1091 4057 1161 4126 lio.
1194 4054 1275 4136 109,
1306 4054 1340 4126 1.
1448 4057 1508 4126 85.
1545 4059 1645 4128 Varro

439 4185 481 4255 de
511 4183 575 4253 vite
605 4184 641 4252 P.
672 4183 711 4252 11.
746 4181 805 4250 lib.
840 4182 921 4250 llll:
961 4204 1070 4274 neque
1107 4179 1139 4249 id
1174 4181 1265 4251 caeci
1298 4181 1451 4252 consules
1483 4181 1645 4258 iecissent,

438 4331 525 4400 quae
557 4306 714 4376 mandata
745 4327 865 4374 arcana
900 4305 938 4372 T.
964 4303 1087 4396 Ampio
1119 4303 1303 4385 dedissent,
1338 4302 1449 4374 audivi
1484 4304 1645 4374 dicentem

438 4433 501 4502 Gn.
538 4433 707 4522 lllegnum.
759 4430 883 4499 Nonius
915 4452 950 4521 p.
984 4427 1074 4509 525,
1117 4426 1174 4497 17.
1279 4429 1338 4499 86.
1370 4429 1477 4498 Varro
1508 4429 1550 4498 de
1585 4430 1646 4500 vita

438 4559 474 4626 P.
504 4557 545 4626 lt.
573 4555 658 4626 libro
690 4555 772 4624 llll:
812 4555 934 4624 Caesar
964 4552 1188 4622 reversionem
1222 4551 1316 4632 lecit,
1350 4575 1394 4622 ne
1420 4564 1493 4644 post
1523 4554 1646 4647 occipi-

439 4679 532 4762 tium,
568 4679 600 4747 in
630 4678 790 4769 llispania
823 4677 986 4746 exercitus
1020 4676 1077 4770 qui
1110 4687 1218 4756 erant,
1259 4676 1486 4769 relinquerent
1520 4701 1589 4770 quo
1613 4700 1644 4746 se
