3610 5592
515 699 562 766 st

514 898 646 991 imperii
678 897 816 989 singulis
849 897 1012 968 constitui.
1065 899 1178 991 Itaque
1208 910 1335 990 tempus
1370 895 1413 967 ad
1447 905 1616 990 utramque
1639 919 1707 968 rem

513 1022 715 1104 decernitur,
741 1022 800 1092 sed
825 1023 985 1092 maturius
1009 1021 1050 1093 ad
1077 1022 1250 1115 pecuniam
1276 1021 1546 1093 distribuendam.
1595 1023 1708 1114 Reguli

516 1149 641 1218 interea
666 1147 700 1216 in
727 1148 799 1218 loca
823 1147 1011 1240 propinqua
1027 1146 1188 1217 thesauris
1213 1147 1296 1218 alius
1322 1147 1393 1218 alio
1407 1169 1606 1217 concessere.
1646 1147 1709 1216 Sed

514 1271 687 1366 Hiempsal
716 1272 749 1340 in
780 1270 906 1365 oppido
932 1269 1080 1342 Tirmida
1110 1271 1193 1342 torte
1225 1271 1296 1342 eius
1326 1271 1426 1343 domo
1452 1271 1620 1353 utebatur,
1654 1272 1710 1364 qui

514 1417 694 1489 proxumus
718 1394 815 1465 lictor
839 1395 1006 1486 lugurahae
1032 1417 1128 1465 carus
1157 1404 1376 1489 acceptusque
1393 1396 1425 1464 ei
1442 1418 1572 1488 semper
1595 1397 1711 1477 luerat,

515 1540 615 1612 quem
640 1516 698 1587 ille
723 1539 800 1588 casu
825 1517 1012 1588 ministrum
1045 1518 1192 1589 oblatum
1221 1517 1389 1610 promissis
1422 1531 1538 1590 onerat
1569 1519 1713 1613 inpellit-

514 1663 598 1734 que‚
625 1640 672 1710 uti
698 1650 865 1733 tamquam
891 1663 984 1712 suam
1009 1641 1119 1712 visens
1144 1641 1280 1712 domum
1305 1652 1376 1724 eat,
1411 1652 1580 1735 portarum
1605 1645 1713 1714 clares

514 1764 714 1836 adulterinas
730 1773 834 1858 paret,
861 1757 949 1852 (nam
966 1786 1052 1835 verae
1069 1763 1109 1834 nd
1129 1763 1355 1858 Hiempsalem
1372 1761 1610 1858 reserebantur)
1626 1780 1715 1840 cete·

513 1912 603 1970 rum,
629 1889 687 1961 ubi
711 1911 764 1958 ros
780 1888 979 1982 postularet,
1005 1910 1041 1958 se
1057 1888 1165 1982 ipsum
1183 1911 1257 1960 cum
1275 1911 1397 1982 magna
1414 1913 1516 1961 manu
1529 1904 1714 1964 venturum.

514 2014 658 2086 Numida
682 2015 835 2086 mandata
859 2014 954 2084 brevi
979 2013 1110 2085 conticit
1134 2025 1251 2108 atque,
1285 2016 1332 2086 uti
1358 2017 1471 2088 doctus
1496 2029 1580 2101 erat,
1615 2029 1715 2088 noctu

513 2140 682 2231 Iugurtha
708 2137 827 2209 milites
852 2136 1039 2208 introducit.
1090 2137 1157 2221 Qui
1182 2148 1355 2232 postquam
1381 2140 1415 2209 in
1441 2141 1529 2211 ades
1555 2142 1715 2236 irrupere,

513 2264 635 2336 divorsi
671 2286 783 2357 regem
818 2285 988 2355 quaerere,
1027 2261 1224 2334 dormientes
1257 2264 1357 2346 alios,
1396 2265 1478 2335 alios
1507 2279 1716 2338 occursantes

513 2387 717 2470 interficere,
742 2387 880 2458 scrutari
906 2386 979 2456 loca
1003 2386 1130 2466 abdita,
1164 2387 1277 2457 clausa
1302 2387 1496 2481 effringere,
1522 2390 1658 2484 strepitu
1683 2403 1718 2461 et

513 2515 655 2585 tumultu
680 2512 791 2583 omnia
808 2514 963 2583 miscere:
990 2534 1065 2582 cum
1079 2511 1251 2605 Hiempsal
1264 2512 1397 2582 interim
1414 2515 1577 2606 reperitur
1602 2517 1719 2586 occul·

512 2647 584 2708 tans
609 2660 644 2706 se
668 2636 802 2728 tugurio
814 2634 964 2706 mulieris
976 2633 1126 2717 ancilla,
1153 2658 1220 2728 quo
1242 2635 1335 2706 initio
1358 2637 1496 2729 pavidus
1522 2648 1556 2708 et
1579 2639 1719 2732 ignarus

512 2762 577 2833 Ioci
602 2760 802 2855 perfugerat.
845 2759 996 2831 Numidae
1013 2769 1112 2853 caput
1125 2759 1213 2842 sius,
1239 2771 1275 2830 ut
1300 2760 1379 2831 inssi
1404 2770 1514 2844 erant,
1540 2762 1582 2832 ad
1595 2767 1721 2856 Iugur-

512 2889 601 2959 tbam
625 2889 783 2960 referunt.

585 3033 658 3082 ιιιιι.
709 3011 863 3082 Ceterum
893 3010 980 3082 lama
1013 3010 1093 3080 tanti
1126 3009 1282 3081 facinoris
1314 3031 1375 3103 per
1404 3033 1537 3080 omnem
1569 3013 1723 3084 Ahicam

512 3136 605 3208 brevi
641 3134 848 3226 divulgatur,
886 3133 1110 3204 Adherbalem
1143 3155 1344 3227 omnesque,
1384 3135 1441 3227 qui
1478 3133 1539 3204 sub
1576 3136 1725 3230 imperio

511 3260 657 3353 Micipsae
696 3261 847 3340 Inerant,
886 3267 991 3329 metus
1029 3258 1172 3340 invadit;
1211 3259 1245 3328 in
1278 3258 1360 3329 duas
1398 3270 1507 3353 partes
1544 3259 1726 3332 discedunt

510 3385 678 3467 Nnmidae3
704 3384 816 3478 plmes
833 3382 1059 3454 Adherbalem
1076 3393 1251 3466 secuntur,
1276 3383 1334 3453 sed
1352 3384 1446 3454 illum
1471 3384 1611 3454 alterum
1629 3387 1726 3457 bello

511 3509 677 3578 meliores.
713 3509 820 3600 Igitur
844 3507 1004 3599 Iugurtha
1029 3529 1130 3600 quam
1155 3529 1326 3577 maxumas
1352 3517 1456 3600 potest
1471 3507 1582 3600 copias
1599 3523 1726 3592 armat,

510 3633 610 3706 nrbes
634 3635 754 3728 partim
779 3633 830 3718 vi,
863 3634 945 3704 alias
979 3634 1145 3704 voluntate
1171 3633 1310 3727 imperio
1335 3657 1395 3704 suo
1421 3633 1589 3725 adiungit,
1627 3637 1729 3705 omni

510 3757 674 3828 Numidia
700 3755 862 3849 imperare
887 3766 990 3849 parat.
1040 3755 1229 3839 Adherbal,
1264 3758 1392 3827 tametsi
1416 3758 1556 3828 Romam
1591 3759 1729 3851 legatos

509 3884 659 3963 miserat,
686 3884 743 3976 qui
769 3893 919 3952 senatum
936 3881 1093 3952 docerent
1117 3882 1159 3952 de
1176 3881 1267 3952 eaedo
1293 3882 1401 3954 fratris
1416 3893 1448 3952 et
1472 3883 1612 3952 fortunis
1639 3885 1729 3965 suis,

511 4019 619 4078 tamen
648 4008 750 4078 lretus
781 4007 990 4077 multitudine
1023 4008 1165 4078 militum
1197 4008 1336 4101 parabat
1366 4007 1466 4078 armis
1501 4007 1729 4078 contendere.

510 4129 575 4201 Sed
600 4130 658 4201 ubi
682 4153 735 4200 res
760 4129 802 4200 ad
827 4139 994 4201 certamen
1019 4132 1126 4213 venit,
1160 4131 1265 4203 rictus
1296 4155 1338 4202 ex
1369 4131 1485 4224 praelio
1509 4131 1662 4224 prohrgit
1691 4133 1730 4200 in

509 4255 712 4349 provinciam
744 4278 783 4325 ac
807 4255 926 4326 deinds
951 4257 1091 4326 Romam
1125 4257 1304 4328 contendit
1355 4258 1439 4327 Tum
1466 4253 1628 4348 Iugurtha
1661 4280 1732 4350 pa-

509 4381 601 4452 tratis
637 4379 800 4461 consiliis,
834 4389 1007 4473 postquam
1042 4379 1149 4450 omnis
1175 4379 1340 4451 Numidia
1364 4381 1561 4474 potiebatur,
1589 4379 1626 4450 in
1656 4383 1732 4450 otio

509 4505 635 4576 lacinus
660 4525 757 4574 suum
782 4525 858 4574 cum
884 4501 995 4571 animo
1012 4513 1186 4596 reputans,
1212 4504 1330 4574 timere
1354 4505 1514 4597 populum
1526 4505 1732 4574 Romanum

507 4652 617 4722 neque
643 4630 798 4701 advorsus
824 4629 906 4701 iram
941 4629 1012 4700 eius
1046 4653 1184 4723 usquam
1218 4631 1281 4700 nisi
1312 4631 1346 4701 in
1372 4630 1509 4701 avaritia
1535 4629 1731 4700 nobilitatis

508 4763 541 4821 et
563 4753 705 4845 pecunia
731 4775 791 4824 sua
816 4776 908 4846 spem
934 4753 1067 4824 babere.
1107 4755 1222 4846 Itaque
1247 4755 1361 4848 paucis
1386 4753 1502 4826 diebus
1528 4777 1607 4826 cum
1636 4777 1731 4824 auro
