3582 5594
451 671 521 741 131

448 871 696 962 intelleguntur,
722 891 878 940 maxuma
895 868 1105 940 turbamenta
1120 869 1321 962 reipublicae
1334 877 1433 962 atque
1455 869 1559 938 exitia
1575 892 1652 961 pro-

448 995 540 1066 bate:
576 993 711 1064 adnuite
737 992 867 1084 legibus
891 993 1057 1087 inpositis:
1103 993 1243 1086 accipite
1271 993 1375 1062 otium
1401 1015 1477 1063 cum
1502 994 1651 1063 servitio:

449 1127 482 1190 et
511 1119 628 1190 tradite
660 1118 851 1210 exemplum
879 1117 1019 1209 posteris
1053 1117 1094 1186 ad
1126 1117 1286 1210 populum
1313 1118 1500 1187 Romanum
1535 1118 1654 1187 suimet

449 1242 621 1335 sanguinis
637 1241 791 1312 mercede
809 1241 1152 1312 circumveniundum.
1190 1240 1274 1312 Mihi
1290 1261 1493 1333 quamquam
1509 1263 1571 1333 per
1588 1241 1654 1312 boc

449 1390 617 1440 summum
633 1367 810 1460 imparium
827 1366 906 1437 satis
923 1366 1098 1462 quaesitum
1116 1377 1187 1436 erat
1202 1365 1331 1436 nomini
1350 1366 1525 1447 maiorum,
1543 1364 1655 1456 digni-

449 1492 508 1563 tati
534 1503 633 1587 atque
659 1493 760 1564 etiam
784 1493 950 1586 presidio,
984 1503 1094 1562 tamen
1126 1515 1192 1562 non
1223 1493 1285 1563 luit
1309 1491 1484 1562 consilium
1509 1492 1655 1583 privatas

450 1639 530 1710 opes
556 1619 676 1701 lacere,
708 1617 883 1712 potiorque
908 1617 979 1689 visa
1004 1626 1053 1686 est
1077 1617 1264 1709 periculosa
1288 1616 1422 1686 libertas
1448 1615 1562 1706 quieto
1583 1637 1655 1684 ser·

449 1741 540 1812 vitio.
583 1741 667 1820 Quae
699 1741 727 1811 si
755 1741 912 1834 probatis,
948 1741 1059 1812 adeste
1092 1739 1250 1822 Quirites,
1290 1751 1323 1810 et
1353 1738 1439 1809 bene
1466 1737 1655 1808 iuvantibus

450 1865 546 1949 divis,
582 1868 627 1937 M.
652 1867 835 1939 Aemilium
867 1868 1038 1938 consulem
1068 1866 1188 1938 ducem
1223 1877 1256 1936 et
1280 1877 1449 1935 auctorem
1476 1862 1654 1956 sequimini

450 1989 493 2060 ad
517 1990 746 2084 recipiundam
772 1991 970 2063 libertatem.

925 2309 1168 2318 2—-—-———

757 2555 902 2643 tutuo
932 2554 1100 2642 tantm
1122 2554 1167 2640 111
1190 2553 1355 2640 stultu.

525 2768 680 2840 Maxume
704 2770 846 2851 vellem„
863 2773 976 2840 Patres
1001 2769 1189 2861 conscripti,
1228 2767 1484 2862 rempublicam
1511 2769 1657 2861 quietam

453 2913 535 2973 esse,
566 2893 681 2963 autin
706 2893 864 2986 periculis
889 2914 909 2963 a
934 2892 1189 2985 promptissumo
1214 2916 1348 2986 quoque
1374 2891 1518 2973 delendi,
1562 2891 1659 2960 deni·

453 3039 518 3108 que
543 3039 645 3107 prava
671 3017 801 3110 incepta
827 3015 1069 3088 consultoribus
1094 3037 1191 3086 noxae
1216 3038 1299 3087 esse.
1343 3016 1408 3086 Sed
1434 3024 1549 3085 contra
1570 3013 1659 3084 sedi·

452 3137 597 3210 tionibus
622 3140 732 3211 omnia
756 3140 887 3212 turbata
911 3150 997 3222 sunt,
1030 3152 1063 3210 et
1086 3140 1130 3210 ab
1155 3139 1207 3222 its,
1239 3162 1322 3232 quos
1346 3138 1526 3233 probibere
1551 3138 1660 3228 magis

454 3261 601 3333 decebat.
649 3265 828 3346 Postremo,
853 3285 928 3356 quae
953 3263 1099 3357 pessumi
1124 3272 1157 3333 et
1181 3263 1373 3334 stultissumi
1399 3262 1589 3344 decrevere,
1620 3283 1660 3331 ea

454 3384 548 3456 bonis
574 3395 606 3454 et
630 3383 831 3477 sapientibus
856 3385 1011 3456 faciunda
1036 3396 1122 3457 sunt.
1165 3388 1250 3456 Nam
1276 3386 1402 3457 bellum
1428 3396 1528 3478 atque
1554 3408 1659 3465 arma,

454 3531 656 3604 quamquam
671 3507 766 3579 uobis
782 3509 900 3591 invisa,
925 3519 1048 3589 tamen,
1074 3510 1154 3602 quia
1174 3510 1301 3604 Lepido
1324 3511 1467 3603 placent,
1494 3510 1662 3580 sumunda

454 3642 540 3703 sont.
582 3633 653 3704 Nisi
671 3633 755 3703 forte
780 3633 834 3704 cui
858 3656 976 3727 pacem
1001 3645 1158 3727 praestare
1183 3646 1215 3705 et
1240 3637 1368 3707 bellom
1393 3635 1461 3728 pati
1483 3621 1662 3705 consilium

455 3765 514 3826 est.
564 3755 687 3826 Prodi
715 3755 808 3838 boni,
849 3757 908 3848 qui
932 3756 1020 3827 lranc
1046 3757 1163 3828 urbem
1189 3759 1311 3829 omissa
1336 3781 1416 3829 cura
1441 3757 1551 3829 adbuc
1570 3758 1662 3849 tegi·

453 3879 513 3949 tisl
549 3881 595 3953 bl.
613 3880 787 3962 Aemilius,
814 3881 962 3952 omnium
988 3881 1227 3973 flagitiosorum
1252 3892 1448 3976 postremus,
1481 3882 1540 3974 qui
1564 3883 1664 3976 peior

454 4026 496 4074 an
522 4003 675 4097 ignavior
705 4005 747 4074 sit
771 4003 950 4076 deliberari
979 4025 1047 4073 non
1071 4016 1189 4097 potest,
1221 4005 1404 4075 exercitum
1429 4006 1664 4099 opprimundae

454 4127 612 4198 libertatis
647 4128 757 4210 habet,
792 4140 825 4198 et
854 4151 889 4198 se
918 4151 936 4198 e
967 4140 1154 4222 contempto
1186 4129 1400 4201 metuendum
1429 4129 1559 4200 effecit:
1603 4153 1664 4200 vos

453 4263 638 4322 mussantes
670 4261 703 4322 et
734 4260 948 4322 retractantes
979 4253 1088 4324 verbis
1120 4263 1153 4322 ct
1179 4263 1290 4324 vatum
1316 4253 1516 4324 carminibus
1541 4276 1663 4347 pacem

454 4376 572 4468 optatis
598 4375 703 4468 magis
728 4397 829 4467 quam
855 4375 1046 4448 defenditis:
1081 4401 1192 4470 neque
1218 4378 1408 4470 intellegitis
1433 4379 1575 4449 mollitia
1598 4378 1665 4449 de-

455 4510 621 4571 cretorum
647 4499 739 4570 vobis
760 4500 965 4592 dignitatem,
992 4501 1042 4571 illi
1059 4511 1185 4572 metum
1206 4501 1347 4574 deualri.
1389 4501 1499 4596 Atque
1516 4501 1551 4571 id
1568 4502 1664 4584 iure;

456 4626 612 4719 quoniam
646 4647 690 4695 ex
722 4625 846 4718 rapinis
880 4626 1096 4706 consulatum,
1142 4625 1186 4696 ob
1224 4625 1418 4698 seditionem
1450 4627 1665 4719 provinciam

455 4772 530 4819 cum
564 4751 709 4820 exercitu
743 4750 879 4843 adeptus
910 4761 968 4819 est.
1017 4751 1106 4832 Quid
1141 4752 1197 4821 ille
1229 4751 1271 4820 ob
1301 4748 1472 4822 benefacta
1508 4748 1663 4845 cepisset,
