3576 5602
465 623 537 692 tto

464 823 676 904 dicebantur:
701 822 870 916 proximos
894 821 977 892 duos
997 845 1018 892 a
1039 823 1173 916 populo,
1199 822 1323 894 blainm
1343 845 1363 892 e
1380 821 1558 892 maioribus
1573 833 1653 900 nato,

463 949 595 1020 lunium
628 969 649 1016 a·
679 946 882 1027 iunioribus;
924 953 1049 1017 ceteros
1083 947 1125 1018 ab
1160 947 1279 1016 ordine
1310 970 1377 1040 quo
1411 946 1532 1037 singuli
1548 957 1652 1026 ferent,

464 1073 649 1158 Quintilem
676 1093 780 1163 usque
813 1069 855 1140 ad
886 1069 1106 1140 Decembrem
1142 1070 1280 1163 perinde
1312 1091 1510 1140 enumero.
1560 1070 1654 1138 Varro
1758 1077 1759 1082 ’

464 1176 574 1270 eutem
601 1197 767 1266 Romanos
792 1176 965 1266 statiuis
991 1196 1126 1265 nomine
1153 1217 1303 1265 mensum
1336 1196 1501 1286 accepisse
1524 1193 1655 1265 arbitre-

464 1332 534 1402 tur3
568 1331 720 1392 auctores
745 1341 860 1388 eorum
887 1318 1217 1411 antiquioresquem
1243 1317 1361 1388 urbem
1388 1318 1486 1388 luisse
1510 1318 1584 1387 satis
1606 1340 1655 1386 er-

465 1459 544 1538 gute
571 1444 677 1515 docet.
719 1446 834 1536 ltaque
860 1443 1017 1514 blartium
1042 1464 1191 1512 mensem
1218 1466 1236 1512 a
1262 1444 1367 1514 lllarte
1400 1443 1531 1536 quidem
1555 1441 1655 1512 nomi-

465 1585 580 1644 natum
606 1569 720 1651 credit,
761 1591 827 1638 non
857 1566 937 1658 quia
963 1567 1095 1637 Romuli
1128 1567 1226 1638 luerit
1250 1577 1356 1660 pater,
1390 1567 1448 1636 sed
1473 1567 1559 1659 quod
1582 1587 1654 1656 gens

345 1687 349 1695 ’
464 1697 581 1770 Latine
608 1693 786 1773 bellicosa3
826 1691 978 1783 Aprilem
1003 1701 1114 1760 autem
1140 1713 1206 1760 non
1233 1691 1275 1762 eb
1300 1690 1498 1784 Aphrodite,
1537 1685 1652 1781 [Cincio

461 1811 562 1894 ‘etiam
587 1821 694 1892 Varro
718 1816 880 1888 consentit
904 1815 1075 1885 affirmans
1100 1839 1221 1886 nomen
1249 1817 1387 1887 Veneris
1414 1841 1457 1887 ne
1491 1817 1549 1888 snb
1572 1814 1654 1905 regi·

464 1947 527 2020 bus
552 1945 689 2040 quidem
720 1941 807 2035 epud
834 1942 1000 2010 Romanos
1025 1939 1079 2010 vel
1104 1941 1258 2012 Letinum
1287 1942 1341 2011 vel
1367 1943 1529 2012 Graecum
1553 1940 1651 2017 luisse,

465 2081 499 2142 et
523 2069 599 2139 ideo
623 2090 690 2137 non
715 2065 859 2158 potuisse
886 2085 1033 2132 mensem
1064 2085 1084 2132 e
1110 2063 1240 2134 Venere
1265 2064 1444 2134 nominari.
1486 2064 1652 2134 Macrobius

465 2197 596 2268 suem.
626 2193 658 2274 1,
688 2191 762 2278 12]
805 2189 862 2260 sed
899 2190 941 2260 ab
975 2188 1173 2282 aperiendo,
1211 2190 1300 2282 quod
1334 2202 1413 2260 tunc
1447 2189 1515 2259 lere
1549 2199 1654 2258 cuncta

465 2323 643 2414 gignentur
676 2328 709 2388 et
739 2315 895 2386 nascendi
930 2316 1074 2386 claustra
1106 2317 1234 2408 aperiat
1263 2327 1394 2398 netore;
1435 2317 1557 2388 bleium
1585 2334 1653 2384 vcro

465 2471 531 2520 non
557 2469 575 2514 a
602 2443 795 2524 maioribus,
821 2440 878 2510 sed
897 2463 916 2510 a
933 2440 1022 2512 bleia
1039 2463 1162 2522 nomen
1188 2443 1367 2535 accepisse,
1393 2441 1482 2534 quod
1500 2465 1539 2510 eo
1554 2457 1652 2509 mense

464 2584 532 2642 tam
551 2571 676 2639 Romae
701 2587 800 2658 quem
828 2575 923 2634 entee
951 2564 984 2632 in
1004 2563 1099 2634 Latio
1124 2585 1177 2633 res
1203 2564 1313 2636 divine
1331 2565 1441 2637 blaiae
1467 2564 1504 2634 lit
1529 2575 1560 2632 et
1575 2563 1654 2632 bler-

465 2695 558 2766 curio
593 2689 726 2785 [Neque
760 2687 882 2758 iniuria
909 2688 1015 2757 Varro
1050 2686 1080 2754 ei
1115 2686 1197 2756 deae
1231 2687 1320 2758 bone
1345 2710 1496 2756 mensem
1520 2681 1654 2756 attribuit

465 2831 528 2891 ete.
559 2821 658 2889 bour.
685 2817 792 2906 Lydus
818 2815 856 2882 de
884 2835 978 2880 meru.
1002 2808 1038 2892 4,
1062 2809 1139 2899 52.]
1180 2813 1312 2882 lunium
1338 2835 1472 2906 quoque
1498 2835 1518 2882 a
1544 2813 1653 2880 lunone

465 2943 700 3039 potiusquam
726 2935 922 3016 iunioribus,
952 2934 1042 3028 quod
1068 2935 1127 3004 illo
1153 2957 1266 3004 mense
1291 2936 1436 3006 maxime
1462 2931 1578 3005 lunoni
1599 2928 1653 2998 bo·

465 3089 564 3139 nores
582 3064 757 3134 habentur.
800 3057 996 3143 Quintilem,
1022 3057 1112 3150 qnod
1135 3059 1210 3128 loco
1231 3059 1296 3128 iem
1314 3059 1401 3151 apud
1419 3059 1555 3130 Latinos
1570 3051 1654 3126 luerit

465 3193 599 3286 quinto;
631 3183 750 3279 [Varro
772 3187 807 3255 in
824 3184 1064 3277 premeride:
1090 3197 1202 3277 postea
1227 3185 1363 3254 bononis
1386 3185 1545 3254 virtutum
1569 3199 1654 3251 cauea

465 3316 542 3392 lulii
560 3313 722 3394 Caesaris,
749 3311 805 3404 qui
832 3311 934 3381 laetus
956 3309 1109 3390 correxit,
1134 3309 1257 3379 mensis
1279 3311 1381 3381 lulius
1406 3310 1589 3402 appellatus
1604 3313 1653 3373 est.

465 3445 650 3516 Pn'eeiouus
675 3438 710 3520 6,
741 3435 796 3518 14,
824 3429 896 3524 72]
929 3436 1009 3504 item
1027 3436 1185 3505 Sextilem
1211 3459 1250 3505 ec
1276 3437 1431 3528 deinceps
1457 3435 1500 3505 ed
1525 3437 1654 3506 Decen-

465 3569 560 3640 brem
586 3560 777 3636 enumeris
810 3557 1003 3651 appellatos.
1055 3557 1209 3629 Ceterum
1240 3560 1431 3630 Ianuarium
1463 3571 1496 3628 et
1522 3557 1654 3630 Februa-

464 3697 552 3768 rium
583 3699 696 3786 postea
730 3685 864 3780 quidem
903 3684 1047 3764 edditos,
1086 3683 1144 3753 sed
1177 3685 1367 3755 nominibus
1405 3685 1471 3754 iem
1506 3709 1548 3754 ex
1572 3681 1654 3753 Latio

465 3818 617 3912 sumptis,
656 3827 688 3886 et
713 3812 903 3884 lanuarium
934 3811 975 3880 ab
1002 3813 1099 3892 leno,
1139 3811 1193 3880 cui
1228 3811 1410 3882 adtributus
1442 3823 1506 3892 est,
1549 3829 1654 3881 nomen

466 3944 615 4021 traxisse,
642 3937 862 4012 Februarium
889 3958 907 4003 e
934 3936 1063 4005 lebruo.
1105 3938 1165 4006 Est
1193 3935 1344 4006 lebruum
1370 3935 1534 4028 quidquid
1561 3935 1656 4028 expiet
1758 4027 1759 4038 ἵ

465 4079 662 4164 purgatque,
689 4074 721 4133 et
739 4060 967 4131 lebruemente
985 4069 1212 4150 purgamenta,
1239 4059 1319 4128 item
1345 4059 1499 4129 lebruere
1525 4076 1655 4151 purgare

466 4205 499 4264 et
518 4212 636 4286 purum
659 4187 778 4256 lacere.
820 4184 846 4252 F
849 4181 988 4252 cbruum
1014 4193 1125 4252 eutem
1151 4205 1218 4251 non
1245 4182 1332 4252 idem
1359 4206 1596 4276 usquequaque
1614 4181 1657 4250 di-

466 4318 562 4396 citur,
598 4333 675 4383 nem
701 4307 797 4378 aliter
821 4306 855 4375 in
881 4304 956 4374 aliis
987 4304 1089 4374 sacris
1120 4303 1302 4388 lebruatnr,
1332 4306 1395 4376 boc
1421 4317 1470 4374 est
1498 4315 1655 4397 purgetur.

466 4442 503 4511 ln
529 4438 594 4508 boc
619 4444 729 4504 autem
755 4451 869 4500 mense
895 4427 1146 4520 Lupercalibus,
1181 4451 1256 4498 cum
1282 4430 1386 4498 Rome
1415 4429 1583 4509 lustratur,
1611 4451 1657 4495 se·

465 4565 532 4636 lem
558 4559 703 4632 celidum
728 4556 849 4635 lerunt,
882 4553 969 4646 qnod
996 4553 1149 4622 februum
1175 4553 1355 4644 appellant,
1388 4552 1478 4622 unde
1504 4553 1574 4623 dies
1598 4555 1658 4622 Lo·

465 4687 646 4783 percalium
672 4679 805 4774 proprie
830 4677 996 4747 lebruatus
1021 4689 1054 4746 et
1078 4677 1120 4746 eb
1146 4699 1186 4746 eo
1211 4699 1310 4768 porro
1330 4675 1451 4746 mensis
1468 4675 1657 4747 Februarius
