3554 5600
1291 631 1363 702 259

156 838 232 926 Ego
266 842 498 926 praeterquam
533 831 624 924 qnod
652 830 737 902 nihil
776 830 931 901 haustum
965 853 1007 900 ex
1037 853 1124 902 vano
1154 832 1268 913 velim,

154 960 299 1030 Fabium
325 958 500 1050 aequalem
530 956 734 1050 temporibus
766 956 905 1028 huiusce
938 956 1019 1026 belli
1052 955 1258 1048 potissimum
1284 979 1365 1026 auc-

155 1095 263 1153 torem
280 1082 395 1183 babui.
438 1085 549 1153 Liuius
566 1083 625 1164 22,
647 1080 681 1165 7,
703 1080 808 1153 1-4.
909 1082 969 1153 31.
995 1075 1121 1153 Fabius
1135 1082 1243 1152 Pictor
1260 1082 1365 1152 bistu-

156 1209 248 1279 ricus
265 1210 435 1279 llomauus
457 1219 558 1300 negat
578 1209 640 1278 ulli
664 1209 870 1299 magistratui
888 1210 1115 1280 Romanorum
1140 1208 1243 1277 licere
1269 1207 1366 1300 quic-

157 1358 259 1428 quam
284 1336 327 1405 de
352 1334 495 1429 publicis
521 1334 616 1404 bouis
641 1335 674 1403 in
701 1357 778 1404 suos
802 1357 882 1406 usus
908 1341 1115 1404 convertere.
1159 1333 1278 1403 Soidm
1295 1354 1320 1400 c.
1335 1355 1364 1400 o.

160 1453 295 1542 wolstane
394 1457 453 1528 32.
480 1459 620 1528 Senatus
645 1457 688 1540 Q.
714 1458 869 1540 Fabium,
898 1481 974 1528 eum
1001 1458 1059 1550 qui
1084 1457 1127 1527 de
1152 1456 1242 1526 bisce
1267 1453 1367 1526 rebus

159 1583 342 1653 memoriae
359 1583 515 1676 prodidit,
541 1582 689 1675 Delphos
716 1583 805 1652 misit
830 1582 1058 1665 sciscitatum,
1072 1602 1237 1674 quaenam
1258 1579 1368 1650 lutura

159 1703 235 1774 buis
253 1707 353 1776 tantis
370 1706 520 1777 cladibus
538 1707 633 1776 foret.
659 1708 828 1798 Appiuuus
849 1705 878 1774 b.
900 1705 1042 1776 Hauuib.
1062 1701 1121 1776 27.
1206 1703 1265 1774 33.
1283 1704 1368 1773 Vivo
1407 1679 1411 1690 ⁸

158 1829 287 1900 Catone
302 1831 451 1916 ‚minores
469 1841 547 1900 uatu
565 1830 662 1900 multi
680 1852 748 1900 nuo
765 1841 913 1923 tempore
932 1839 1079 1900 oratores
1102 1829 1285 1899 floruerunt
1303 1881 1311 1898 .
1332 1880 1341 1896 .
1360 1879 1368 1896 .

159 1956 231 2025 Ser.
258 1955 382 2024 Fabius
408 1955 527 2034 Pictor,
562 1966 594 2023 et
619 1954 700 2024 iuris
726 1965 759 2024 et
784 1955 968 2026 litterarum
998 1965 1031 2024 et
1055 1953 1258 2046 antiquitatis
1284 1952 1368 2021 bene

158 2079 295 2170 peritus.
335 2079 440 2148 Cicero
463 2081 499 2148 iu
522 2079 622 2147 Bruto
647 2075 707 2156 21,
733 2076 794 2150 81.
874 2077 879 2082 ’

473 2753 512 2837 11
560 2747 785 2838 tumulos
814 2752 1051 2839 ltmtl'lus

238 2963 270 3034 l.
298 2966 427 3036 Graeco
452 2988 605 3036 sermone
627 2963 829 3059 scripserunt
846 2968 1072 3037 Romanorum
1099 2962 1308 3036 vetustissimi
1325 2965 1366 3048 Q.

157 3087 282 3160 Fabius
309 3100 340 3158 ct
366 3093 404 3160 L.
419 3089 553 3160 Cincius
580 3101 641 3160 ete.
665 3091 843 3180 Dionysius
868 3092 973 3162 Hulir.
997 3091 1028 3172 1,
1056 3089 1090 3162 6.
1118 3112 1216 3181 supro
1235 3113 1268 3182 p.
1283 3088 1366 3161 251.

158 3214 196 3281 2.
231 3215 428 3306 Repertores
460 3214 645 3284 litterarum
676 3214 820 3285 Cadmus
855 3239 897 3284 cx
931 3215 1097 3284 Phoenice
1130 3215 1163 3283 iu
1194 3214 1367 3284 Graeciam

159 3348 194 3406 et
217 3337 377 3408 Euander
403 3337 444 3406 ad
472 3360 530 3407 nos
561 3340 800 3408 transtulerunt
825 3337 1289 3422 ABCDElKLblNOPQRST
1313 3338 1369 3407 lit-

161 3473 247 3532 teras
274 3483 414 3532 numero
439 3462 596 3532 sedecim.
645 3463 762 3533 Postea
788 3464 948 3555 quasdam
983 3487 1002 3532 a
1028 3461 1205 3534 Palamede
1232 3474 1263 3531 et
1287 3462 1369 3532 alias

160 3609 182 3654 a
199 3585 372 3656 Simonide
396 3583 539 3656 adiectas
566 3587 720 3678 implesse
745 3609 923 3657 numerum
952 3589 1060 3659 xxiv
1087 3639 1152 3656 ...
1180 3609 1223 3655 ex
1247 3587 1369 3657 nostris

161 3709 308 3790 Cincius,
327 3709 459 3791 Fabius,
479 3710 607 3780 Gellius
624 3710 843 3781 tradiderunt.
873 3711 927 3780 Ex
945 3711 1066 3802 quibus
1074 3709 1222 3780 Cincius:
1242 3710 1367 3803 paucis,

161 3835 280 3928 inquit,
314 3837 535 3918 commutatis,
568 3849 605 3906 ut
623 3837 671 3914 ¹nd
697 3837 848 3928 linguam
875 3847 1022 3906 nostram
1049 3836 1277 3930 pervenirent;
1312 3855 1368 3902 eas

160 3982 307 4053 namque
325 3957 468 4029 Cadmus
486 3983 527 4029 ex
546 3961 711 4030 Phoenice
729 3963 763 4030 iu
784 3962 972 4042 Graeciam,
998 3961 1087 4031 unde
1113 3961 1154 4030 ad
1176 3982 1235 4029 nos
1251 3961 1368 4028 linan-¹

161 4083 222 4154 der
248 4084 471 4154 transtulerat.
515 4087 640 4155 Munus
665 4087 840 4156 Victorinus
865 4101 926 4156 art.
952 4109 1086 4177 promus.
1109 4084 1140 4164 l,
1167 4081 1202 4164 4,
1229 4082 1288 4155 95.
1307 4080 1366 4153 96.

157 4231 194 4300 p.
213 4205 312 4280 2468
337 4208 373 4276 P.
474 4207 508 4278 3.
535 4209 681 4291 Quidam
706 4211 839 4280 Faunos
865 4219 983 4302 putant
1007 4210 1111 4279 dictos
1137 4207 1179 4277 ub
1208 4229 1250 4276 eo
1279 4205 1368 4300 quod

163 4331 314 4422 lrngibus
340 4335 481 4404 faveant.
523 4334 658 4406 Cincius
685 4347 718 4405 et
742 4336 875 4407 Cassius
909 4336 1004 4406 aiunt
1028 4335 1069 4406 ab
1095 4333 1254 4404 Euandro
1278 4334 1369 4403 Fau*
1488 4415 1496 4430 ·

163 4477 243 4525 num
278 4455 376 4526 deum
411 4458 626 4551 appellatum,
662 4459 804 4552 ideoque
839 4460 939 4530 aedes
972 4483 1081 4529 sacras
1114 4460 1230 4528 faunus
1260 4455 1369 4548 primo

163 4579 357 4672 appellatas,
392 4592 505 4672 postea
531 4581 609 4652 lana
635 4582 732 4665 dicta,
768 4595 800 4652 et
826 4607 869 4652 ex
895 4607 935 4652 eo
967 4583 1024 4675 qui
1057 4584 1167 4652 hrmra
1193 4579 1370 4674 praecine-

163 4714 239 4772 rent
263 4705 421 4774 lauaticos
439 4703 515 4774 dici.
566 4707 755 4778 Seruiusnd
779 4709 865 4797 Verp.
885 4707 999 4797 Georp.
1022 4705 1053 4787 l,
1075 4705 1131 4777 10.
1233 4705 1267 4774 l.
1295 4703 1370 4772 Post

1144 4819 1206 4886 17*
