3702 5600
415 639 487 709 506

413 855 479 913 res;
498 839 577 916 serni
598 837 667 896 Vin.
691 841 717 896 l.
736 837 821 914 ferro
837 835 898 896 lun.
920 839 947 896 2.
968 835 1059 896 Febr.
1078 839 1104 893 l.
1127 853 1163 894 m.
1186 853 1232 913 pr.
1254 835 1380 912 Tegern.
1402 835 1495 910 idque
1516 841 1626 894 contra

414 945 597 1023 optimorum
617 943 766 1003 librorum
787 943 1003 1002 anctoritatem
1024 958 1042 1000 a
1070 941 1225 1002 nonnullis
1247 945 1404 1019 receptum
1425 947 1482 1001 ost
1506 941 1628 1000 deboc

414 1058 486 1126 tont;
509 1051 553 1110 ita
574 1049 770 1110 scribendum
791 1049 861 1124 luit3
889 1049 997 1109 eadem
1024 1049 1123 1108 torma
1146 1052 1196 1108 est
1217 1047 1299 1108 inira
1325 1049 1354 1107 in
1379 1049 1562 1124 fragmentis
1585 1049 1628 1106 li-

415 1160 464 1218 bri
483 1159 586 1218 tertii:
617 1157 745 1216 mititem
765 1157 999 1230 decantantibus,
1021 1158 1053 1214 et
1074 1158 1182 1215 nostro
1202 1155 1274 1215 loco
1299 1153 1381 1215 leid.
1404 1157 1432 1214 d.
1455 1173 1481 1216 e.
1503 1155 1532 1214 b.
1554 1156 1585 1215 ln
1606 1155 1627 1213 1.

415 1283 452 1326 m.
475 1283 502 1324 n.
525 1265 663 1324 etmulti
685 1265 739 1323 alii
760 1264 842 1323 libri.
865 1263 895 1322 in
917 1263 986 1322 Bas.
1016 1279 1179 1340 perperam
1198 1261 1352 1336 decretum,
1383 1261 1441 1321 sed
1469 1262 1631 1322 detrectant

414 1375 482 1435 Par.
504 1371 570 1433 Ein.
591 1374 659 1433 l'ur.
680 1372 736 1434 cir.
758 1371 999 1432 Draolrenborcb
1021 1370 1060 1430 ad
1086 1369 1150 1428 biv.
1172 1389 1279 1430 xxxrv.
1303 1373 1349 1429 15.
1371 1373 1399 1430 e.

496 1497 522 1541 o.
544 1483 591 1540 bt.
620 1483 651 1538 in
671 1480 779 1538 iisdem
796 1512 833 1522 -
847 1478 962 1538 mtboo
984 1511 1009 1520 —
1027 1481 1159 1536 ocelim
1174 1507 1211 1515 -
1231 1476 1302 1537 Bas.
1324 1481 1383 1537 ione
1399 1483 1557 1556 pnpnotnn
1572 1493 1627 1536 co-

414 1588 451 1645 tie
473 1585 563 1644 idem.
585 1585 638 1660 qni
658 1585 822 1643 verborum
843 1584 920 1644 ordo
944 1587 975 1643 ut
995 1601 1013 1642 a
1036 1583 1161 1660 vulgato
1182 1581 1311 1658 recedit,
1336 1583 1380 1642 ita
1406 1583 1445 1642 ad
1467 1584 1529 1642 vim
1551 1599 1628 1641 ora-

415 1692 511 1754 tionis
542 1691 713 1770 augendam
737 1692 862 1751 multum
891 1691 973 1751 lecit.
1004 1693 1088 1749 ctione
1116 1693 1195 1765 repis
1223 1697 1279 1750 tum
1309 1694 1433 1750 mimum
1462 1689 1532 1750 Bas.
1559 1689 1627 1750 Eiu,

415 1803 495 1877 regis
516 1803 600 1859 elium
621 1807 679 1858 tum
700 1815 748 1858 on.
764 1799 833 1858 Par.
854 1802 938 1870 ouum
959 1804 1015 1858 mm
1036 1801 1116 1873 repis
1137 1814 1183 1856 on.
1205 1797 1274 1857 l'nr.
1296 1814 1342 1856 on.
1364 1801 1548 1874 recinebant
1570 1803 1628 1855 tnnc

415 1905 502 1967 Leid.
532 1907 561 1965 in
588 1910 673 1965 tanta
699 1907 882 1983 optimorum
908 1905 1056 1963 librorum
1086 1903 1294 1981 discrepantia
1322 1903 1478 1980 vulgatam
1500 1920 1626 1978 sequor.

416 2020 522 2076 inicum
542 2014 620 2074 Van.
646 2017 674 2073 2.
702 2031 830 2089 eamque
855 2015 1038 2092 scripturam
1065 2013 1216 2089 expressi,
1248 2014 1362 2089 quippe
1389 2029 1429 2071 ex
1457 2026 1517 2086 quo
1539 2008 1628 2068 toute

415 2123 541 2200 vulgata
562 2126 706 2182 monicum
728 2122 859 2194 fluxerit,
889 2139 955 2196 quos
976 2137 1081 2181 omnes
1103 2119 1170 2179 lere
1192 2118 1291 2178 libros
1313 2119 1484 2196 occupavit.
1507 2117 1546 2177 acl
1568 2117 1629 2174 tir-

417 2229 558 2290 mantlam
579 2227 662 2286 illam
684 2227 847 2287 lectionem
867 2227 973 2303 plures
995 2227 1068 2285 libri
1089 2226 1246 2300 accedunt,
1277 2224 1328 2300 qui
1352 2227 1480 2301 irtipnnn
1501 2223 1628 2283 babent

417 2353 465 2396 ex.
486 2355 532 2413 gr.
554 2333 652 2394 Gnell'.
677 2338 702 2392 l.
724 2337 752 2392 2.
774 2335 801 2392 3.
822 2332 907 2393 Leid.
931 2335 960 2392 d.
982 2351 1010 2410 g.
1029 2351 1067 2392 m.
1089 2337 1120 2391 ic
1140 2335 1204 2391 acie
1221 2331 1292 2391 Bas.
1308 2330 1377 2391 Par.
1395 2330 1462 2389 ltin.
1477 2331 1546 2389 Tur.
1565 2329 1628 2388 alii.

416 2447 447 2502 in
468 2459 486 2501 a
508 2441 661 2502 nonnullis
682 2442 903 2519 interpretibus
925 2442 1055 2502 eiectum
1076 2449 1134 2516 ost,
1157 2441 1241 2517 quod
1260 2441 1332 2500 aliis
1353 2440 1432 2499 locis
1453 2455 1513 2498 uon
1535 2438 1628 2499 addi-

417 2553 474 2608 tur.
492 2548 547 2608 oir.
562 2546 643 2606 intra
665 2564 689 2606 c.
706 2549 754 2606 97.
775 2564 834 2606 non
855 2553 920 2606 ocic
938 2564 1032 2625 cepoe
1051 2548 1111 2606 otto
1132 2564 1213 2606 more
1229 2546 1325 2622 prelii
1345 2548 1398 2606 sed
1414 2551 1627 2606 coterootim—

416 2659 447 2714 in
467 2661 585 2715 nostroe
605 2663 789 2716 concurrunt.
812 2658 867 2715 sed
889 2657 933 2714 ibi
953 2657 1166 2734 praepositioni
1188 2674 1248 2715 non
1269 2656 1357 2715 locus
1379 2654 1444 2731 luit,
1473 2655 1629 2714 ablativus

417 2763 496 2823 enim
518 2763 609 2838 modi,
633 2763 684 2837 qni
699 2763 821 2837 dicitur,
843 2762 897 2822 tali
917 2762 1126 2823 additamento
1149 2760 1242 2821 ranila
1261 2767 1354 2822 caret.
1374 2761 1436 2821 Sel
1453 2759 1521 2820 Liv.
1536 2779 1565 2818 v.
1581 2761 1629 2818 lt.

418 2867 521 2944 ,quod
536 2872 635 2927 necin
650 2872 714 2927 octe
734 2869 860 2946 ancipiti
881 2886 1010 2944 usquam
1032 2871 1232 2928 certaverunt
1256 2860 1394 2944 proelio.“
1431 2871 1462 2925 in
1483 2871 1548 2925 cde
1568 2867 1630 2942 igi-

417 2982 468 3035 tur
488 2980 538 3035 est
559 2981 666 3034 nostro
686 2974 770 3034 loco:
793 2977 933 3035 exercitu
955 2975 985 3033 in
1007 2975 1105 3034 aciem
1127 2975 1248 3049 educto,
1271 2981 1303 3034 et
1323 2974 1458 3052 scriptor
1478 2974 1630 3033 orationis

417 3081 573 3140 variandae
595 3098 687 3141 causa
714 3083 964 3159 praepositionem
990 3081 1144 3140 adiecisse
1168 3080 1320 3159 putandus
1343 3088 1400 3141 est.
1424 3085 1455 3139 in
1478 3080 1544 3140 icco
1565 3081 1630 3139 llu-

417 3189 511 3248 neioioe
526 3187 595 3247 Bas.
616 3187 680 3246 ltin.
699 3189 768 3248 l'ur.
787 3193 818 3247 in
836 3189 919 3247 Num.
941 3189 1007 3248 Ioco
1023 3188 1105 3266 vulg.
1119 3187 1265 3263 iratcrficit3
1287 3189 1363 3248 intel
1381 3188 1424 3247 ita
1442 3204 1548 3247 omnes
1563 3186 1631 3246 lere

417 3293 498 3354 libri.
513 3294 636 3367 interfici
645 3293 714 3354 Par.
727 3295 794 3354 cod.
809 3293 950 3354 Putscbii
964 3299 996 3354 et
1010 3293 1137 3354 Servius
1152 3295 1191 3353 ad
1206 3294 1283 3353 Aen.
1299 3314 1327 3353 v.
1343 3295 1402 3354 eto
1416 3298 1449 3353 nt
1465 3311 1545 3353 nunc
1559 3295 1630 3368 qui·

418 3401 612 3462 demetitur.
634 3403 666 3460 et
681 3407 730 3460 est
747 3400 813 3459 baec
828 3401 923 3460 lectio
935 3405 997 3459 mm
1012 3400 1147 3478 elegans,
1164 3404 1196 3460 nt
1210 3400 1301 3460 sanilo
1318 3401 1458 3460 omnibus
1473 3401 1630 3477 probetur.

421 3513 529 3569 contra
539 3507 666 3567 offendit
676 3507 704 3564 in
714 3506 1069 3583 plurimorumlibrornm
1079 3505 1345 3566 lectioneborritla
1354 3505 1408 3564 illa
1418 3506 1547 3566 duorum
1556 3523 1631 3566 ver-

422 3615 530 3674 borum
547 3615 740 3691 compositio.
763 3619 796 3673 et
812 3613 894 3689 quod
910 3613 1094 3690 interposito
1110 3614 1208 3672 verbo
1224 3613 1310 3673 finito
1327 3613 1465 3686 interficit
1477 3613 1538 3673 (luo
1556 3630 1631 3673 ora-

418 3721 513 3781 tionis
534 3721 669 3780 membra
691 3719 779 3780 nimis
801 3720 1025 3796 disiunguntur.
1058 3720 1120 3780 Serl
1141 3722 1269 3797 primurn
1291 3721 1445 3798 asperitas
1468 3720 1523 3780 illa
1544 3737 1631 3779 com·

419 3829 585 3906 positionis
607 3827 852 3904 interpunctione
870 3828 993 3902 lenitur,
1015 3832 1077 3887 tum
1098 3829 1129 3887 in
1151 3831 1234 3887 tanta
1255 3827 1406 3887 facilitate
1424 3827 1558 3903 vulgatae
1572 3843 1632 3886 non

419 3935 496 3995 satis
511 3934 702 4012 intelligitur,
725 3951 784 4009 quo
800 3934 890 3994 modo
908 3935 1007 3993 altera
1021 3933 1115 3994 lectio
1134 3935 1167 3994 in
1181 3934 1306 3994 Salustii
1322 3935 1493 3994 orationem
1508 3934 1632 3993 inducta

419 4041 522 4100 luerit.
554 4044 616 4099 tum
644 4041 751 4100 nescio
781 4058 820 4098 an
846 4057 894 4100 me
923 4041 1040 4099 animus
1069 4039 1167 4116 lallat,
1200 4041 1257 4101 sod
1280 4041 1405 4100 videtur
1429 4039 1484 4098 illa
1512 4039 1633 4098 ltletelli

421 4147 572 4208 industria
603 4152 695 4220 atque
727 4147 775 4206 vis
808 4145 922 4206 bellica
959 4147 1028 4224 ipso
1062 4148 1229 4207 verborum
1260 4147 1370 4207 ordine
1405 4145 1632 4222 quodammodo

419 4253 594 4332 significari.
625 4271 666 4312 ea
687 4258 785 4329 inopio
805 4254 848 4313 ita
870 4269 976 4313 omnes
1001 4254 1069 4314 fere
1091 4254 1180 4314 libri:
1203 4272 1244 4313 en
1264 4258 1348 4330 copto
1362 4252 1461 4314 Guell.
1484 4257 1511 4312 t.
1534 4271 1573 4312 nn.
1588 4270 1633 4330 pr.

420 4367 454 4422 et
474 4360 574 4420 Guell.
600 4363 627 4419 ².
649 4377 689 4419 cn
714 4365 744 4420 in
772 4365 864 4436 copto.
893 4380 951 4437 qna
981 4361 1103 4436 quidem
1124 4362 1259 4422 lectione
1284 4361 1382 4440 ipsius
1410 4361 1633 4438 perversitatis

420 4467 491 4528 lons
512 4470 657 4545 aperitur.
693 4469 766 4528 Cum
788 4471 908 4530 noima
935 4471 1028 4532 rebus
1050 4471 1161 4542 dubiis,
1190 4473 1219 4529 in
1245 4470 1355 4544 quibus
1382 4469 1527 4546 lngurtba
1557 4486 1634 4528 vor·

421 4575 555 4649 sabatur,
578 4576 759 4636 vocabulum
778 4581 863 4653 copto
876 4579 1047 4638 abborrere
1063 4578 1230 4651 videretur,
1254 4577 1372 4638 librarii
1388 4577 1447 4636 boo
1464 4577 1491 4635 in
1508 4580 1634 4650 tropina

420 4685 581 4757 mutarunt,
603 4683 797 4742 immemores
820 4683 867 4743 illi
889 4689 999 4760 copiunt
1022 4703 1092 4745 esse
1115 4702 1220 4745 vocem
1241 4686 1379 4760 mediam,
1407 4702 1475 4759 quae
1495 4701 1554 4745 non
1573 4687 1633 4744 nni-
