3576 5602
1291 639 1362 708 385

156 837 319 908 familiam
345 861 365 907 a
390 837 490 930 stirpe
516 837 557 907 ad
584 835 669 906 banc
695 843 837 904 aetatem
859 834 977 926 ordine
1003 839 1219 920 enumeravit,
1246 849 1362 908 notans

155 962 214 1053 qui
242 984 261 1029 a
288 983 420 1052 quoque
455 969 544 1030 ortus
576 981 658 1052 quos
692 957 835 1028 bonores
867 959 1053 1054 quibusque
1079 963 1280 1054 temporibus
1306 987 1363 1034 ce-

155 1085 275 1178 pisset:
302 1086 372 1177 pari
399 1086 499 1156 modo
524 1085 674 1156 Marcelli
701 1084 833 1156 Claudii
858 1085 899 1155 de
925 1087 1172 1170 Marcellorum,
1199 1089 1363 1181 Scipionis

156 1209 307 1279 Cornelii
333 1221 365 1278 et
391 1209 485 1279 Fabii
511 1208 649 1280 Maximi
684 1208 863 1278 Fabiorum
899 1218 930 1277 et
962 1210 1191 1279 Aemiliorum.
1234 1211 1363 1294 Quibus

156 1333 252 1404 libris
277 1333 361 1406 nibil
395 1345 500 1426 potest
532 1355 602 1402 csse
628 1332 759 1402 dulcius
785 1331 849 1413 his,
884 1332 942 1426 qui
977 1333 1123 1428 aliquam
1149 1336 1363 1429 cupiditatem

154 1456 284 1527 babent
307 1459 441 1528 notitiae
461 1460 628 1530 clarorum
649 1459 808 1528 virorum.
853 1459 1014 1528 Cornelius
1037 1460 1139 1552 Nepos
1160 1463 1199 1530 dc
1215 1463 1270 1532 lat.
1288 1465 1361 1533 bist.

153 1585 191 1652 in
216 1587 320 1654 Attico
349 1585 405 1657 18.
514 1587 569 1656 12.
602 1585 788 1676 lmaginum
822 1607 970 1654 amorem
1003 1585 1162 1676 flagrasse
1193 1586 1362 1678 quondam

155 1719 257 1777 testes
291 1718 367 1779 suot
392 1711 517 1780 Atticus
551 1709 606 1778 ille
642 1707 811 1778 Ciceronis
842 1708 929 1777 edito
961 1707 1002 1777 de
1035 1709 1075 1778 iis
1101 1709 1281 1788 volumine,
1316 1711 1361 1779 111.

154 1832 266 1901 Varro
294 1842 357 1903 cto.
401 1835 526 1902 Plinius
544 1847 610 1902 unt.
633 1834 706 1902 list.
734 1829 793 1912 35,
819 1831 854 1914 2,
884 1829 940 1902 11.
983 1832 1099 1924 Attigit
1123 1856 1256 1926 quoqne
1281 1857 1362 1927 poe-

154 1955 266 2036 ticam.
295 1957 459 2028 credimus
485 1981 527 2026 ne
554 1956 624 2026 eius
651 1979 770 2049 expers
796 1968 880 2026 esset
901 1957 1078 2026 suavitatis.
1100 1931 1269 2050 'Namque
1286 1982 1362 2029 vcr-

153 2079 247 2150 sibus
275 2081 332 2172 qni
359 2078 484 2150 bonore
510 2103 689 2171 rerumque
714 2089 882 2170 gestarum
908 2079 1126 2172 amplitudine
1152 2090 1276 2150 ceteros
1292 2083 1361 2150 Ro-
1403 2165 1406 2172 ι

154 2205 246 2276 mani
272 2207 387 2298 populi
410 2207 640 2297 praestiterunt
662 2205 813 2298 exposuit
839 2206 894 2288 ita,
920 2217 955 2276 ut
972 2207 1033 2276 sub
1052 2207 1257 2298 singulorum
1275 2205 1362 2274 ima-

152 2329 289 2420 ginibus
324 2329 407 2398 lacta
442 2330 717 2423 magistratusque
759 2353 873 2399 eornm
912 2353 979 2401 non
1014 2329 1156 2423 amplius
1193 2327 1362 2423 quaternis

153 2455 336 2548 quinisque
361 2454 510 2524 versibus
536 2453 761 2546 descripserit:
797 2453 886 2546 quod
912 2455 968 2523 vix
994 2453 1195 2524 credendum
1222 2452 1262 2522 sit
1287 2461 1361 2520 tan-

152 2590 201 2647 tas
229 2599 284 2648 res
310 2589 375 2646 tom
402 2577 544 2648 breviter
565 2577 711 2670 potuisse
728 2577 902 2647 declarari.
947 2577 1109 2646 Cornelius
1129 2577 1231 2668 Nepos
1248 2577 1286 2644 dc
1303 2577 1359 2645 lot.

152 2704 227 2772 bist.
254 2702 291 2770 iu
316 2703 418 2771 Attico
440 2698 495 2780 18,
524 2699 612 2792 5sq.
717 2699 774 2768 13.
800 2702 859 2770 Est
885 2699 983 2768 ctiam
1010 2722 1095 2769 unus
1121 2699 1207 2769 liber
1233 2699 1360 2770 Graece

152 2827 324 2896 conlectus
358 2825 399 2895 dc
429 2825 599 2895 consulatu
633 2823 815 2894 Ciceronis.
867 2823 1030 2894 Cornelius
1059 2825 1161 2917 Nepos
1190 2827 1226 2894 io
1260 2825 1362 2892 Attico

156 2949 213 3031 18,
229 2949 264 3021 6.
289 2950 365 3021 Kal.
384 2952 455 3020 lun.
483 2942 525 3038 [a.
545 2943 629 3039 694]
658 2959 719 3018 etc.
741 2971 839 3041 supro
855 2972 887 3040 p.
915 2946 999 3025 379.
1026 2946 1085 3018 25.
1180 2947 1236 3017 ld.
1263 2949 1362 3018 Proc-

152 3091 237 3144 terso
262 3073 444 3166 Pomponio
470 3073 578 3144 Attico
604 3075 652 3142 ccl
676 3073 786 3144 Attico
821 3072 1003 3165 Pomponio
1037 3074 1163 3142 Plinius
1190 3087 1256 3142 unt.
1285 3074 1359 3141 bist.

153 3200 209 3268 lib.
236 3197 259 3266 Ἰ
285 3213 313 3267 ct
339 3194 385 3268 33
413 3221 489 3268 usus
515 3212 557 3268 est
583 3200 752 3268 secuudum
776 3199 927 3276 iudiceris,
963 3198 1020 3287 qui
1043 3197 1121 3266 libri
1145 3211 1217 3266 suut
1242 3198 1280 3266 dc
1303 3195 1361 3264 bo-

152 3321 293 3392 minibus
318 3335 346 3389 st
371 3324 409 3390 de
432 3322 629 3391 metallorum
657 3335 785 3392 notura.

649 3625 867 3633 ——-—-

610 3843 742 3928 mu
790 3843 936 3928 llllll.

230 4060 261 4127 l.
288 4057 346 4137 lili,
379 4055 516 4126 sicunde
549 4065 652 4147 potes,
685 4075 791 4134 erues,
831 4053 888 4146 qui
921 4052 1037 4122 decem
1072 4051 1173 4142 legati
1198 4051 1360 4122 lllummio

153 4183 275 4252 luerint
398 4179 521 4250 Videor
546 4177 678 4247 audisse
704 4201 746 4246 ex
772 4177 952 4246 Hortensio
977 4177 1014 4246 C.
1041 4175 1250 4246 Tuditanum.
1296 4174 1360 4244 Sed

153 4305 187 4374 in
212 4305 349 4376 Libonis
376 4304 490 4374 annali
519 4303 612 4372 Xllll
638 4301 734 4371 annis
759 4313 831 4394 post
856 4310 988 4394 praetor
1013 4309 1061 4368 est
1093 4300 1196 4368 lactus
1221 4296 1361 4366 Tudita-

152 4451 215 4499 nus
246 4451 347 4520 quam
375 4427 489 4497 consul
515 4425 694 4498 lllummius
717 4477 778 4494 ...
805 4427 890 4496 Eum
917 4423 1014 4493 video
1038 4423 1071 4493 iu
1097 4420 1235 4493 Libonis
1260 4443 1360 4514 prac-

154 4563 260 4621 torcm
287 4553 322 4620 P.
350 4550 492 4642 Popillio
520 4551 554 4618 P.
582 4549 731 4642 Rupilio:
766 4548 863 4617 annis
895 4549 989 4617 Xllll
1018 4556 1194 4640 antequam
1229 4555 1360 4637 praetor

153 4676 257 4745 iactus
282 4687 342 4754 est,
369 4675 498 4765 legatus
523 4695 594 4742 esse
613 4672 792 4764 potuisset?
831 4673 937 4742 Cicsm
955 4673 999 4740 od
1017 4673 1078 4740 Λα.
1103 4668 1159 4751 13,
1187 4666 1235 4742 30
1254 4684 1280 4740 ct
1298 4666 1358 4739 32.

1158 4795 1196 4850 25
