3610 5592
1364 658 1385 724 5

261 879 307 926 ιν.
360 856 463 945 Igitur
489 855 545 926 ubi
571 856 700 925 animus
726 880 768 926 ex
793 857 905 927 multis
930 857 1071 926 miseriis
1108 869 1205 950 atque
1231 858 1386 950 periculis

187 980 366 1074 requievit,
392 992 425 1052 et
450 980 532 1051 mibi
549 980 713 1072 reliquam
730 991 858 1052 aetatem
875 1005 895 1052 a
912 1005 948 1051 re
966 982 1099 1074 publica
1127 984 1240 1075 procul
1260 982 1386 1052 baben-

187 1106 264 1175 dam
290 1103 444 1184 decrevi,
478 1124 544 1172 non
573 1103 633 1172 luit
658 1103 832 1174 consilium
860 1104 1011 1175 socordia
1043 1115 1141 1196 atque
1174 1106 1299 1176 desidia
1324 1105 1386 1174 bo-

188 1252 267 1300 nnm
288 1229 394 1300 otium
413 1236 602 1309 conterere,
630 1250 738 1320 neque
757 1251 836 1298 vero
855 1251 972 1320 agrum
990 1231 1129 1300 colendo
1151 1242 1206 1300 aut
1238 1229 1387 1300 venando

186 1351 363 1424 servilibus
395 1349 512 1420 olliciis
537 1350 698 1420 intentum
723 1361 851 1422 aetatem
876 1373 995 1442 agere:
1029 1352 1086 1421 sed
1121 1377 1232 1446 aquo
1259 1355 1387 1446 incepto

186 1477 362 1570 studioque
387 1499 441 1546 me
466 1475 601 1546 ambitio
630 1477 717 1546 mala
743 1477 946 1560 detinuerat,
981 1478 1097 1548 eodem
1122 1502 1290 1572 regressus
1322 1491 1388 1550 sta·

187 1603 234 1672 tui
260 1623 315 1670 res
340 1609 448 1690 gestas
473 1599 587 1692 populi
617 1600 758 1669 Romani
793 1601 951 1693 carptim,
986 1613 1020 1671 ut
1054 1623 1194 1694 quaeque
1228 1604 1387 1673 memoria

187 1726 291 1816 digna
314 1723 529 1807 ridebantur,
562 1724 782 1817 perscribere3
817 1747 856 1795 eo
887 1727 1012 1818 magis,
1050 1729 1138 1821 quod
1164 1728 1245 1799 mibi
1272 1754 1291 1800 a
1317 1753 1386 1823 spe,

186 1863 299 1932 metu,
324 1850 471 1944 partibus
496 1850 544 1920 rei
563 1849 703 1942 publicae
720 1852 850 1922 animus
876 1851 960 1923 liber
978 1866 1058 1924 erat.
1102 1855 1205 1946 lgitur
1230 1855 1271 1924 de
1297 1855 1388 1925 Cati·

187 1979 264 2049 linae
298 1976 526 2047 coniuratione
559 1997 660 2070 qnam
690 1977 869 2048 verissume
903 1990 1017 2070 potero
1050 1980 1164 2073 paucis
1203 1980 1386 2059 absolvam

185 2125 264 2172 nam
292 2102 326 2172 id
352 2101 480 2172 lacinus
513 2101 547 2171 in
581 2101 696 2195 prinda
730 2125 794 2194 ego
828 2104 1043 2175 memorabile
1068 2106 1229 2176 existumo
1254 2105 1388 2176 sceleris

185 2239 286 2322 atque
324 2229 466 2321 periculi
502 2227 657 2298 novitate.
708 2231 759 2300 De
796 2230 889 2300 cuins
923 2229 1066 2301 hominis
1100 2232 1245 2303 moribus
1283 2253 1388 2323 pauca

186 2355 279 2448 prius
305 2352 515 2447 explananda
540 2365 636 2434 sunt,
663 2377 762 2446 qnam
787 2355 918 2425 initium
944 2357 1101 2427 narrandi
1126 2357 1255 2428 faciam.

259 2501 294 2547 v.
345 2478 467 2549 Lucius
484 2476 627 2548 Catilina
651 2477 756 2548 nobili
780 2500 903 2568 genere
929 2490 1042 2560 natus,
1068 2479 1129 2551 luit
1154 2501 1273 2570 magna
1299 2479 1330 2548 vi
1357 2489 1389 2548 et

184 2601 292 2671 animi
326 2612 358 2671 et
391 2601 552 2694 corporis,
600 2601 658 2670 sed
699 2601 835 2694 ingenio
873 2604 961 2673 malo
994 2625 1173 2696 pravoque.
1225 2603 1313 2674 Huic
1345 2604 1387 2674 ab

147 2751 149 2756 ·
185 2727 410 2799 adulescentia
435 2727 525 2798 bella
551 2728 722 2808 intestina,
749 2728 877 2810 caedes,
916 2728 1060 2821 rapinae,
1095 2728 1258 2799 discordia
1283 2726 1388 2798 civilis

185 2861 280 2943 grata
297 2851 410 2933 luere,
437 2851 550 2944 ibique
570 2851 888 2922 iuventutemsuam
911 2851 1070 2922 exercuit.
1111 2852 1238 2944 Corpus
1261 2850 1388 2943 patiens

186 2973 322 3054 inediae,
357 2973 495 3064 algoris,
530 2974 673 3066 vigilie,
705 2997 803 3067 supra
836 2997 937 3067 quam
963 2975 1118 3066 cuiquam
1143 2973 1302 3046 credibile
1328 2985 1387 3044 est.

185 3099 328 3170 Animus
359 3099 481 3180 audax,
527 3098 706 3177 subdolus,
739 3097 866 3180 varius,
908 3098 1094 3168 cuiuslubet
1124 3099 1173 3168 rei
1218 3099 1389 3168 simulator

185 3247 225 3294 ar
250 3222 488 3303 dissimulator,
514 3221 615 3292 alieni
640 3231 817 3314 appetens,
853 3221 903 3291 sui
929 3222 1096 3314 profusus,
1123 3221 1242 3291 ardens
1268 3222 1303 3290 in
1329 3246 1389 3291 cu-

185 3349 395 3444 piditatibua;
422 3348 498 3418 eatis
517 3347 731 3441 eloquentiae,
758 3349 927 3442 sapientiae
950 3370 1078 3442 parum.
1117 3350 1235 3417 Vastus
1259 3348 1389 3416 animus

187 3473 409 3554 inmoderata,
444 3472 673 3554 incredibilia,
708 3472 806 3542 nimis
831 3471 898 3542 alta
923 3493 1052 3564 semper
1077 3471 1239 3562 cupiebat.
1291 3473 1390 3540 Hunc

186 3609 258 3693 post
290 3595 549 3668 dominationem
575 3597 670 3667 Lucii
696 3595 797 3668 Sullae
823 3593 936 3664 lubido
968 3615 1124 3664 maxuma
1150 3594 1312 3664 invaserat
1341 3596 1389 3664 rei

186 3723 331 3815 publice
353 3721 544 3814 capiunda,
570 3744 679 3814 neque
706 3721 739 3791 id
759 3720 879 3813 quibus
909 3717 1014 3788 modis
1039 3728 1284 3811 assequeretur,
1311 3719 1389 3790 dum

185 3849 248 3920 sibi
288 3869 430 3940 regnum
463 3859 615 3940 pararet,
651 3847 827 3942 quicquam
860 3845 953 3939 pensi
987 3843 1139 3914 babebat.
1196 3845 1391 3936 Agitabatur

187 3975 295 4067 mgis
321 3974 492 4066 magisque
519 3974 553 4042 in
578 3974 649 4044 dies
674 3973 804 4044 animus
830 3973 924 4042 ferox
950 3970 1062 4062 inopia
1088 3970 1137 4041 rei
1163 3969 1334 4039 familiaris
1360 3980 1391 4040 et

187 4101 389 4172 conscientia
413 4102 591 4171 scelerum:
626 4123 700 4194 quae
738 4111 878 4191 utraque
902 4098 954 4170 bis
978 4097 1103 4167 artibus
1127 4106 1283 4176 auxerat,
1310 4117 1391 4187 quas

187 4250 288 4322 snpra
312 4227 506 4298 memoravi.
545 4227 729 4298 Incitabant
754 4235 912 4320 preterea
938 4223 1083 4315 corrupti
1109 4221 1246 4293 civitatis
1272 4241 1390 4298 mores,

188 4375 271 4445 quos
297 4373 451 4445 pessuma
480 4373 519 4420 ac
554 4351 684 4422 divorsa
720 4352 805 4422 inter
830 4373 865 4420 se
891 4349 997 4428 mala,
1032 4346 1163 4418 luxuria
1188 4356 1286 4437 atque
1312 4365 1391 4414 ava-

188 4477 283 4558 ritia,
309 4476 483 4548 vexabant.
534 4477 600 4547 Res
629 4475 700 4569 ipsa
717 4474 841 4546 hortari
867 4473 1012 4554 videtur,
1039 4471 1196 4564 quoniam
1222 4469 1264 4539 de
1290 4469 1392 4538 mori-

189 4599 249 4671 bus
275 4598 415 4671 civitatis
440 4611 569 4692 tempus
595 4597 784 4679 admonuit,
819 4620 918 4690 supra
950 4605 1099 4688 repetere
1129 4616 1168 4662 ac
1203 4593 1314 4683 paucis
1339 4593 1392 4661 in-

189 4725 298 4796 stituta
350 4725 512 4797 maiorum
546 4725 634 4795 domi
677 4723 887 4817 militiaque,
931 4721 1096 4814 quomodo
1122 4741 1192 4786 rem
1228 4717 1391 4808 publicam
