3526 5604
478 663 550 730 272

479 858 608 952 proelio
633 857 833 928 Mezentium
858 856 980 927 occidit
997 857 1171 928 Asconius.
1214 857 1286 926 Hoc
1303 857 1417 926 Livius
1443 854 1523 926 dicit
1546 869 1575 926 et
1593 857 1662 926 Cato

479 983 513 1052 in
539 979 746 1072 Originibus,
794 982 921 1051 Servios
946 984 990 1050 od
1014 983 1092 1050 Aeo.
1119 979 1153 1062 0,
1183 978 1265 1052 745.
1296 979 1331 1060 6,
1359 979 1441 1051 760.
1469 978 1504 1061 4,
1531 979 1609 1051 620.
1635 981 1661 1058 l.

478 1104 562 1177 271.
665 1105 722 1174 17.
758 1106 795 1173 ln
821 1104 929 1198 primo
959 1103 1046 1174 libro
1072 1105 1251 1196 Originum
1277 1105 1358 1174 Cato
1378 1157 1415 1172 ..
1440 1157 1449 1173 .
1475 1104 1521 1173 ait
1544 1107 1662 1174 Mezen-

477 1231 561 1300 tium
586 1229 719 1301 Rutulis
744 1229 935 1320 imperasse,
970 1239 1006 1299 ut
1031 1228 1094 1298 sibi
1119 1229 1287 1309 offerrent,
1322 1251 1404 1322 quas
1430 1229 1494 1298 diis
1518 1227 1662 1320 primitias

478 1355 670 1435 offerebant,
697 1363 730 1422 et
749 1353 884 1425 Latinos
909 1374 1024 1420 omnes
1049 1351 1166 1421 similis
1193 1351 1323 1444 imperii
1349 1363 1438 1421 metu
1466 1352 1511 1420 ita
1534 1351 1660 1420 vovisse:

475 1478 634 1571 luppiter,
661 1477 689 1545 ei
714 1476 774 1546 tibi
801 1476 906 1567 magis
928 1476 1018 1546 cordi
1037 1486 1084 1544 est
1109 1497 1168 1544 nos
1194 1498 1234 1544 ea
1258 1474 1318 1544 tibi
1344 1475 1422 1546 dare
1448 1475 1661 1566 potiusquam

477 1601 652 1682 Mezentio,
688 1602 734 1670 nti
771 1623 831 1670 nos
862 1599 1002 1670 victores
1021 1583 1151 1668 ¹iacias.
1206 1600 1388 1668 Macrobius
1418 1599 1549 1668 Solum
1577 1599 1606 1678 3,
1632 1597 1660 1665 5.

481 1726 537 1795 18.
573 1726 762 1796 Secundum
793 1727 952 1796 Catonem
980 1778 987 1793 .
1011 1777 1052 1794 ..

477 1850 637 1940 migrasse
663 1863 776 1942 postea
812 1850 846 1918 in
875 1849 1053 1921 Ascanium
1103 1848 1208 1939 Igitur
1226 1847 1335 1920 Latini
1355 1849 1536 1918 Ascanium
1557 1847 1596 1916 ob
1619 1847 1661 1916 in·

478 1986 510 2045 et
534 1975 734 2045 Mezentium
765 1973 865 2054 bella,
904 1973 961 2043 sed
997 1997 1053 2043 eos
1103 1972 1232 2063 signem
1244 1973 1397 2042 virtutem
1407 1996 1473 2043 non
1483 1973 1587 2043 solnm
1599 1973 1661 2041 lore

477 2098 638 2190 singulari
664 2099 845 2168 certamine
879 2097 1053 2166 dimicasse
1103 2107 1212 2166 ortum
1236 2096 1459 2178 crediderunt,
1489 2096 1545 2166 sed
1566 2096 1660 2172 etiem,

477 2236 509 2293 et
542 2222 652 2293 occiso
685 2223 847 2293 Mezentio
872 2223 1052 2295 Ascanium
1102 2245 1163 2314 per
1211 2221 1465 2292 diminutionem
1516 2224 1661 2294 declinato

477 2345 577 2434 [sicut
605 2349 630 2416 l.
668 2346 788 2417 Caesar
821 2346 934 2416 scribit
961 2347 1054 2416 addit
1103 2345 1660 2439 paululumnomine,primolobun

477 2475 545 2541 cod.
564 2469 674 2557 liuld]
700 2471 809 2540 lulum
824 2482 975 2563 coeptum
993 2495 1053 2540 vo-
1104 2467 1312 2555 [lovulumi]
1338 2470 1415 2540 dein
1432 2484 1547 2564 postea
1566 2471 1660 2542 lulum

477 2597 557 2678 cari,
587 2595 640 2664 vel
663 2594 757 2688 quasi
781 2590 912 2680 ἰοβόλον
947 2594 979 2663 id
1006 2605 1053 2664 est
1102 2593 1331 2685 appellarunt3
1358 2619 1460 2688 aquo
1480 2596 1564 2666 lolia
1579 2595 1661 2664 lomi-

476 2719 653 2812 sagittandi
670 2720 824 2813 peritum,
844 2721 895 2789 vel
912 2741 930 2787 a
945 2719 1052 2811 primo
1102 2717 1146 2786 lia
1161 2717 1319 2800 manavit,
1346 2730 1381 2789 ut
1396 2719 1544 2790 scribunt
1558 2721 1662 2790 Caesar

476 2845 600 2915 barbae
626 2843 796 2934 lanugine,
823 2866 923 2935 quam
944 2844 1053 2912 ἴουλον
1103 2840 1188 2910 libro
1207 2842 1236 2910 ll
1262 2854 1295 2911 et
1311 2843 1393 2912 Cato
1420 2844 1453 2912 in
1471 2844 1660 2935 Originibus.

477 2968 610 3052 Graeci,
628 2967 752 3048 dicunt,
790 2990 875 3060 qnae
910 2968 941 3035 ei
968 2977 1052 3035 tem·
1101 2965 1250 3034 Aurelius
1283 2966 1385 3036 lictor
1412 2969 1451 3036 de
1480 2971 1561 3059 orig.
1583 2991 1611 3058 g.
1631 2967 1661 3034 ll.

476 3116 556 3186 pore
574 3091 731 3162 victoriae
753 3091 959 3162 nascebatur.
977 3089 1053 3158 Ser·
1107 3087 1162 3169 15,
1190 3087 1229 3160 5:

475 3220 546 3287 vion
568 3218 611 3285 od
635 3217 713 3284 Aen.
737 3212 768 3294 1,
791 3211 876 3284 271.
912 3215 953 3284 Ut
970 3214 1051 3284 Cato

475 3343 651 3412 dicit...
694 3340 894 3411 Mezentium
930 3339 1097 3409 interemit
1134 3342 1298 3412 Ascanius
1340 3355 1371 3412 et
1406 3343 1661 3415 Laurolauinium

477 3467 590 3536 tenuit.
631 3464 733 3534 Cuius
748 3463 889 3534 Lavinia
915 3463 1033 3532 timens
1059 3463 1194 3534 insidias
1220 3467 1357 3556 gravida
1382 3469 1533 3560 conlirgit
1556 3469 1594 3543 ad
1613 3467 1663 3536 sil-

475 3569 533 3660 vas
571 3601 603 3658 et
634 3588 729 3658 latuit
758 3588 792 3658 in
833 3611 909 3656 casa
942 3587 1081 3678 pastoris
1107 3587 1226 3680 Tyrrhi
1330 3601 1362 3658 et
1396 3590 1465 3660 illic
1502 3592 1594 3662 enixa
1623 3601 1663 3658 est

476 3714 626 3786 Silvium.
667 3713 730 3782 Sed
757 3736 832 3782 cum
859 3683 1020 3782 Ascanius
1047 3711 1204 3802 flagraret
1229 3713 1363 3794 invidia,
1392 3718 1540 3787 evocavit
1556 3738 1662 3786 nover-

475 3861 548 3908 cam
574 3847 607 3907 ct
632 3836 663 3906 ei
689 3835 850 3905 concessit
868 3834 1154 3912 Laurolauinium,
1181 3835 1242 3904 sibi
1269 3860 1348 3908 vero
1365 3840 1485 3910 Albam
1512 3840 1661 3910 constituit

476 3958 573 4047 [Cato
599 3962 654 4042 ait,
681 3961 816 4050 triginta
842 3958 936 4027 annis
963 3957 1101 4050 expletis
1128 3980 1204 4027 eum
1224 3960 1343 4030 Albam
1370 3963 1567 4033 condidisse.
1597 3963 1661 4031 Ser-

473 4087 546 4154 vios
570 4086 615 4153 od
639 4085 716 4152 Aeo.
748 4082 779 4164 1,
805 4081 907 4168 273.]
955 4080 1021 4165 Qui
1047 4081 1203 4172 qnoniam
1230 4082 1301 4151 sine
1328 4085 1441 4154 liberis
1468 4089 1573 4179 periit,
1605 4087 1660 4155 Sil-

473 4209 540 4288 rio,
567 4207 671 4300 quiet
690 4207 760 4299 ipse
778 4205 940 4276 Ascanius
961 4204 1065 4274 dictus
1080 4216 1137 4286 est,
1163 4227 1260 4275 sunm
1278 4207 1413 4300 reliquit
1431 4209 1618 4302 imperium.
1632 4261 1658 4277 ..

473 4315 589 4403 Postea
606 4332 729 4404 Albani
754 4352 869 4400 omnes
895 4351 991 4420 reges
1015 4328 1109 4398 Silvii
1135 4329 1213 4399 dicti
1238 4334 1382 4403 suntab
1408 4333 1508 4404 buius
1533 4336 1658 4405 nomine.

473 4457 601 4526 Servius
634 4457 678 4525 ad
711 4455 787 4524 Aeo.
815 4451 851 4535 6,
888 4451 970 4523 760.
1075 4454 1131 4522 19.
1165 4453 1215 4524 Dc
1247 4455 1381 4525 Romulo
1416 4473 1442 4528 et
1477 4459 1570 4528 Remo
1603 4479 1659 4526 com

473 4583 556 4652 alios
581 4594 648 4650 tum
674 4579 819 4648 Porcium
848 4578 992 4646 Catonem
1017 4577 1196 4669 Dionysius
1220 4579 1326 4650 Helio.
1344 4581 1375 4662 1,
1396 4577 1453 4652 79.
1482 4597 1593 4652 secretos
1610 4603 1660 4650 esrc

472 4706 520 4773 cit
545 4703 584 4786 0.
611 4703 744 4772 Fabium
769 4702 931 4782 Pictorem,
970 4703 1010 4791 cs.
1037 4725 1134 4793 rupru
1157 4725 1190 4794 p.
1212 4702 1297 4787 253,
1333 4701 1388 4775 13.
1495 4711 1552 4778 20.
1579 4702 1660 4775 Urbis
