3702 5600
1369 660 1440 730 555

238 862 388 922 dominum
403 861 464 921 sibi
479 862 564 938 ipsos
580 860 713 920 dedisse.
748 859 810 920 Sed
832 861 880 920 vio
901 861 1060 920 sententiaa
1083 876 1142 919 non
1157 857 1350 932 imminuitur,
1373 875 1440 918 cum

238 969 378 1028 dicimus:
409 968 544 1026 cobiano!
569 971 641 1042 iptio
666 983 725 1026 non
754 968 977 1026 altiodomtnou
1004 971 1117 1032 creatu.
1147 967 1200 1026 vix
1230 966 1310 1026 euim
1330 965 1440 1040 uiiqdie

237 1076 400 1151 potaverit,
432 1075 498 1134 fleri
523 1074 664 1152 potuisse
691 1076 732 1147 nt,
761 1075 872 1148 quibus
894 1074 992 1135 libera
1017 1074 1079 1134 sint
1104 1073 1258 1150 sutfragia,
1285 1073 1441 1132 dominum

237 1183 434 1254 constituant,
459 1181 511 1255 qui
532 1180 700 1258 sibiipsis,
729 1196 788 1240 non
810 1180 991 1258 alienigenis
1014 1181 1178 1258 imperitet.
1212 1178 1256 1238 Ad
1274 1196 1327 1239 ooo
1343 1178 1440 1254 pleri·

236 1305 305 1364 qoc;
335 1288 407 1348 olim
425 1305 471 1374 ¹ex
498 1287 735 1364 interpolatione
764 1287 901 1347 additum
927 1293 977 1348 est
1002 1288 1042 1346 ud
1065 1305 1116 1347 oca
1141 1286 1284 1347 redibunt
1300 1285 1439 1363 plerique.

237 1409 298 1468 quo
310 1394 515 1454 additamento
530 1393 621 1452 facile
634 1409 782 1453 caremus.
803 1395 846 1452 dn
863 1395 978 1454 dubiam
992 1394 1108 1468 todem,
1127 1410 1195 1452 nnn
1209 1392 1297 1452 codd.
1314 1392 1351 1451 V.
1367 1395 1394 1451 1.
1411 1395 1437 1452 2.

235 1517 272 1559 ne
293 1499 375 1560 Cort.
396 1505 526 1560 mittucre
547 1501 581 1558 V.
600 1504 624 1559 t.
646 1505 791 1578 corrupte
808 1518 877 1578 pro:
898 1507 1023 1560 memore
1042 1533 1073 1542 -
1092 1500 1272 1560 omittendam
1286 1499 1361 1560 tono
1374 1516 1439 1558 ntu-

236 1622 296 1666 rcm
316 1608 352 1666 V.
369 1611 394 1666 1.
410 1609 437 1666 2.
453 1610 479 1666 3.
501 1605 681 1667 omittendam
694 1608 882 1668 Arrusiaoor
903 1623 931 1685 p.
953 1607 1021 1668 21¹2.
1045 1603 1130 1666 Lind.
1152 1605 1288 1666 Orellius
1309 1607 1336 1664 t.
1376 1603 1440 1666 laur

236 1729 302 1772 eum
333 1715 520 1774 Moesiacos
549 1714 628 1774 huno
660 1715 760 1775 locum
792 1715 820 1774 io
848 1715 953 1774 littera
980 1714 1017 1774 A.
1046 1713 1220 1773 laudaverit
1248 1717 1281 1772 et
1309 1715 1439 1786 uterque

236 1821 302 1880 cod.
323 1821 503 1881 omittendum
525 1821 679 1894 exhibeat,
703 1821 763 1880 hoo
786 1821 907 1896 quidem
929 1820 1062 1879 dubitari
1083 1837 1143 1880 nou
1165 1823 1278 1896 potest,
1301 1822 1438 1879 veterem

234 1925 318 1985 illarn
341 1943 413 1986 esse
434 1927 597 1987 lectionem
619 1933 653 1987 et
672 1929 703 1986 in
724 1928 802 2005 ipsis
822 1928 873 1988 hio
894 1929 1050 2004 excerptio
1072 1929 1132 1986 iam
1151 1926 1314 2004 graviores
1337 1926 1438 2002 scrip-

235 2037 312 2092 turae
347 2035 569 2110 discrepantias
598 2034 735 2093 inveniri.
767 2051 824 2111 qne
846 2034 976 2094 triduoue
1003 2033 1096 2108 plebei
1125 2031 1217 2106 mode,
1251 2032 1440 2110 interpunxit

235 2139 370 2200 Oroliiue
392 2142 418 2200 t.
440 2158 505 2218 pon
527 2141 562 2198 V.
587 2145 613 2199 t.
640 2141 934 2218 oeuperscriptnm,
968 2147 1001 2201 ut
1032 2157 1097 2200 eum
1123 2140 1264 2216 sequenti
1285 2139 1438 2201 vocabulo

235 2249 366 2308 iunctum
396 2255 480 2308 esset
507 2252 643 2325 wemno.
674 2247 706 2306 id
735 2248 818 2322 qnod
848 2249 976 2324 primum
1003 2246 1141 2308 Latinius
1164 2249 1311 2308 porrexit.
1341 2251 1438 2324 tynum

234 2359 374 2432 pniuapue
394 2359 576 2415 ecmannus
594 2372 650 2429 per
664 2356 828 2430 matrona
848 2354 884 2412 V.
909 2356 935 2413 1.
956 2361 985 2413 et
1013 2357 1112 2431 ipnuoi
1131 2358 1252 2432 potaque
1272 2357 1439 2414 ammonam

229 2463 468 2538 perfrnatruntnr
481 2461 516 2519 V.
530 2463 556 2520 ².
573 2459 746 2520 Gronovius
761 2460 949 2521 emendavit:
969 2465 1065 2538 ipnooi
1084 2465 1243 2539 pactaeque
1256 2463 1438 2521 nonem

233 2585 301 2644 epea
320 2569 492 2646 snutrane.
513 2567 570 2628 sed
592 2566 726 2628 Orellius
748 2570 776 2626 t.
803 2573 831 2626 et
849 2571 994 2644 ipnucium
1018 2571 1176 2647 pactaeque
1199 2571 1366 2629 manno
1386 2585 1437 2643 ape

231 2675 403 2752 Μιναίαν,
430 2693 498 2751 quae
520 2675 642 2750 quid'em
664 2675 840 2735 coniectura
861 2678 896 2734 ut
920 2675 1065 2734 audacior
1085 2679 1141 2750 oet,
1162 2675 1205 2734 ita
1227 2691 1245 2734 a
1265 2675 1437 2752 probabili-

234 2785 298 2842 tate
319 2782 439 2859 lougius
461 2779 588 2841 recedit.
615 2784 711 2856 ipouru
741 2781 821 2840 enim
844 2781 939 2841 multo
960 2782 1088 2858 propius
1110 2781 1150 2842 ad
1170 2785 1267 2858 tpnooi
1288 2781 1437 2856 quemad

231 2891 375 2964 tynooiorn
395 2888 523 2948 accedit.
544 2893 616 2965 post
635 2890 818 2947 tenuissimos
838 2887 967 2947 alterae
987 2885 1133 2948 facillime
1154 2888 1253 2948 omitti
1275 2888 1382 2965 potuit,
1405 2892 1438 2948 et

228 3011 285 3068 per
306 2993 388 3068 quod
408 2993 560 3069 nequitur,
591 3009 630 3053 ex
651 2997 765 3053 mutata
792 2993 896 3052 littera
917 3009 935 3050 r
956 3009 1022 3052 oum
1043 3010 1060 3052 a
1081 2995 1178 3053 omum
1205 3011 1277 3054 ease
1303 2994 1434 3053 videtur.

234 3099 299 3168 Ona
320 3100 351 3160 in
372 3117 407 3158 re
429 3101 508 3160 enirn
529 3100 639 3174 aliquis
661 3099 833 3174 offenderit,
865 3101 947 3174 quod
968 3103 1088 3178 quiaque
1114 3100 1339 3177 compositive
1360 3116 1436 3160 cou-

233 3207 366 3266 iunotum
386 3207 435 3282 sit,
457 3206 489 3265 id
510 3207 602 3266 etiarn
622 3207 702 3284 apud
718 3206 853 3267 Taciturn
875 3207 1016 3267 oocnmit
1038 3206 1343 3268 <renunculorum
1368 3207 1435 3282 ,in-

233 3312 370 3372 validum
391 3329 541 3389 quomque
566 3315 727 3374 obviorum
754 3307 929 3391 corripere“
964 3319 996 3374 et
1019 3315 1080 3375 hoc
1101 3315 1222 3390 quidem
1243 3315 1314 3377 loco
1337 3314 1435 3374 minus

232 3419 324 3478 etiam
340 3417 531 3479 difficultatis
551 3419 653 3494 trahet,
676 3420 756 3494 quod
776 3420 984 3497 superlativus
1002 3425 1184 3481 cononum
1205 3422 1352 3497 seqnitur.
1373 3439 1437 3500 que

232 3533 325 3586 mnan
345 3531 475 3605 qnumoia
500 3529 596 3604 amplo
621 3532 756 3606 monton
781 3533 890 3588 anniti
912 3532 1035 3604 pretium
1060 3535 1253 3589 celentur-cmv
1272 3529 1309 3587 V.
1326 3531 1352 3586 1.
1380 3527 1436 3588 aed

233 3633 368 3694 Orellius
383 3637 410 3694 t.
432 3650 490 3711 quo
516 3641 609 3694 tomen
623 3652 662 3694 ex
684 3635 859 3695 coniectura
880 3635 1000 3712 Faerni,
1031 3641 1064 3698 ut
1083 3637 1123 3697 ad
1144 3637 1235 3712 decipi
1255 3635 1435 3712 referretur,

233 3740 315 3815 quod
336 3740 411 3799 milri
431 3741 554 3816 quidem
575 3741 723 3802 remotius
745 3757 817 3801 ease
837 3742 969 3802 videtur.
997 3743 1092 3804 multo
1115 3743 1224 3804 melius
1245 3744 1285 3803 ad
1306 3745 1436 3822 quemuis

232 3846 417 3923 intelligitur
438 3850 483 3923 ait,
505 3847 587 3922 quod
608 3863 646 3908 eo
676 3846 797 3907 facilius
818 3847 887 3908 fleri
911 3851 1017 3926 potnit,
1050 3849 1130 3925 qnod
1151 3867 1222 3909 mox
1243 3856 1437 3910 numerator

232 3954 379 4028 seqnitur.
401 3953 553 4013 doemone
573 3953 657 4013 dolor
678 3959 722 4013 ent
741 3953 927 4015 Arrusiaous
948 3957 1005 4016 sub
1026 3955 1178 4015 litteral(
1198 3973 1227 4033 p.
1246 3957 1313 4016 243.
1348 3954 1435 4015 liud

232 4059 333 4118 multae
355 4060 507 4120 editiones
531 4067 624 4120 tomen
652 4061 856 4137 interponunt,
884 4067 991 4123 contra
1021 4063 1127 4123 libros.
1154 4069 1181 4121 et
1199 4069 1362 4122 ocenum
1383 4079 1435 4120 re-

232 4183 296 4226 rnm
316 4167 393 4227 nitro
413 4171 523 4228 iniuria
550 4171 674 4244 pretim
699 4168 810 4228 dedere.
842 4171 883 4228 ita
910 4185 1015 4230 omnes
1036 4170 1118 4244 libri,
1151 4173 1185 4230 ut
1211 4168 1435 4244 videturque

232 4272 407 4334 Gronovius
428 4275 604 4334 coniectura
626 4291 737 4334 sanare
767 4275 828 4335 sibi
849 4277 936 4336 visus
963 4280 1025 4336 est:
1058 4283 1086 4335 et
1104 4283 1201 4336 oecon
1221 4275 1435 4336 mammantibus

227 4397 284 4454 pro
298 4383 408 4440 intono
427 4385 551 4457 pretim
568 4381 680 4440 debere.
702 4398 761 4456 qua
783 4381 905 4457 quidem
926 4401 1035 4443 sensus
1058 4384 1118 4443 loci
1137 4383 1235 4460 magia
1253 4382 1435 4442 obscuratur

231 4503 321 4561 qnam
336 4487 515 4548 illustratur.
552 4487 613 4547 Sed
629 4489 729 4548 omnia
742 4489 821 4548 hene
836 4505 870 4548 se
886 4490 1015 4564 nabent;
1037 4490 1252 4563 tantummodo,
1273 4489 1326 4564 qui
1342 4489 1434 4548 animi

232 4589 339 4652 fervor
359 4595 493 4654 oratoris
514 4600 571 4668 est,
598 4595 687 4672 plura
713 4595 853 4670 cumulat,
881 4613 941 4671 quo
965 4593 1061 4671 magis
1083 4597 1174 4655 etiarn
1195 4596 1433 4672 indignationem

232 4699 391 4775 significet.
430 4701 562 4761 Primum
590 4703 682 4780 igitur
703 4703 811 4778 omnia,
838 4721 905 4778 quoa
927 4704 1049 4779 patricii
1071 4703 1156 4781 plebi
1178 4704 1360 4776 condonent,
1393 4719 1433 4760 ex
