3554 5600
441 637 510 706 ¹68

437 847 1654 936 ntottnottmomsutntsonmnmnosttomu!

833 989 1010 1076 muron
1032 988 1257 1076 murone.

514 1205 565 1274 Ea
590 1203 725 1274 demum
750 1224 874 1295 magna
899 1204 1048 1298 voluptas
1080 1215 1140 1286 est,
1171 1203 1287 1297 Crispe
1317 1203 1449 1285 Salusti,
1482 1204 1655 1296 aequalem

443 1349 483 1398 ac
507 1349 622 1421 parem
647 1327 758 1400 verbis
782 1328 884 1398 vitam
901 1349 1014 1420 agere,
1041 1351 1151 1422 neque
1166 1328 1349 1422 quidquam
1375 1337 1442 1398 tam
1468 1328 1655 1398 obscenum

442 1451 566 1535 dicere,
593 1453 648 1523 cni
673 1473 739 1521 non
767 1451 808 1524 ab
833 1452 929 1522 initio
954 1454 1105 1546 pueritie
1130 1453 1223 1525 omni
1249 1475 1373 1544 genere
1395 1453 1549 1523 facinoris
1568 1465 1655 1523 aetas

443 1589 500 1648 tua
533 1576 748 1670 respondeat,
788 1588 825 1647 nt
854 1577 962 1648 omnis
995 1578 1101 1648 oratio
1132 1575 1280 1647 moribus
1312 1588 1481 1663 consonet
1532 1578 1655 1670 Neque

444 1702 535 1771 enim
567 1700 626 1793 qui
656 1701 700 1771 ita
723 1697 805 1770 vivit
835 1710 871 1771 nt
902 1711 948 1784 tu,
987 1701 1086 1772 aliter
1113 1725 1154 1772 ac
1182 1712 1217 1771 tu
1251 1701 1343 1795 loqui
1374 1710 1497 1794 potest:
1538 1723 1655 1794 neque

445 1826 595 1919 quitum
629 1825 721 1896 illoto
753 1848 908 1896 sermone
940 1827 1053 1907 utitur,
1091 1827 1159 1896 vita
1190 1824 1361 1897 honestior
1392 1838 1452 1894 est.
1494 1825 1571 1909 Quo
1595 1849 1655 1895 me

445 1961 584 2032 vertam,
611 1952 723 2020 Patres
748 1951 944 2044 conscripti?
977 1951 1066 2023 unde
1091 1950 1224 2021 initium
1244 1950 1398 2020 sumam?
1433 1951 1539 2020 maius
1562 1953 1654 2022 enirn

446 2073 532 2145 mihi
556 2073 689 2146 dicendi
713 2097 797 2147 onus
823 2074 1015 2169 imponitur,
1040 2098 1108 2170 quo
1132 2073 1243 2145 notior
1263 2085 1311 2174 est
1333 2085 1472 2167 uterque
1490 2087 1653 2156 nostrum,

447 2198 538 2292 quod
572 2209 646 2281 aut,
683 2199 711 2268 si
753 2197 795 2270 de
832 2221 911 2270 mea
950 2199 1017 2271 vita
1056 2211 1156 2293 atquc
1191 2199 1319 2270 actibus
1364 2181 1444 2270 huie
1485 2200 1655 2270 convicia·

447 2323 512 2392 tori
535 2322 750 2416 respondero,
784 2323 911 2394 invidia
938 2323 1082 2416 gloriam
1113 2333 1354 2419 consequetur:
1392 2333 1460 2405 aut,
1495 2324 1522 2392 si
1555 2323 1656 2394 huius

448 2447 546 2531 facte,
576 2469 697 2532 mores,
735 2470 872 2518 omnem
904 2459 1031 2520 atatem
1063 2448 1242 2530 nudarero,
1277 2447 1312 2517 in
1345 2447 1434 2518 idem
1460 2447 1576 2518 vitium
1602 2448 1656 2518 in-

450 2571 560 2643 cidam
584 2572 805 2668 procacitatis,
832 2573 923 2666 quod
949 2572 1029 2645 hnic
1048 2572 1182 2645 obiieio.
1228 2572 1265 2642 Id
1291 2595 1360 2654 vos,
1386 2572 1414 2642 si
1439 2572 1524 2643 forte
1549 2572 1656 2642 offen-

451 2696 580 2778 dimini,
606 2696 722 2768 iustius
748 2696 827 2768 huic
847 2721 949 2792 quam
967 2697 1052 2768 mihi
1072 2719 1268 2768 succensere
1285 2696 1422 2777 dehetis,
1449 2696 1508 2790 qni
1526 2696 1655 2766 initium

451 2821 644 2892 introduxit.
694 2823 768 2913 Ego
800 2821 886 2893 dabo
914 2845 1063 2915 operam,
1101 2831 1138 2893 ut
1171 2832 1204 2892 et
1235 2844 1296 2914 pro
1330 2844 1384 2890 me
1415 2821 1555 2891 minimo
1582 2843 1655 2890 cum

452 2945 585 3019 fastidio
609 2945 841 3038 respondeam,
866 2957 899 3016 et
923 2947 958 3016 in
984 2945 1074 3018 hunc
1100 2947 1237 3016 minime
1262 2947 1418 3018 mentitus
1442 2967 1516 3015 esse
1532 2945 1656 3016 videar.

454 3070 530 3141 Soio
554 3093 620 3153 me,
645 3072 758 3140 Patres
783 3072 969 3164 conscripti,
995 3071 1030 3140 in
1054 3069 1288 3163 respondendo
1314 3093 1381 3142 non
1410 3069 1537 3141 habere
1561 3093 1658 3162 mag-

455 3217 531 3265 nam
558 3194 857 3288 exspectationem
891 3195 982 3288 qnod
1007 3196 1138 3268 nullum
1162 3219 1222 3268 ros
1247 3196 1358 3266 sciatis
1383 3218 1506 3266 novum
1532 3197 1656 3266 crimen

454 3321 489 3391 in
516 3319 695 3391 Salustium
729 3320 910 3404 audituros,
949 3320 1006 3391 scd
1036 3321 1148 3391 omnia
1172 3331 1285 3391 vetera
1309 3320 1553 3412 recognituros,
1587 3326 1660 3414 quts

455 3456 489 3516 ct
513 3467 596 3516 meae
622 3457 655 3516 et
678 3456 794 3516 vestrm
820 3447 887 3517 iam
914 3458 947 3517 et
971 3447 1073 3540 ipsius
1098 3469 1196 3517 aures
1213 3448 1335 3518 calent.
1368 3448 1495 3518 Verum
1521 3470 1563 3516 eo
1589 3469 1661 3516 ma·

455 3573 507 3666 gis
531 3571 639 3644 odisse
665 3572 790 3644 dehetis
815 3572 998 3654 hominem,
1023 3574 1082 3666 qui
1106 3597 1150 3644 ne
1175 3573 1338 3668 incipiens
1364 3572 1499 3666 quidem
1522 3593 1660 3664 peccare

456 3697 603 3769 minimis
627 3696 727 3768 rebus
751 3697 862 3790 posuit
885 3696 1122 3779 rudimentum,
1156 3696 1215 3768 sed
1246 3697 1292 3768 ita
1325 3693 1495 3788 ingressos
1528 3705 1589 3776 est,
1628 3702 1661 3764 ut

455 3845 567 3915 neque
583 3821 625 3893 ab
642 3822 709 3892 alio
725 3821 814 3894 vinei
829 3821 942 3915 possit,
968 3843 1078 3916 neque
1103 3821 1173 3914 ipse
1198 3843 1234 3890 se
1258 3820 1396 3891 omnino
1418 3818 1549 3912 reliqua
1566 3827 1661 3888 aetate

456 3947 638 4042 praeterire.
669 3949 785 4040 ltaque
810 3946 894 4018 nihil
919 3946 1009 4017 alind
1035 3945 1143 4016 studet
1166 3945 1232 4015 nisi
1256 3955 1294 4015 nt
1315 3944 1496 4015 lutulentus
1512 3964 1570 4013 sus
1587 3965 1661 4012 cum

457 4071 573 4166 quovis
606 4070 759 4142 volutari.
816 4072 933 4161 Longe
970 4091 1051 4140 vero
1084 4069 1210 4140 fallitur
1239 4068 1409 4162 opinione.
1462 4067 1537 4137 Non
1573 4065 1662 4136 enim

456 4194 656 4290 procacitate
680 4194 806 4286 lingon
832 4194 908 4264 ritu
933 4193 1046 4264 sordes
1067 4195 1244 4264 eluuntur:
1277 4192 1336 4263 sed
1349 4202 1412 4262 -est
1436 4189 1589 4284 quodam
1606 4213 1670 4298 ca·⁸

457 4320 596 4403 lumnia,
629 4341 729 4412 quarn
759 4317 988 4412 unnsquisque
1021 4329 1170 4388 nostrum
1202 4327 1341 4388 testante
1375 4315 1488 4386 animo
1516 4337 1578 4386 suo
1602 4314 1665 4384 fert

458 4444 500 4515 de
525 4468 577 4528 eo,
603 4444 661 4537 qui
688 4444 808 4514 salsum
835 4443 962 4514 crimen
987 4443 1083 4514 bonis
1108 4443 1263 4514 obiectat.
1303 4440 1401 4524 Quod
1426 4441 1454 4510 si
1479 4440 1545 4512 vita
1573 4441 1664 4511 istius

458 4571 656 4643 memoriam
668 4570 795 4651 vioerit,
822 4569 915 4642 illam
928 4572 965 4641 P.
984 4570 1022 4640 G.
1038 4591 1103 4640 non
1130 4593 1172 4639 ex
1198 4569 1348 4640 oratione
1373 4567 1432 4638 sed
1457 4591 1500 4636 ex
1517 4564 1662 4637 moribus

460 4698 526 4768 suis
543 4705 693 4788 spectare
719 4695 856 4765 debetis.
892 4697 962 4764 lam
990 4695 1075 4765 dabo
1102 4717 1250 4786 operam,
1278 4715 1379 4786 quam
1405 4691 1585 4762 maximam
1602 4712 1661 4782 po-
