<?xml version="1.0" encoding="UTF-8"?>
<!DOCTYPE html PUBLIC "-//W3C//DTD XHTML 1.0 Transitional//EN"
    "http://www.w3.org/TR/xhtml1/DTD/xhtml1-transitional.dtd">
<html xmlns="http://www.w3.org/1999/xhtml" xml:lang="en" lang="en">
 <head>
  <title>
</title>
<meta http-equiv="Content-Type" content="text/html;charset=utf-8" />
  <meta name='ocr-system' content='tesseract 3.04.00' />
  <meta name='ocr-capabilities' content='ocr_page ocr_carea ocr_par ocr_line ocrx_word'/>
</head>
<body>
  <div class='ocr_page' id='page_1' title='image "./gaisalustiicris00rothgoog_0292.png"; bbox 0 0 3554 5600; ppageno 0'>
   <div class='ocr_carea' id='block_1_1' title="bbox 1261 669 1333 736">
    <p class='ocr_par' dir='ltr' id='par_1_1' title="bbox 1261 669 1333 736">
     <span class='ocr_line' id='line_1_1' title="bbox 1261 669 1333 736; baseline 0 0"><span class='ocrx_word' id='word_1_1' title='bbox 1261 669 1333 736; x_wconf 74' lang='lat'><strong>255</strong></span> 
     </span>
    </p>
   </div>
   <div class='ocr_carea' id='block_1_2' title="bbox 121 865 1338 2946">
    <p class='ocr_par' dir='ltr' id='par_1_2' title="bbox 121 865 1338 2946">
     <span class='ocr_line' id='line_1_2' title="bbox 121 865 1333 961; baseline -0.002 -23"><span class='ocrx_word' id='word_1_2' title='bbox 121 891 193 961; x_wconf 87' lang='lat' dir='ltr'><strong>quo</strong></span> <span class='ocrx_word' id='word_1_3' title='bbox 209 890 310 961; x_wconf 90' lang='lat' dir='ltr'><strong>supra</strong></span> <span class='ocrx_word' id='word_1_4' title='bbox 327 869 453 950; x_wconf 91' lang='lat' dir='ltr'><strong>monui,</strong></span> <span class='ocrx_word' id='word_1_5' title='bbox 481 880 516 938; x_wconf 90' lang='lat' dir='ltr'><strong>ut</strong></span> <span class='ocrx_word' id='word_1_6' title='bbox 532 871 711 938; x_wconf 80' lang='lat' dir='ltr'><strong>Arruntem</strong></span> <span class='ocrx_word' id='word_1_7' title='bbox 730 867 904 960; x_wconf 85' lang='lat' dir='ltr'><strong>Tarquinii</strong></span> <span class='ocrx_word' id='word_1_8' title='bbox 921 866 1028 936; x_wconf 88' lang='lat' dir='ltr'><strong>lilium</strong></span> <span class='ocrx_word' id='word_1_9' title='bbox 1047 866 1147 936; x_wconf 83' lang='lat' dir='ltr'><strong>luisse</strong></span> <span class='ocrx_word' id='word_1_10' title='bbox 1169 865 1333 959; x_wconf 79' lang='lat' dir='ltr'><strong>proderet,</strong></span> 
     </span>
     <span class='ocr_line' id='line_1_3' title="bbox 122 989 1336 1083; baseline -0.002 -21"><span class='ocrx_word' id='word_1_11' title='bbox 122 994 180 1062; x_wconf 91' lang='lat' dir='ltr'><strong>sed</strong></span> <span class='ocrx_word' id='word_1_12' title='bbox 208 993 273 1062; x_wconf 90' lang='lat' dir='ltr'><strong>lroc</strong></span> <span class='ocrx_word' id='word_1_13' title='bbox 298 994 440 1063; x_wconf 89' lang='lat' dir='ltr'><strong>alterum</strong></span> <span class='ocrx_word' id='word_1_14' title='bbox 466 992 602 1074; x_wconf 84' lang='lat' dir='ltr'><strong>addidit,</strong></span> <span class='ocrx_word' id='word_1_15' title='bbox 629 1003 665 1062; x_wconf 90' lang='lat' dir='ltr'><strong>ut</strong></span> <span class='ocrx_word' id='word_1_16' title='bbox 689 992 854 1083; x_wconf 90' lang='lat' dir='ltr'><strong>sepultum</strong></span> <span class='ocrx_word' id='word_1_17' title='bbox 873 991 1018 1061; x_wconf 86' lang='lat' dir='ltr'><strong>traderet</strong></span> <span class='ocrx_word' id='word_1_18' title='bbox 1043 1013 1062 1060; x_wconf 92' lang='lat' dir='ltr'><strong>a</strong></span> <span class='ocrx_word' id='word_1_19' title='bbox 1091 1001 1195 1059; x_wconf 90' lang='lat' dir='ltr'><strong>matre</strong></span> <span class='ocrx_word' id='word_1_20' title='bbox 1222 989 1336 1060; x_wconf 88' lang='lat' dir='ltr'><strong>Tana·</strong></span> 
     </span>
     <span class='ocr_line' id='line_1_4' title="bbox 123 1115 1335 1210; baseline -0.003 -23"><span class='ocrx_word' id='word_1_21' title='bbox 123 1116 230 1210; x_wconf 86' lang='lat' dir='ltr'><strong>quile,</strong></span> <span class='ocrx_word' id='word_1_22' title='bbox 262 1139 348 1210; x_wconf 81' lang='lat' dir='ltr'><strong>quae</strong></span> <span class='ocrx_word' id='word_1_23' title='bbox 374 1118 432 1186; x_wconf 96' lang='lat' dir='ltr'><strong>illo</strong></span> <span class='ocrx_word' id='word_1_24' title='bbox 457 1117 592 1210; x_wconf 86' lang='lat' dir='ltr'><strong>quidem</strong></span> <span class='ocrx_word' id='word_1_25' title='bbox 624 1127 773 1209; x_wconf 91' lang='lat' dir='ltr'><strong>tempore</strong></span> <span class='ocrx_word' id='word_1_26' title='bbox 799 1115 1001 1208; x_wconf 81' lang='lat' dir='ltr'><strong>superfuisse</strong></span> <span class='ocrx_word' id='word_1_27' title='bbox 1033 1116 1127 1185; x_wconf 94' lang='lat' dir='ltr'><strong>nullo</strong></span> <span class='ocrx_word' id='word_1_28' title='bbox 1153 1126 1247 1206; x_wconf 85' lang='lat' dir='ltr'><strong>pacto</strong></span> <span class='ocrx_word' id='word_1_29' title='bbox 1274 1137 1335 1206; x_wconf 93' lang='lat' dir='ltr'><strong>po-</strong></span> 
     </span>
     <span class='ocr_line' id='line_1_5' title="bbox 126 1237 1334 1332; baseline -0.003 -22"><span class='ocrx_word' id='word_1_30' title='bbox 126 1242 199 1310; x_wconf 91' lang='lat' dir='ltr'><strong>tuit.</strong></span> <span class='ocrx_word' id='word_1_31' title='bbox 255 1243 433 1332; x_wconf 73' lang='lat' dir='ltr'><strong>Dionysius</strong></span> <span class='ocrx_word' id='word_1_32' title='bbox 464 1243 571 1312; x_wconf 84' lang='lat' dir='ltr'><strong>Helie.</strong></span> <span class='ocrx_word' id='word_1_33' title='bbox 603 1238 638 1323; x_wconf 89' lang='grc'><strong>4,</strong></span> <span class='ocrx_word' id='word_1_34' title='bbox 674 1239 733 1312; x_wconf 91' lang='grc'><strong>30.</strong></span> <span class='ocrx_word' id='word_1_35' title='bbox 839 1239 893 1310; x_wconf 90' lang='lat' dir='ltr'><strong>l8.</strong></span> <span class='ocrx_word' id='word_1_36' title='bbox 920 1241 1045 1310; x_wconf 86' lang='lat' dir='ltr'><strong>Omnes</strong></span> <span class='ocrx_word' id='word_1_37' title='bbox 1079 1237 1141 1307; x_wconf 88' lang='lat' dir='ltr'><strong>lroc</strong></span> <span class='ocrx_word' id='word_1_38' title='bbox 1174 1238 1334 1321; x_wconf 85' lang='lat' dir='ltr'><strong>historici,</strong></span> 
     </span>
     <span class='ocr_line' id='line_1_6' title="bbox 123 1357 1336 1459; baseline -0.003 -24"><span class='ocrx_word' id='word_1_39' title='bbox 123 1365 235 1444; x_wconf 84' lang='lat' dir='ltr'><strong>Fabii,</strong></span> <span class='ocrx_word' id='word_1_40' title='bbox 262 1366 375 1447; x_wconf 83' lang='lat' dir='ltr'><strong>Gellii,</strong></span> <span class='ocrx_word' id='word_1_41' title='bbox 402 1365 460 1435; x_wconf 91' lang='lat' dir='ltr'><strong>sed</strong></span> <span class='ocrx_word' id='word_1_42' title='bbox 485 1366 639 1459; x_wconf 84' lang='lat' dir='ltr'><strong>proxime</strong></span> <span class='ocrx_word' id='word_1_43' title='bbox 665 1363 797 1434; x_wconf 87' lang='lat' dir='ltr'><strong>Caelius</strong></span> <span class='ocrx_word' id='word_1_44' title='bbox 824 1357 1010 1456; x_wconf 85' lang='lat' dir='ltr'><strong>[produnt:]</strong></span> <span class='ocrx_word' id='word_1_45' title='bbox 1047 1363 1131 1432; x_wconf 87' lang='lat' dir='ltr'><strong>Cum</strong></span> <span class='ocrx_word' id='word_1_46' title='bbox 1158 1362 1247 1433; x_wconf 89' lang='lat' dir='ltr'><strong>bello</strong></span> <span class='ocrx_word' id='word_1_47' title='bbox 1268 1367 1336 1434; x_wconf 88' lang='lat' dir='ltr'><strong>La-</strong></span> 
     </span>
     <span class='ocr_line' id='line_1_7' title="bbox 125 1486 1336 1584; baseline -0.002 -26"><span class='ocrx_word' id='word_1_48' title='bbox 125 1492 197 1559; x_wconf 91' lang='lat' dir='ltr'><strong>tino</strong></span> <span class='ocrx_word' id='word_1_49' title='bbox 222 1490 294 1560; x_wconf 91' lang='lat' dir='ltr'><strong>ludi</strong></span> <span class='ocrx_word' id='word_1_50' title='bbox 317 1491 420 1560; x_wconf 86' lang='lat' dir='ltr'><strong>votivi</strong></span> <span class='ocrx_word' id='word_1_51' title='bbox 445 1489 583 1560; x_wconf 90' lang='lat' dir='ltr'><strong>maximi</strong></span> <span class='ocrx_word' id='word_1_52' title='bbox 608 1490 753 1584; x_wconf 92' lang='lat' dir='ltr'><strong>primum</strong></span> <span class='ocrx_word' id='word_1_53' title='bbox 780 1487 907 1570; x_wconf 87' lang='lat' dir='ltr'><strong>fierent,</strong></span> <span class='ocrx_word' id='word_1_54' title='bbox 944 1487 1057 1556; x_wconf 87' lang='lat' dir='ltr'><strong>civitas</strong></span> <span class='ocrx_word' id='word_1_55' title='bbox 1088 1486 1130 1555; x_wconf 91' lang='lat' dir='ltr'><strong>ad</strong></span> <span class='ocrx_word' id='word_1_56' title='bbox 1163 1509 1255 1557; x_wconf 88' lang='lat' dir='ltr'><strong>arma</strong></span> <span class='ocrx_word' id='word_1_57' title='bbox 1279 1511 1336 1556; x_wconf 93' lang='lat' dir='ltr'><strong>re-</strong></span> 
     </span>
     <span class='ocr_line' id='line_1_8' title="bbox 125 1611 1337 1707; baseline -0.003 -24"><span class='ocrx_word' id='word_1_58' title='bbox 125 1627 227 1707; x_wconf 88' lang='lat' dir='ltr'><strong>pente</strong></span> <span class='ocrx_word' id='word_1_59' title='bbox 252 1624 302 1683; x_wconf 92' lang='lat' dir='ltr'><strong>est</strong></span> <span class='ocrx_word' id='word_1_60' title='bbox 327 1615 481 1684; x_wconf 88' lang='lat' dir='ltr'><strong>excitata.</strong></span> <span class='ocrx_word' id='word_1_61' title='bbox 529 1616 643 1706; x_wconf 79' lang='lat' dir='ltr'><strong>ltaque</strong></span> <span class='ocrx_word' id='word_1_62' title='bbox 678 1613 765 1682; x_wconf 88' lang='lat' dir='ltr'><strong>ludis</strong></span> <span class='ocrx_word' id='word_1_63' title='bbox 797 1611 991 1681; x_wconf 88' lang='lat' dir='ltr'><strong>intermissis</strong></span> <span class='ocrx_word' id='word_1_64' title='bbox 1022 1611 1228 1680; x_wconf 82' lang='lat' dir='ltr'><strong>instaurativi</strong></span> <span class='ocrx_word' id='word_1_65' title='bbox 1254 1633 1337 1679; x_wconf 89' lang='lat' dir='ltr'><strong>con-</strong></span> 
     </span>
     <span class='ocr_line' id='line_1_9' title="bbox 124 1734 1337 1829; baseline -0.002 -23"><span class='ocrx_word' id='word_1_66' title='bbox 124 1739 230 1808; x_wconf 90' lang='lat' dir='ltr'><strong>stituti</strong></span> <span class='ocrx_word' id='word_1_67' title='bbox 256 1749 344 1808; x_wconf 91' lang='lat' dir='ltr'><strong>sunt.</strong></span> <span class='ocrx_word' id='word_1_68' title='bbox 385 1738 452 1820; x_wconf 88' lang='lat' dir='ltr'><strong>Qui</strong></span> <span class='ocrx_word' id='word_1_69' title='bbox 477 1749 655 1829; x_wconf 87' lang='lat' dir='ltr'><strong>antequam</strong></span> <span class='ocrx_word' id='word_1_70' title='bbox 681 1737 801 1807; x_wconf 88' lang='lat' dir='ltr'><strong>fierent</strong></span> <span class='ocrx_word' id='word_1_71' title='bbox 826 1758 968 1828; x_wconf 87' lang='lat' dir='ltr'><strong>eumque</strong></span> <span class='ocrx_word' id='word_1_72' title='bbox 995 1736 1061 1804; x_wconf 87' lang='lat' dir='ltr'><strong>iam</strong></span> <span class='ocrx_word' id='word_1_73' title='bbox 1088 1734 1229 1828; x_wconf 91' lang='lat' dir='ltr'><strong>populus</strong></span> <span class='ocrx_word' id='word_1_74' title='bbox 1255 1757 1337 1803; x_wconf 91' lang='lat' dir='ltr'><strong>con-</strong></span> 
     </span>
     <span class='ocr_line' id='line_1_10' title="bbox 124 1858 1336 1954; baseline -0.003 -24"><span class='ocrx_word' id='word_1_75' title='bbox 124 1863 277 1942; x_wconf 83' lang='lat' dir='ltr'><strong>sedisset,</strong></span> <span class='ocrx_word' id='word_1_76' title='bbox 303 1885 418 1932; x_wconf 84' lang='lat' dir='ltr'><strong>servus</strong></span> <span class='ocrx_word' id='word_1_77' title='bbox 441 1885 501 1954; x_wconf 92' lang='lat' dir='ltr'><strong>per</strong></span> <span class='ocrx_word' id='word_1_78' title='bbox 519 1862 645 1931; x_wconf 89' lang='lat' dir='ltr'><strong>circum</strong></span> <span class='ocrx_word' id='word_1_79' title='bbox 663 1884 738 1931; x_wconf 85' lang='lat' dir='ltr'><strong>enm</strong></span> <span class='ocrx_word' id='word_1_80' title='bbox 752 1860 854 1952; x_wconf 85' lang='lat' dir='ltr'><strong>virgis</strong></span> <span class='ocrx_word' id='word_1_81' title='bbox 872 1861 1066 1932; x_wconf 83' lang='lat' dir='ltr'><strong>caederetur</strong></span> <span class='ocrx_word' id='word_1_82' title='bbox 1082 1861 1207 1930; x_wconf 84' lang='lat' dir='ltr'><strong>iuream</strong></span> <span class='ocrx_word' id='word_1_83' title='bbox 1225 1858 1336 1927; x_wconf 82' lang='lat' dir='ltr'><strong>terens</strong></span> 
     </span>
     <span class='ocr_line' id='line_1_11' title="bbox 125 1983 1337 2056; baseline -0.004 0"><span class='ocrx_word' id='word_1_84' title='bbox 125 1987 245 2056; x_wconf 89' lang='lat' dir='ltr'><strong>ductus</strong></span> <span class='ocrx_word' id='word_1_85' title='bbox 269 1998 329 2055; x_wconf 75' lang='lat' dir='ltr'><strong>est</strong></span> <span class='ocrx_word' id='word_1_86' title='bbox 373 1986 462 2054; x_wconf 87' lang='lat' dir='ltr'><strong>Exin</strong></span> <span class='ocrx_word' id='word_1_87' title='bbox 489 1985 620 2055; x_wconf 85' lang='lat' dir='ltr'><strong>cuidam</strong></span> <span class='ocrx_word' id='word_1_88' title='bbox 649 1985 773 2055; x_wconf 89' lang='lat' dir='ltr'><strong>rustico</strong></span> <span class='ocrx_word' id='word_1_89' title='bbox 797 1987 948 2054; x_wconf 86' lang='lat' dir='ltr'><strong>Romano</strong></span> <span class='ocrx_word' id='word_1_90' title='bbox 974 1985 1149 2054; x_wconf 89' lang='lat' dir='ltr'><strong>dormienti</strong></span> <span class='ocrx_word' id='word_1_91' title='bbox 1174 1983 1263 2053; x_wconf 90' lang='lat' dir='ltr'><strong>visus</strong></span> <span class='ocrx_word' id='word_1_92' title='bbox 1290 1991 1337 2052; x_wconf 88' lang='lat' dir='ltr'><strong>est</strong></span> 
     </span>
     <span class='ocr_line' id='line_1_12' title="bbox 125 2107 1336 2202; baseline -0.003 -22"><span class='ocrx_word' id='word_1_93' title='bbox 125 2111 243 2180; x_wconf 76' lang='lat' dir='ltr'><strong>renim</strong></span> <span class='ocrx_word' id='word_1_94' title='bbox 269 2109 328 2201; x_wconf 89' lang='lat' dir='ltr'><strong>qui</strong></span> <span class='ocrx_word' id='word_1_95' title='bbox 354 2108 489 2190; x_wconf 89' lang='lat' dir='ltr'><strong>diceret,</strong></span> <span class='ocrx_word' id='word_1_96' title='bbox 520 2110 708 2200; x_wconf 84' lang='lat' dir='ltr'><strong>praesulem</strong></span> <span class='ocrx_word' id='word_1_97' title='bbox 733 2109 796 2180; x_wconf 89' lang='lat' dir='ltr'><strong>sihi</strong></span> <span class='ocrx_word' id='word_1_98' title='bbox 823 2132 889 2179; x_wconf 95' lang='lat' dir='ltr'><strong>non</strong></span> <span class='ocrx_word' id='word_1_99' title='bbox 917 2109 1081 2202; x_wconf 78' lang='lat' dir='ltr'><strong>placuisse</strong></span> <span class='ocrx_word' id='word_1_100' title='bbox 1109 2107 1206 2188; x_wconf 89' lang='lat' dir='ltr'><strong>ludis,</strong></span> <span class='ocrx_word' id='word_1_101' title='bbox 1236 2107 1336 2200; x_wconf 86' lang='lat' dir='ltr'><strong>idque</strong></span> 
     </span>
     <span class='ocr_line' id='line_1_13' title="bbox 126 2233 1338 2312; baseline -0.003 -8"><span class='ocrx_word' id='word_1_102' title='bbox 126 2236 171 2304; x_wconf 81' lang='lat' dir='ltr'><strong>ah</strong></span> <span class='ocrx_word' id='word_1_103' title='bbox 197 2235 319 2304; x_wconf 90' lang='lat' dir='ltr'><strong>eodem</strong></span> <span class='ocrx_word' id='word_1_104' title='bbox 346 2234 471 2304; x_wconf 89' lang='lat' dir='ltr'><strong>iussum</strong></span> <span class='ocrx_word' id='word_1_105' title='bbox 499 2257 570 2303; x_wconf 89' lang='lat' dir='ltr'><strong>esse</strong></span> <span class='ocrx_word' id='word_1_106' title='bbox 597 2257 673 2304; x_wconf 93' lang='lat' dir='ltr'><strong>eum</strong></span> <span class='ocrx_word' id='word_1_107' title='bbox 699 2235 828 2303; x_wconf 89' lang='lat' dir='ltr'><strong>senatui</strong></span> <span class='ocrx_word' id='word_1_108' title='bbox 854 2233 1026 2312; x_wconf 87' lang='lat' dir='ltr'><strong>nuntiare;</strong></span> <span class='ocrx_word' id='word_1_109' title='bbox 1063 2233 1157 2302; x_wconf 94' lang='lat' dir='ltr'><strong>illum</strong></span> <span class='ocrx_word' id='word_1_110' title='bbox 1183 2255 1250 2301; x_wconf 95' lang='lat' dir='ltr'><strong>non</strong></span> <span class='ocrx_word' id='word_1_111' title='bbox 1275 2255 1338 2300; x_wconf 87' lang='lat' dir='ltr'><strong>au-</strong></span> 
     </span>
     <span class='ocr_line' id='line_1_14' title="bbox 126 2357 1337 2428; baseline -0.002 -1"><span class='ocrx_word' id='word_1_112' title='bbox 126 2381 214 2428; x_wconf 89' lang='lat' dir='ltr'><strong>sum.</strong></span> <span class='ocrx_word' id='word_1_113' title='bbox 267 2361 391 2428; x_wconf 94' lang='lat' dir='ltr'><strong>lterum</strong></span> <span class='ocrx_word' id='word_1_114' title='bbox 418 2381 489 2428; x_wconf 89' lang='lat' dir='ltr'><strong>esse</strong></span> <span class='ocrx_word' id='word_1_115' title='bbox 524 2358 611 2427; x_wconf 91' lang='lat' dir='ltr'><strong>idem</strong></span> <span class='ocrx_word' id='word_1_116' title='bbox 643 2359 767 2428; x_wconf 91' lang='lat' dir='ltr'><strong>iussum</strong></span> <span class='ocrx_word' id='word_1_117' title='bbox 802 2369 833 2426; x_wconf 90' lang='lat' dir='ltr'><strong>et</strong></span> <span class='ocrx_word' id='word_1_118' title='bbox 867 2359 1030 2428; x_wconf 89' lang='lat' dir='ltr'><strong>monitum</strong></span> <span class='ocrx_word' id='word_1_119' title='bbox 1063 2380 1106 2425; x_wconf 92' lang='lat' dir='ltr'><strong>ne</strong></span> <span class='ocrx_word' id='word_1_120' title='bbox 1141 2357 1207 2425; x_wconf 89' lang='lat' dir='ltr'><strong>vim</strong></span> <span class='ocrx_word' id='word_1_121' title='bbox 1243 2379 1337 2425; x_wconf 87' lang='lat' dir='ltr'><strong>suam</strong></span> 
     </span>
     <span class='ocr_line' id='line_1_15' title="bbox 128 2481 1337 2575; baseline -0.002 -24"><span class='ocrx_word' id='word_1_122' title='bbox 128 2483 276 2575; x_wconf 89' lang='lat' dir='ltr'><strong>experiri</strong></span> <span class='ocrx_word' id='word_1_123' title='bbox 296 2483 415 2562; x_wconf 84' lang='lat' dir='ltr'><strong>vellet;</strong></span> <span class='ocrx_word' id='word_1_124' title='bbox 442 2505 484 2551; x_wconf 89' lang='lat' dir='ltr'><strong>ne</strong></span> <span class='ocrx_word' id='word_1_125' title='bbox 509 2492 578 2552; x_wconf 87' lang='lat' dir='ltr'><strong>tum</strong></span> <span class='ocrx_word' id='word_1_126' title='bbox 605 2482 741 2575; x_wconf 89' lang='lat' dir='ltr'><strong>quidem</strong></span> <span class='ocrx_word' id='word_1_127' title='bbox 764 2505 834 2551; x_wconf 89' lang='lat' dir='ltr'><strong>esse</strong></span> <span class='ocrx_word' id='word_1_128' title='bbox 858 2505 986 2552; x_wconf 90' lang='lat' dir='ltr'><strong>ausum.</strong></span> <span class='ocrx_word' id='word_1_129' title='bbox 1032 2481 1119 2551; x_wconf 82' lang='lat' dir='ltr'><strong>Exin</strong></span> <span class='ocrx_word' id='word_1_130' title='bbox 1143 2481 1248 2551; x_wconf 90' lang='lat' dir='ltr'><strong>lilium</strong></span> <span class='ocrx_word' id='word_1_131' title='bbox 1267 2481 1337 2550; x_wconf 89' lang='lat' dir='ltr'><strong>eius</strong></span> 
     </span>
     <span class='ocr_line' id='line_1_16' title="bbox 129 2604 1336 2690; baseline -0.003 -14"><span class='ocrx_word' id='word_1_132' title='bbox 129 2629 200 2676; x_wconf 79' lang='lat' dir='ltr'><strong>esse</strong></span> <span class='ocrx_word' id='word_1_133' title='bbox 219 2618 398 2689; x_wconf 90' lang='lat' dir='ltr'><strong>mortuum,</strong></span> <span class='ocrx_word' id='word_1_134' title='bbox 425 2605 566 2676; x_wconf 88' lang='lat' dir='ltr'><strong>eandem</strong></span> <span class='ocrx_word' id='word_1_135' title='bbox 588 2605 622 2674; x_wconf 92' lang='lat' dir='ltr'><strong>in</strong></span> <span class='ocrx_word' id='word_1_136' title='bbox 649 2607 773 2675; x_wconf 91' lang='lat' dir='ltr'><strong>somnis</strong></span> <span class='ocrx_word' id='word_1_137' title='bbox 795 2605 1056 2675; x_wconf 87' lang='lat' dir='ltr'><strong>admonitionem</strong></span> <span class='ocrx_word' id='word_1_138' title='bbox 1077 2607 1175 2690; x_wconf 84' lang='lat' dir='ltr'><strong>luisse</strong></span> <span class='ocrx_word' id='word_1_139' title='bbox 1196 2604 1336 2675; x_wconf 88' lang='lat' dir='ltr'><strong>tertiam.</strong></span> 
     </span>
     <span class='ocr_line' id='line_1_17' title="bbox 129 2728 1337 2808; baseline -0.004 -8"><span class='ocrx_word' id='word_1_140' title='bbox 129 2733 215 2801; x_wconf 84' lang='lat' dir='ltr'><strong>Tum</strong></span> <span class='ocrx_word' id='word_1_141' title='bbox 251 2731 347 2800; x_wconf 92' lang='lat' dir='ltr'><strong>illum</strong></span> <span class='ocrx_word' id='word_1_142' title='bbox 378 2731 477 2799; x_wconf 89' lang='lat' dir='ltr'><strong>etiam</strong></span> <span class='ocrx_word' id='word_1_143' title='bbox 512 2728 657 2799; x_wconf 92' lang='lat' dir='ltr'><strong>debilem</strong></span> <span class='ocrx_word' id='word_1_144' title='bbox 694 2731 817 2800; x_wconf 81' lang='lat' dir='ltr'><strong>lactum</strong></span> <span class='ocrx_word' id='word_1_145' title='bbox 851 2753 923 2800; x_wconf 89' lang='lat' dir='ltr'><strong>rem</strong></span> <span class='ocrx_word' id='word_1_146' title='bbox 954 2730 995 2800; x_wconf 96' lang='lat' dir='ltr'><strong>ad</strong></span> <span class='ocrx_word' id='word_1_147' title='bbox 1022 2732 1144 2800; x_wconf 90' lang='lat' dir='ltr'><strong>amicos</strong></span> <span class='ocrx_word' id='word_1_148' title='bbox 1171 2728 1337 2808; x_wconf 91' lang='lat' dir='ltr'><strong>detulisse,</strong></span> 
     </span>
     <span class='ocr_line' id='line_1_18' title="bbox 131 2853 1338 2946; baseline -0.002 -24"><span class='ocrx_word' id='word_1_149' title='bbox 131 2875 276 2946; x_wconf 85' lang='lat' dir='ltr'><strong>quorum</strong></span> <span class='ocrx_word' id='word_1_150' title='bbox 303 2854 344 2923; x_wconf 89' lang='lat' dir='ltr'><strong>de</strong></span> <span class='ocrx_word' id='word_1_151' title='bbox 370 2853 532 2923; x_wconf 88' lang='lat' dir='ltr'><strong>sententia</strong></span> <span class='ocrx_word' id='word_1_152' title='bbox 559 2853 711 2923; x_wconf 90' lang='lat' dir='ltr'><strong>lecticula</strong></span> <span class='ocrx_word' id='word_1_153' title='bbox 737 2853 771 2922; x_wconf 91' lang='lat' dir='ltr'><strong>in</strong></span> <span class='ocrx_word' id='word_1_154' title='bbox 799 2854 925 2922; x_wconf 87' lang='lat' dir='ltr'><strong>curiam</strong></span> <span class='ocrx_word' id='word_1_155' title='bbox 951 2876 1023 2922; x_wconf 90' lang='lat' dir='ltr'><strong>esse</strong></span> <span class='ocrx_word' id='word_1_156' title='bbox 1049 2853 1205 2932; x_wconf 88' lang='lat' dir='ltr'><strong>delatum,</strong></span> <span class='ocrx_word' id='word_1_157' title='bbox 1242 2874 1338 2921; x_wconf 91' lang='lat' dir='ltr'><strong>cum-</strong></span> 
     </span>
    </p>
   </div>
   <div class='ocr_carea' id='block_1_3' title="bbox 130 2977 1442 3070">
    <p class='ocr_par' dir='ltr' id='par_1_3' title="bbox 130 2977 1442 3070">
     <span class='ocr_line' id='line_1_19' title="bbox 130 2977 1442 3070; baseline -0.002 -22"><span class='ocrx_word' id='word_1_158' title='bbox 130 3001 197 3070; x_wconf 87' lang='lat' dir='ltr'><strong>que</strong></span> <span class='ocrx_word' id='word_1_159' title='bbox 222 2980 352 3049; x_wconf 83' lang='lat' dir='ltr'><strong>senetui</strong></span> <span class='ocrx_word' id='word_1_160' title='bbox 378 2979 545 3048; x_wconf 89' lang='lat' dir='ltr'><strong>somnium</strong></span> <span class='ocrx_word' id='word_1_161' title='bbox 571 2979 799 3058; x_wconf 87' lang='lat' dir='ltr'><strong>enarravisset,</strong></span> <span class='ocrx_word' id='word_1_162' title='bbox 829 2978 967 3070; x_wconf 90' lang='lat' dir='ltr'><strong>pedibus</strong></span> <span class='ocrx_word' id='word_1_163' title='bbox 990 2977 1057 3048; x_wconf 92' lang='lat' dir='ltr'><strong>suis</strong></span> <span class='ocrx_word' id='word_1_164' title='bbox 1079 2977 1205 3047; x_wconf 88' lang='lat' dir='ltr'><strong>salvum</strong></span> <span class='ocrx_word' id='word_1_165' title='bbox 1223 3000 1338 3046; x_wconf 87' lang='lat' dir='ltr'><strong>rever·</strong></span> <span class='ocrx_word' id='word_1_166' title='bbox 1436 2987 1442 2999; x_wconf 86' lang='lat'>&#39;</span> 
     </span>
    </p>
   </div>
   <div class='ocr_carea' id='block_1_4' title="bbox 133 3102 1341 4812">
    <p class='ocr_par' dir='ltr' id='par_1_4' title="bbox 133 3102 1341 4812">
     <span class='ocr_line' id='line_1_20' title="bbox 133 3102 1338 3197; baseline -0.002 -26"><span class='ocrx_word' id='word_1_167' title='bbox 133 3105 219 3172; x_wconf 87' lang='lat' dir='ltr'><strong>tisse.</strong></span> <span class='ocrx_word' id='word_1_168' title='bbox 261 3106 377 3197; x_wconf 82' lang='lat' dir='ltr'><strong>ltaque</strong></span> <span class='ocrx_word' id='word_1_169' title='bbox 403 3105 532 3174; x_wconf 91' lang='lat' dir='ltr'><strong>somnio</strong></span> <span class='ocrx_word' id='word_1_170' title='bbox 558 3104 771 3197; x_wconf 89' lang='lat' dir='ltr'><strong>comprobato</strong></span> <span class='ocrx_word' id='word_1_171' title='bbox 797 3125 815 3172; x_wconf 87' lang='lat' dir='ltr'><strong>a</strong></span> <span class='ocrx_word' id='word_1_172' title='bbox 841 3115 969 3184; x_wconf 90' lang='lat' dir='ltr'><strong>senatu,</strong></span> <span class='ocrx_word' id='word_1_173' title='bbox 997 3104 1091 3173; x_wconf 92' lang='lat' dir='ltr'><strong>ludos</strong></span> <span class='ocrx_word' id='word_1_174' title='bbox 1117 3103 1192 3172; x_wconf 88' lang='lat' dir='ltr'><strong>illos</strong></span> <span class='ocrx_word' id='word_1_175' title='bbox 1218 3102 1338 3170; x_wconf 89' lang='lat' dir='ltr'><strong>iterum</strong></span> 
     </span>
     <span class='ocr_line' id='line_1_21' title="bbox 133 3220 1337 3320; baseline -0.002 -26"><span class='ocrx_word' id='word_1_176' title='bbox 133 3227 330 3297; x_wconf 80' lang='lat' dir='ltr'><strong>instauratos</strong></span> <span class='ocrx_word' id='word_1_177' title='bbox 349 3229 531 3297; x_wconf 89' lang='lat' dir='ltr'><strong>memoriae</strong></span> <span class='ocrx_word' id='word_1_178' title='bbox 554 3227 720 3320; x_wconf 90' lang='lat' dir='ltr'><strong>proditum</strong></span> <span class='ocrx_word' id='word_1_179' title='bbox 744 3237 802 3295; x_wconf 90' lang='lat' dir='ltr'><strong>est.</strong></span> <span class='ocrx_word' id='word_1_180' title='bbox 830 3228 935 3297; x_wconf 79' lang='lat' dir='ltr'><strong>Cicero</strong></span> <span class='ocrx_word' id='word_1_181' title='bbox 959 3229 998 3296; x_wconf 86' lang='lat' dir='ltr'><strong>de</strong></span> <span class='ocrx_word' id='word_1_182' title='bbox 1020 3227 1122 3296; x_wconf 80' lang='lat' dir='ltr'><strong>divin</strong></span> <span class='ocrx_word' id='word_1_183' title='bbox 1147 3224 1178 3304; x_wconf 90' lang='lat' dir='ltr'><strong>l,</strong></span> <span class='ocrx_word' id='word_1_184' title='bbox 1198 3221 1258 3305; x_wconf 87' lang='grc'><strong>26,</strong></span> <span class='ocrx_word' id='word_1_185' title='bbox 1278 3220 1337 3293; x_wconf 85' lang='grc'><strong>55.</strong></span> 
     </span>
     <span class='ocr_line' id='line_1_22' title="bbox 138 3347 1340 3441; baseline -0.004 -21"><span class='ocrx_word' id='word_1_186' title='bbox 138 3352 192 3420; x_wconf 84' lang='grc'><strong>19.</strong></span> <span class='ocrx_word' id='word_1_187' title='bbox 221 3352 343 3421; x_wconf 84' lang='lat' dir='ltr'><strong>Eodem</strong></span> <span class='ocrx_word' id='word_1_188' title='bbox 363 3375 397 3421; x_wconf 87' lang='lat' dir='ltr'><strong>re</strong></span> <span class='ocrx_word' id='word_1_189' title='bbox 421 3367 556 3422; x_wconf 77' lang='lat' dir='ltr'><strong>norrmo</strong></span> <span class='ocrx_word' id='word_1_190' title='bbox 577 3353 754 3440; x_wconf 74' lang='lat' dir='ltr'><strong>Dionysius</strong></span> <span class='ocrx_word' id='word_1_191' title='bbox 774 3350 850 3420; x_wconf 86' lang='lat' dir='ltr'><strong>Hol.</strong></span> <span class='ocrx_word' id='word_1_192' title='bbox 873 3353 945 3420; x_wconf 77' lang='lat' dir='ltr'><strong>ludi</strong></span> <span class='ocrx_word' id='word_1_193' title='bbox 968 3351 1123 3420; x_wconf 79' lang='lat' dir='ltr'><strong>Circenses</strong></span> <span class='ocrx_word' id='word_1_194' title='bbox 1145 3373 1207 3441; x_wconf 86' lang='lat' dir='ltr'><strong>pno</strong></span> <span class='ocrx_word' id='word_1_195' title='bbox 1228 3347 1340 3416; x_wconf 79' lang='lat' dir='ltr'><strong>ordine</strong></span> 
     </span>
     <span class='ocr_line' id='line_1_23' title="bbox 134 3473 1339 3568; baseline -0.003 -24"><span class='ocrx_word' id='word_1_196' title='bbox 134 3477 203 3566; x_wconf 64' lang='grc' dir='ltr'><strong>ῥινί</strong></span> <span class='ocrx_word' id='word_1_197' title='bbox 234 3476 323 3545; x_wconf 76' lang='lat' dir='ltr'><strong>soliti</strong></span> <span class='ocrx_word' id='word_1_198' title='bbox 348 3478 413 3545; x_wconf 79' lang='lat' dir='ltr'><strong>sint</strong></span> <span class='ocrx_word' id='word_1_199' title='bbox 439 3499 591 3568; x_wconf 70' lang='lat' dir='ltr'><strong>exponen</strong></span> <span class='ocrx_word' id='word_1_200' title='bbox 614 3477 755 3545; x_wconf 80' lang='lat' dir='ltr'><strong>institnit</strong></span> <span class='ocrx_word' id='word_1_201' title='bbox 778 3477 908 3567; x_wconf 72' lang='lat' dir='ltr'><strong>copiose,</strong></span> <span class='ocrx_word' id='word_1_202' title='bbox 935 3499 970 3544; x_wconf 86' lang='lat' dir='ltr'><strong>eo</strong></span> <span class='ocrx_word' id='word_1_203' title='bbox 994 3476 1126 3544; x_wconf 77' lang='lat' dir='ltr'><strong>consilio</strong></span> <span class='ocrx_word' id='word_1_204' title='bbox 1151 3487 1186 3542; x_wconf 86' lang='lat' dir='ltr'><strong>nt</strong></span> <span class='ocrx_word' id='word_1_205' title='bbox 1209 3473 1339 3540; x_wconf 78' lang='lat' dir='ltr'><strong>donon-</strong></span> 
     </span>
     <span class='ocr_line' id='line_1_24' title="bbox 135 3596 1340 3669; baseline -0.004 -1"><span class='ocrx_word' id='word_1_206' title='bbox 135 3614 206 3668; x_wconf 84' lang='lat' dir='ltr'><strong>stret</strong></span> <span class='ocrx_word' id='word_1_207' title='bbox 238 3613 360 3669; x_wconf 82' lang='lat' dir='ltr'><strong>tontum</strong></span> <span class='ocrx_word' id='word_1_208' title='bbox 390 3600 606 3669; x_wconf 78' lang='lat' dir='ltr'><strong>Ronmnonnn</strong></span> <span class='ocrx_word' id='word_1_209' title='bbox 639 3601 855 3668; x_wconf 75' lang='lat' dir='ltr'><strong>institutorum</strong></span> <span class='ocrx_word' id='word_1_210' title='bbox 889 3623 957 3668; x_wconf 88' lang='lat' dir='ltr'><strong>enm</strong></span> <span class='ocrx_word' id='word_1_211' title='bbox 992 3601 1121 3668; x_wconf 82' lang='lat' dir='ltr'><strong>Graecis</strong></span> <span class='ocrx_word' id='word_1_212' title='bbox 1150 3596 1340 3666; x_wconf 78' lang='lat' dir='ltr'><strong>similitudi-</strong></span> 
     </span>
     <span class='ocr_line' id='line_1_25' title="bbox 135 3721 1340 3814; baseline -0.005 -22"><span class='ocrx_word' id='word_1_213' title='bbox 135 3747 204 3792; x_wconf 81' lang='lat' dir='ltr'><strong>nern</strong></span> <span class='ocrx_word' id='word_1_214' title='bbox 223 3739 316 3814; x_wconf 83' lang='lat' dir='ltr'><strong>ntpne</strong></span> <span class='ocrx_word' id='word_1_215' title='bbox 335 3725 580 3794; x_wconf 73' lang='lat' dir='ltr'><strong>convenientiam</strong></span> <span class='ocrx_word' id='word_1_216' title='bbox 602 3748 665 3794; x_wconf 90' lang='lat' dir='ltr'><strong>non</strong></span> <span class='ocrx_word' id='word_1_217' title='bbox 689 3739 796 3792; x_wconf 68' lang='lat' dir='ltr'><strong>tenne</strong></span> <span class='ocrx_word' id='word_1_218' title='bbox 809 3738 865 3793; x_wconf 84' lang='lat' dir='ltr'><strong>out</strong></span> <span class='ocrx_word' id='word_1_219' title='bbox 885 3747 960 3792; x_wconf 79' lang='lat' dir='ltr'><strong>cnse</strong></span> <span class='ocrx_word' id='word_1_220' title='bbox 977 3737 1088 3802; x_wconf 84' lang='lat' dir='ltr'><strong>ortum,</strong></span> <span class='ocrx_word' id='word_1_221' title='bbox 1115 3724 1168 3791; x_wconf 88' lang='lat' dir='ltr'><strong>sed</strong></span> <span class='ocrx_word' id='word_1_222' title='bbox 1185 3721 1226 3789; x_wconf 84' lang='lat' dir='ltr'><strong>ob</strong></span> <span class='ocrx_word' id='word_1_223' title='bbox 1252 3721 1340 3788; x_wconf 79' lang='lat' dir='ltr'><strong>anti-</strong></span> 
     </span>
     <span class='ocr_line' id='line_1_26' title="bbox 136 3845 1341 3941; baseline -0.003 -25"><span class='ocrx_word' id='word_1_224' title='bbox 136 3849 301 3936; x_wconf 68' lang='lat' dir='ltr'><strong>quissimis</strong></span> <span class='ocrx_word' id='word_1_225' title='bbox 324 3849 514 3939; x_wconf 73' lang='lat' dir='ltr'><strong>tenporibus</strong></span> <span class='ocrx_word' id='word_1_226' title='bbox 532 3851 752 3941; x_wconf 76' lang='lat' dir='ltr'><strong>permansisse,</strong></span> <span class='ocrx_word' id='word_1_227' title='bbox 775 3861 940 3940; x_wconf 79' lang='lat' dir='ltr'><strong>propterea</strong></span> <span class='ocrx_word' id='word_1_228' title='bbox 965 3847 1049 3938; x_wconf 82' lang='lat' dir='ltr'><strong>qnod</strong></span> <span class='ocrx_word' id='word_1_229' title='bbox 1070 3861 1182 3916; x_wconf 72' lang='lat' dir='ltr'><strong>onnes</strong></span> <span class='ocrx_word' id='word_1_230' title='bbox 1203 3845 1341 3915; x_wconf 81' lang='lat' dir='ltr'><strong>Romani</strong></span> 
     </span>
     <span class='ocr_line' id='line_1_27' title="bbox 137 3966 1339 4064; baseline -0.003 -25"><span class='ocrx_word' id='word_1_231' title='bbox 137 3970 346 4040; x_wconf 74' lang='lat' dir='ltr'><strong>Grmcnnicoe</strong></span> <span class='ocrx_word' id='word_1_232' title='bbox 366 3973 502 4062; x_wconf 82' lang='lat' dir='ltr'><strong>oripinr‘s</strong></span> <span class='ocrx_word' id='word_1_233' title='bbox 524 3974 653 4064; x_wconf 74' lang='lat' dir='ltr'><strong>suerint.</strong></span> <span class='ocrx_word' id='word_1_234' title='bbox 692 3973 765 4063; x_wconf 84' lang='lat' dir='ltr'><strong>Ego</strong></span> <span class='ocrx_word' id='word_1_235' title='bbox 783 3994 873 4053; x_wconf 83' lang='lat' dir='ltr'><strong>vero,</strong></span> <span class='ocrx_word' id='word_1_236' title='bbox 902 3971 1020 4062; x_wconf 89' lang='lat' dir='ltr'><strong>inquit,</strong></span> <span class='ocrx_word' id='word_1_237' title='bbox 1046 3971 1179 4064; x_wconf 90' lang='lat' dir='ltr'><strong>nequis</strong></span> <span class='ocrx_word' id='word_1_238' title='bbox 1197 3966 1339 4037; x_wconf 86' lang='lat' dir='ltr'><strong>absurde</strong></span> 
     </span>
     <span class='ocr_line' id='line_1_28' title="bbox 136 4091 1340 4186; baseline -0.002 -25"><span class='ocrx_word' id='word_1_239' title='bbox 136 4095 319 4186; x_wconf 83' lang='lat' dir='ltr'><strong>suspicetur</strong></span> <span class='ocrx_word' id='word_1_240' title='bbox 344 4095 443 4165; x_wconf 89' lang='lat' dir='ltr'><strong>lrosce</strong></span> <span class='ocrx_word' id='word_1_241' title='bbox 469 4119 579 4165; x_wconf 91' lang='lat' dir='ltr'><strong>mores</strong></span> <span class='ocrx_word' id='word_1_242' title='bbox 609 4119 648 4166; x_wconf 89' lang='lat' dir='ltr'><strong>ac</strong></span> <span class='ocrx_word' id='word_1_243' title='bbox 683 4096 764 4165; x_wconf 92' lang='lat' dir='ltr'><strong>ritus</strong></span> <span class='ocrx_word' id='word_1_244' title='bbox 794 4095 972 4166; x_wconf 92' lang='lat' dir='ltr'><strong>admodum</strong></span> <span class='ocrx_word' id='word_1_245' title='bbox 998 4117 1104 4186; x_wconf 91' lang='lat' dir='ltr'><strong>nuper</strong></span> <span class='ocrx_word' id='word_1_246' title='bbox 1130 4104 1201 4186; x_wconf 87' lang='lat' dir='ltr'><strong>post</strong></span> <span class='ocrx_word' id='word_1_247' title='bbox 1226 4091 1340 4161; x_wconf 90' lang='lat' dir='ltr'><strong>devic-</strong></span> 
     </span>
     <span class='ocr_line' id='line_1_29' title="bbox 138 4192 1340 4309; baseline -0.002 -23"><span class='ocrx_word' id='word_1_248' title='bbox 138 4229 204 4286; x_wconf 84' lang='lat' dir='ltr'><strong>tam</strong></span> <span class='ocrx_word' id='word_1_249' title='bbox 229 4220 406 4290; x_wconf 86' lang='lat' dir='ltr'><strong>Graeciam</strong></span> <span class='ocrx_word' id='word_1_250' title='bbox 431 4221 598 4290; x_wconf 88' lang='lat' dir='ltr'><strong>Romanos</strong></span> <span class='ocrx_word' id='word_1_251' title='bbox 628 4220 792 4298; x_wconf 88' lang='lat' dir='ltr'><strong>didicisse,</strong></span> <span class='ocrx_word' id='word_1_252' title='bbox 825 4192 1022 4309; x_wconf 76' lang='lat' dir='ltr'><strong>argumenta</strong></span> <span class='ocrx_word' id='word_1_253' title='bbox 1052 4239 1180 4286; x_wconf 86' lang='lat' dir='ltr'><strong>sumam</strong></span> <span class='ocrx_word' id='word_1_254' title='bbox 1210 4239 1252 4284; x_wconf 85' lang='lat' dir='ltr'><strong>ex</strong></span> <span class='ocrx_word' id='word_1_255' title='bbox 1280 4215 1340 4284; x_wconf 88' lang='lat' dir='ltr'><strong>illo</strong></span> 
     </span>
     <span class='ocr_line' id='line_1_30' title="bbox 139 4339 1339 4436; baseline -0.003 -26"><span class='ocrx_word' id='word_1_256' title='bbox 139 4353 295 4435; x_wconf 88' lang='lat' dir='ltr'><strong>tempore,</strong></span> <span class='ocrx_word' id='word_1_257' title='bbox 330 4367 398 4436; x_wconf 91' lang='lat' dir='ltr'><strong>quo</strong></span> <span class='ocrx_word' id='word_1_258' title='bbox 431 4367 493 4413; x_wconf 89' lang='lat' dir='ltr'><strong>neo</strong></span> <span class='ocrx_word' id='word_1_259' title='bbox 519 4344 695 4414; x_wconf 84' lang='lat' dir='ltr'><strong>Graeciam</strong></span> <span class='ocrx_word' id='word_1_260' title='bbox 721 4343 878 4413; x_wconf 89' lang='lat' dir='ltr'><strong>tenebant</strong></span> <span class='ocrx_word' id='word_1_261' title='bbox 908 4365 970 4411; x_wconf 90' lang='lat' dir='ltr'><strong>nec</strong></span> <span class='ocrx_word' id='word_1_262' title='bbox 995 4342 1078 4411; x_wconf 86' lang='lat' dir='ltr'><strong>alias</strong></span> <span class='ocrx_word' id='word_1_263' title='bbox 1105 4339 1339 4410; x_wconf 87' lang='lat' dir='ltr'><strong>transmarinas</strong></span> 
     </span>
     <span class='ocr_line' id='line_1_31' title="bbox 138 4464 1340 4561; baseline -0.002 -27"><span class='ocrx_word' id='word_1_264' title='bbox 138 4466 339 4557; x_wconf 78' lang='lat' dir='ltr'><strong>provincias,</strong></span> <span class='ocrx_word' id='word_1_265' title='bbox 378 4467 421 4550; x_wconf 86' lang='lat' dir='ltr'><strong>Q.</strong></span> <span class='ocrx_word' id='word_1_266' title='bbox 460 4467 600 4539; x_wconf 83' lang='lat' dir='ltr'><strong>Fabium</strong></span> <span class='ocrx_word' id='word_1_267' title='bbox 637 4479 805 4538; x_wconf 88' lang='lat' dir='ltr'><strong>auctorem</strong></span> <span class='ocrx_word' id='word_1_268' title='bbox 839 4477 970 4561; x_wconf 85' lang='lat' dir='ltr'><strong>secutus</strong></span> <span class='ocrx_word' id='word_1_269' title='bbox 1001 4487 1111 4558; x_wconf 86' lang='lat' dir='ltr'><strong>neque</strong></span> <span class='ocrx_word' id='word_1_270' title='bbox 1145 4464 1340 4557; x_wconf 87' lang='lat' dir='ltr'><strong>cuiusquam</strong></span> 
     </span>
     <span class='ocr_line' id='line_1_32' title="bbox 140 4585 1340 4683; baseline -0.003 -27"><span class='ocrx_word' id='word_1_271' title='bbox 140 4600 308 4681; x_wconf 86' lang='lat' dir='ltr'><strong>praeterea</strong></span> <span class='ocrx_word' id='word_1_272' title='bbox 330 4591 518 4661; x_wconf 90' lang='lat' dir='ltr'><strong>testimonio</strong></span> <span class='ocrx_word' id='word_1_273' title='bbox 534 4613 628 4674; x_wconf 90' lang='lat' dir='ltr'><strong>usus;</strong></span> <span class='ocrx_word' id='word_1_274' title='bbox 655 4603 704 4662; x_wconf 90' lang='lat' dir='ltr'><strong>est</strong></span> <span class='ocrx_word' id='word_1_275' title='bbox 721 4592 811 4663; x_wconf 92' lang='lat' dir='ltr'><strong>enim</strong></span> <span class='ocrx_word' id='word_1_276' title='bbox 828 4593 856 4661; x_wconf 93' lang='lat' dir='ltr'><strong>is</strong></span> <span class='ocrx_word' id='word_1_277' title='bbox 874 4589 1122 4683; x_wconf 85' lang='lat' dir='ltr'><strong>antiquissimus</strong></span> <span class='ocrx_word' id='word_1_278' title='bbox 1141 4609 1256 4658; x_wconf 92' lang='lat' dir='ltr'><strong>eorum</strong></span> <span class='ocrx_word' id='word_1_279' title='bbox 1283 4585 1340 4677; x_wconf 93' lang='lat' dir='ltr'><strong>qui</strong></span> 
     </span>
     <span class='ocr_line' id='line_1_33' title="bbox 141 4709 1341 4812; baseline -0.001 -33"><span class='ocrx_word' id='word_1_280' title='bbox 141 4733 194 4779; x_wconf 89' lang='lat' dir='ltr'><strong>res</strong></span> <span class='ocrx_word' id='word_1_281' title='bbox 208 4713 371 4786; x_wconf 83' lang='lat' dir='ltr'><strong>Romanas</strong></span> <span class='ocrx_word' id='word_1_282' title='bbox 388 4716 592 4808; x_wconf 83' lang='lat' dir='ltr'><strong>scripserunt</strong></span> <span class='ocrx_word' id='word_1_283' title='bbox 617 4741 725 4812; x_wconf 88' lang='lat' dir='ltr'><strong>neque</strong></span> <span class='ocrx_word' id='word_1_284' title='bbox 750 4718 858 4788; x_wconf 90' lang='lat' dir='ltr'><strong>solum</strong></span> <span class='ocrx_word' id='word_1_285' title='bbox 885 4739 926 4784; x_wconf 90' lang='lat' dir='ltr'><strong>ex</strong></span> <span class='ocrx_word' id='word_1_286' title='bbox 952 4714 993 4784; x_wconf 90' lang='lat' dir='ltr'><strong>iis</strong></span> <span class='ocrx_word' id='word_1_287' title='bbox 1018 4736 1103 4807; x_wconf 85' lang='lat' dir='ltr'><strong>quae</strong></span> <span class='ocrx_word' id='word_1_288' title='bbox 1122 4711 1257 4791; x_wconf 86' lang='lat' dir='ltr'><strong>audivit,</strong></span> <span class='ocrx_word' id='word_1_289' title='bbox 1283 4709 1341 4778; x_wconf 89' lang='lat' dir='ltr'><strong>sed</strong></span> 
     </span>
    </p>
   </div>
   <div class='ocr_carea' id='block_1_5' title="bbox 0 0 1804 5600">
    <p class='ocr_par' dir='ltr' id='par_1_5' title="bbox 0 0 1804 5600">
     <span class='ocr_line' id='line_1_34' title="bbox 0 0 1804 5600; baseline 0 0"><span class='ocrx_word' id='word_1_290' title='bbox 0 0 1804 5600; x_wconf 95' lang='lat' dir='ltr'><strong> </strong></span> 
     </span>
    </p>
   </div>
  </div>
 </body>
</html>
