3702 5600
404 631 476 702 570

402 845 467 889 rom
500 827 755 890 circumscribere
785 831 818 888 et
849 828 979 888 delinire
1010 829 1134 889 videtur
1165 829 1320 889 Ausonius
1351 829 1381 888 in
1414 829 1609 906 Protreptico

402 933 470 996 siu.
490 954 532 994 ιιι.
553 936 603 994 60.
624 951 691 1010 sqq.
721 933 776 993 cir.
804 950 899 1010 supra
919 951 948 1011 p.
970 952 1056 994 um.
1086 935 1147 994 uisi
1167 936 1234 994 tota
1255 935 1323 994 cius
1349 935 1450 994 oratio
1469 937 1610 994 contorta

402 1045 489 1102 esset
507 1045 600 1117 atque
621 1041 779 1118 perplexa.
822 1041 954 1100 Primum
984 1043 1065 1102 enim
1088 1042 1209 1119 sucinos
1232 1041 1365 1102 θιϋὶἰιια
1389 1047 1423 1101 et
1440 1041 1541 1115 Lepidi
1561 1045 1611 1099 lu-

401 1147 518 1208 crollura
539 1148 703 1224 coniungit,
730 1150 792 1208 tum
812 1147 854 1206 Ab
868 1147 974 1222 Lepide
995 1154 1025 1206 et
1041 1148 1143 1208 Catulo
1165 1151 1224 1207 ium
1244 1164 1294 1206 rea
1321 1154 1349 1206 cl
1368 1155 1496 1222 temporo
1515 1147 1611 1204 Rerum

402 1254 485 1330 uicit,
507 1255 595 1330 quasi
609 1272 669 1315 non
684 1271 789 1315 eorum
802 1271 876 1331 pars
891 1253 1001 1331 Lepidi
1017 1254 1162 1314 tumultus
1176 1251 1282 1328 luerit;
1305 1270 1376 1313 mox
1395 1252 1482 1312 addit
1506 1253 1609 1326 Orsua,

401 1361 446 1420 bis
465 1376 553 1420 secor
573 1363 679 1420 serim
698 1365 835 1420 comaclo
852 1376 908 1434 per
922 1377 1032 1434 amoc·
1053 1360 1137 1436 quod
1152 1361 1214 1420 nisi
1227 1361 1260 1419 id
1274 1361 1435 1435 significat,
1458 1376 1514 1436 por
1530 1359 1609 1418 duo-

402 1466 500 1525 decim
529 1482 626 1526 anucs
656 1483 733 1543 opus
767 1483 840 1526 csss
873 1467 1063 1543 productum,
1091 1468 1183 1543 plane
1215 1483 1308 1526 sensu
1333 1468 1428 1526 carot.
1474 1466 1611 1540 Denique

402 1572 540 1649 adiungit
569 1573 631 1631 Iuro
657 1571 721 1648 lupo
745 1572 823 1632 cicili
849 1576 961 1632 mium
992 1575 1121 1632 diuoorle
1145 1573 1278 1648 ducllum,
1313 1574 1400 1632 llccii
1423 1573 1500 1650 quod
1529 1575 1611 1630 socio

401 1680 548 1738 Sertorius
562 1679 634 1738 ccol
647 1679 769 1752 Hiberu-
790 1677 873 1753 quod
894 1678 1003 1738 iterum
1024 1680 1068 1739 ita
1089 1696 1268 1756 expressum
1291 1683 1348 1754 ost,
1370 1683 1523 1753 tamquam
1544 1678 1612 1737 haec

402 1803 462 1846 nou
483 1785 638 1864 prioribus
660 1783 778 1844 inclusa
798 1782 922 1843 luerint
956 1784 1027 1844 lude
1050 1785 1144 1862 igitur
1164 1790 1252 1844 recte
1273 1785 1385 1859 aliquis
1405 1785 1534 1860 colligat
1547 1783 1608 1842 Sa-

403 1893 529 1953 lustium
548 1907 651 1952 rorum
663 1891 863 1950 Romanarum
884 1890 1048 1950 historiam
1069 1891 1141 1950 iude
1163 1907 1182 1950 a
1201 1890 1320 1967 Lepido
1344 1895 1375 1950 et
1395 1889 1504 1950 Catulo
1522 1890 1610 1949 (loss.

407 2015 505 2076 usque
531 1997 572 2057 ad
598 2014 706 2056 annum
727 1996 833 2056 vai.
855 2014 882 2056 a.
905 1995 958 2055 Ch.
980 2014 1007 2054 n.
1035 1997 1209 2074 scripsisse.
1252 1996 1313 2055 Sed
1339 1997 1423 2055 aliud
1451 1999 1500 2056 cst
1523 2013 1611 2072 quae-

401 2123 474 2166 rere
496 2121 585 2180 quem
605 2121 714 2164 annum
734 2119 837 2163 rerum
858 2103 993 2180 scriptor
1021 2104 1168 2179 attigerit,
1199 2107 1230 2162 et
1259 2119 1351 2179 quem
1377 2103 1418 2162 ad
1441 2103 1531 2162 finem
1558 2104 1612 2162 ille

401 2211 567 2291 pervenire
592 2211 735 2270 voluerit.
777 2208 873 2271 Nemo
904 2210 984 2270 enim
1012 2209 1138 2286 negabit
1168 2209 1350 2286 praeclarum
1375 2209 1479 2284 utique
1508 2209 1611 2269 bisto-

402 2320 456 2379 riae
483 2333 594 2395 corpus
621 2316 729 2377 confici
750 2317 898 2394 potuisse,
928 2318 956 2376 si
985 2333 1037 2376 res
1062 2316 1134 2376 inde
1160 2314 1292 2375 aSullae
1320 2323 1420 2376 morte
1451 2317 1612 2391 usquead

402 2423 539 2485 Catilinae
554 2423 794 2484 coniurationem
808 2427 958 2482 enarrata
974 2423 1112 2482 inissent.
1142 2421 1204 2482 Sed
1220 2439 1317 2499 nuper
1332 2423 1460 2498 exstitit,
1482 2425 1533 2500 qui
1549 2442 1611 2499 qua

402 2537 453 2594 est
472 2531 665 2606 confidentia,
689 2529 855 2590 Salustium
876 2547 915 2590 nc
936 2531 1038 2590 animo
1056 2529 1180 2606 quidem
1201 2529 1234 2589 id
1246 2531 1384 2608 agitasse
1400 2531 1612 2605 contenderet,

402 2638 594 2717 quodannis
616 2637 816 2713 sequentibus
837 2637 983 2714 Pompeio
1005 2654 1065 2697 non
1089 2640 1151 2696 tam
1173 2654 1230 2714 per
1250 2639 1383 2698 virtutos
1407 2656 1490 2713 suas,
1523 2656 1612 2713 quam

401 2747 479 2806 mira
503 2747 603 2824 ipsius
624 2746 774 2806 felicitate
801 2747 973 2824 contigerit,
1001 2751 1034 2806 ut
1055 2747 1155 2807 omnia
1182 2748 1214 2806 iu
1234 2763 1270 2806 se
1291 2746 1429 2807 traheret
1453 2749 1613 2822 tuomque

401 2872 465 2915 rem
491 2853 644 2932 publicam
673 2853 760 2914 solus
789 2857 919 2913 teneret.
963 2851 1056 2928 „Nam
1084 2853 1128 2913 uti
1156 2852 1250 2912 Sullae
1278 2853 1321 2912 ita
1348 2853 1519 2930 pedisequo
1545 2855 1613 2913 eius

400 2960 547 3038 Pompeio
581 2961 748 3022 Salustium
777 2962 908 3022 maxime
935 2960 1033 3022 luisse
1059 2961 1203 3022 infestum
1225 2967 1257 3021 et
1283 2979 1322 3021 ex
1350 2964 1417 3022 tota
1444 2964 1511 3022 eius
1540 2963 1612 3022 vitae

401 3068 523 3127 ratione
545 3069 578 3126 et
598 3067 673 3126 satis
696 3083 850 3144 superque
867 3083 906 3126 ex
925 3065 1129 3128 Historiarum
1147 3067 1328 3144 fragmentis
1343 3062 1471 3128 elucet.“
1502 3069 1612 3128 Mirum

401 3173 534 3233 hominis
548 3174 689 3231 acumen!
711 3171 785 3230 ilem
800 3171 880 3230 enim
890 3172 1040 3248 praeclare
1055 3171 1233 3249 aPompeio
1244 3173 1328 3233 bello
1342 3173 1475 3250 piratico
1490 3181 1610 3250 gestaru

401 3281 554 3343 Salustius
588 3279 813 3355 illustraverat,
856 3281 937 3355 quod
969 3280 1092 3355 quidem
1123 3279 1262 3359 Pompeii
1294 3281 1416 3342 inimico
1447 3281 1611 3359 plurimum

403 3388 489 3448 tmdii
509 3392 602 3463 atque
623 3389 774 3448 molestiae
796 3405 902 3448 creare
924 3388 1039 3463 debuit,
1067 3388 1150 3464 quod
1171 3406 1209 3449 eo
1231 3389 1354 3466 quidem
1382 3393 1521 3467 tempore
1545 3391 1613 3450 eius

401 3497 501 3574 gloria
524 3497 576 3556 vel
598 3497 745 3556 invidiam
765 3501 979 3574 superaverat;
1002 3497 1059 3556 sed
1079 3501 1189 3575 postea
1210 3499 1263 3557 ubi
1285 3498 1398 3575 saepius
1422 3498 1512 3558 locus
1535 3505 1612 3570 erat,

403 3620 470 3679 qua
491 3603 545 3663 ille
567 3610 750 3683 arroganter
765 3609 797 3665 et
811 3607 981 3667 insolenter
1003 3607 1093 3666 immo
1107 3607 1194 3684 regie
1209 3607 1329 3666 fecerat
1348 3607 1614 3683 reprehendendi,

402 3727 439 3769 ea
454 3714 591 3787 tempora
608 3713 746 3773 scribere
762 3713 859 3773 noluit
875 3713 1036 3774 Salustius.
1064 3714 1165 3782 Quare
1177 3712 1265 3774 linem
1282 3731 1356 3773 sane
1376 3713 1540 3774 habuerint
1553 3712 1611 3773 lli-

400 3817 565 3876 storiarum
586 3819 657 3879 libri
679 3821 707 3878 in
726 3820 920 3880 nobilissimo
935 3820 990 3881 illo
1005 3819 1145 3897 Pompeii
1161 3825 1193 3880 et
1206 3819 1323 3882 Luculli
1340 3823 1501 3896 convento,
1523 3837 1613 3896 quem

400 3925 431 3984 in
453 3925 590 4002 Phrygia
612 3925 724 3986 lactum
747 3927 886 4004 inprimis
914 3927 1098 3987 Plutarchus
1120 3928 1155 3987 V.
1175 3927 1283 4006 Pomp.
1305 3947 1329 3989 c.
1351 3933 1399 3990 31.
1421 3929 1492 3989 Luc
1514 3946 1539 3989 c.
1561 3930 1613 3988 36.

400 4031 575 4107 illustravit,
598 4033 655 4092 sed
676 4035 758 4108 quod
780 4033 906 4094 Salustii
928 4035 1088 4094 consilium
1102 4033 1197 4094 suerit
1217 4036 1309 4113 plano
1323 4038 1510 4114 ignoramus.
1544 4034 1612 4093 Non

399 4136 469 4214 plus
491 4138 570 4197 enim
592 4139 711 4198 tribuas
733 4140 834 4214 alteri,
862 4156 930 4215 quau
950 4140 1086 4214 affertur,
1109 4141 1230 4217 rationi,
1263 4143 1424 4218 „consulto
1446 4141 1613 4202 Salustium

401 4247 553 4318 tamquam
572 4245 760 4320 optimatium
783 4245 983 4306 dominationi
1005 4247 1157 4307 inimicum
1178 4248 1262 4308 illius
1284 4249 1475 4326 potissimum
1490 4255 1613 4326 tempo-

400 4350 444 4410 ris
454 4367 506 4409 res
519 4351 620 4410 videri
633 4351 854 4412 describendas
866 4352 1146 4430 sibiproposuisse,
1162 4371 1221 4432 quo
1233 4355 1333 4416 forma
1344 4356 1612 4433 reipublieaequa-

401 4456 460 4516 lem
474 4456 560 4516 Sulla
577 4457 752 4530 instituerit,
776 4458 922 4535 paulatim
943 4476 1103 4535 concussa,
1126 4460 1287 4521 debilitata
1301 4479 1338 4521 ac
1352 4461 1474 4522 sublata
1489 4455 1609 4520 luerit“

401 4562 517 4632 Quodsi
535 4564 614 4624 enirn
632 4563 783 4624 Salustius
805 4564 981 4642 Pompeium
1006 4585 1063 4642 pro
1083 4565 1177 4626 Sullae
1199 4568 1288 4628 simia
1307 4568 1423 4639 babuli,
1444 4568 1528 4628 nullo
1544 4587 1613 4628 um-

401 4687 490 4744 quam
505 4676 643 4748 tcmporc
655 4671 781 4731 Sullana
802 4673 853 4730 vel
868 4673 1060 4749 optimatium
1075 4674 1242 4736 dominatio
1256 4675 1373 4736 tirmior
1389 4675 1447 4735 luit
1461 4693 1549 4752 quam
1573 4693 1613 4736 eo
