3610 5592
393 2031 1270 2122 usustlulmumsrlvlllllstluut

318 2465 353 2527 (i.
379 2465 532 2530 Salustius
559 2465 685 2544 Crispus
706 2465 857 2530 Amiterni
884 2466 916 2526 iu
936 2465 1060 2530 Sabinis
1088 2473 1254 2547 natusest,
1280 2469 1314 2531 (i.
1335 2471 1433 2533 llario

233 2571 273 2634 1..
295 2573 441 2635 Cornelio
469 2571 564 2634 Giuua
592 2571 679 2637 Coss.
705 2571 1048 2636 a.U.G.DchV11l.
1072 2593 1099 2636 a.
1125 2575 1195 2637 chr.
1222 2594 1251 2638 ο.
1271 2575 1434 2638 LXXXVI.

238 2681 344 2742 'lestis
362 2679 516 2742 Eusebius
537 2679 649 2741 (illrum
671 2679 712 2740 ad
723 2697 832 2740 aunum
843 2678 1110 2742 Muccccxxxl.
1134 2671 1331 2758 Σαλούστιος
1352 2677 1434 2766 ἐγεν-

234 2775 323 2872 νήθη
347 2775 518 2861 καλάνδαις
542 2771 738 2869 ὀκτωβρίαις
771 2791 803 2846 et
834 2786 1010 2864 Anonymus
1042 2782 1076 2852 ἐν
1102 2774 1322 2867 Ὀλομτσιοὶδιον
1359 2780 1436 2854 οἷνα-

235 2890 363 2978 γραφῇ·
395 2881 518 2966 Σύλλας
537 2879 597 2966 τᾶς
614 2878 755 2975 Ἀθήνας
779 2882 1034 2978 ἐξεπολιόρκησε,
1064 2889 1216 2979 Κρίσπος
1239 2886 1438 2971 Σαλούστιος

237 2989 402 3085 ἐγενήθη.
424 2999 480 3060 eir.
494 2998 613 3060 Fabrie.
627 2997 773 3059 Biblioth.
793 2996 858 3062 lat.
873 2997 929 3059 su
950 2997 1023 3060 llru.
1039 2999 1070 3062 Τ.
1090 3019 1111 3062 u.
1124 3019 1153 3080 p.
1169 3005 1237 3063 237.
1259 3003 1352 3064 Patre
1365 3005 1435 3082 ple-

239 3107 312 3167 beio
328 3105 414 3166 illum
429 3108 528 3166 ortum
542 3120 614 3166 esse
627 3104 705 3164 satis
720 3105 891 3166 (leuamenti
914 3108 971 3182 est,
992 3107 1074 3183 quod
1087 3111 1197 3185 postas
1215 3110 1353 3171 tribunus
1367 3111 1438 3188 ple-

237 3213 289 3274 bis
308 3212 410 3273 faetus
431 3215 489 3272 est.
516 3211 631 3271 Δοοοο.
652 3209 777 3271 Pedium
805 3211 837 3272 iu
863 3211 927 3271 llil.
947 3229 977 3290 p.
999 3215 1048 3272 38.
1088 3212 1165 3274 Bait.
1191 3213 1297 3292 Neque
1322 3232 1439 3296 repug-

239 3324 293 3381 nat
314 3318 397 3397 quod
417 3317 477 3379 llio
498 3316 624 3378 Cassius
644 3334 691 3376 xm
714 3317 761 3377 63.
783 3317 868 3378 illum
889 3318 921 3378 iu
941 3336 1095 3380 numerum
1117 3318 1183 3382 τῶν
1196 3309 1279 3386 πάνυ
1291 3317 1440 3406 γενναίων

239 3426 388 3487 retulisse
401 3424 533 3486 videtur.
566 3423 701 3483 Primum
721 3423 802 3484 euim
814 3424 875 3485 hoe
889 3440 950 3485 nou
969 3427 1126 3503 expressis
1144 3428 1250 3489 verbis
1267 3429 1344 3490 ‹lieit
1363 3447 1439 3491 auu-

239 3537 307 3610 tur,
334 3533 421 3593 euius
441 3531 508 3592 lime
528 3530 626 3591 verba
651 3529 807 3606 leguntur:
836 3525 944 3614 ἐκείνῳ
965 3527 1002 3594 δὲ
1023 3519 1169 3616 (Ἀππίῳ
1190 3529 1361 3619 Κλαυδίῳ)
1383 3523 1441 3600 οὗν

241 3626 421 3720 &sauuage
441 3625 478 3708 (0‘
498 3630 630 3705 Πίσων)
651 3623 775 3710 πάντας
795 3631 852 3716 μὲν
871 3624 948 3711 τούς
968 3632 1002 3700 ἐκ
1022 3637 1088 3701 τοῖν
1108 3629 1345 3726 ἀπελευθέρων,
1366 3659 1441 3723 συχ-

241 3733 317 3820 νούς
336 3739 373 3808 δὲ
391 3739 445 3806 καλ
464 3741 530 3806 τοῖν
556 3731 641 3806 πάνυ
666 3735 824 3824 γενναίων,
852 3731 967 3818 σίλλους
991 3764 1026 3807 τε
1053 3741 1105 3808 καλ
1131 3733 1188 3809 τόν
1208 3741 1360 3831 Κρίσπον
1385 3737 1442 3812 τόν

243 3837 439 3916 Σαλούστιον
450 3835 507 3911 τόν
519 3836 576 3934 τήν
590 3841 738 3931 ἱστορίαν
755 3835 997 3936 συγγράψαντα,
1020 3840 1218 3916 ἆτοολᾶσαντι
1233 3848 1268 3916 ἐν
1280 3855 1342 3919 τοῦ
1355 3872 1441 3920 συνε-

242 3951 347 4039 δρίου.
393 3957 504 4018 Parum
530 3964 672 4018 aueurate
699 3956 780 4015 euim
800 3955 928 4017 Diouem
956 3959 1189 4036 assumentum,
1220 3961 1280 4021 iam
1300 3961 1372 4023 iude
1392 3964 1442 4023 iu-

244 4066 405 4143 alligitur,
426 4065 517 4141 quod,
539 4067 573 4126 ut
593 4063 684 4123 fldem
710 4063 818 4123 verbis
837 4063 964 4139 lauerat,
985 4063 1150 4127 Salustium
1165 4068 1339 4143 sequidem
1361 4071 1442 4129 tem-

244 4189 323 4250 pere
344 4172 525 4232 historieum
545 4169 724 4248 appellavit,
752 4170 803 4245 qui
823 4171 887 4229 tum
907 4186 946 4229 ue
966 4171 1127 4232 eonsilium
1156 4171 1278 4249 quidem
1304 4173 1443 4235 historia

245 4279 416 4340 scribenda
436 4278 581 4354 aepisset
625 4274 687 4336 Sed
708 4276 829 4336 etiamsi
850 4274 1015 4337 Salustium
1042 4277 1179 4338 alliena
1201 4281 1271 4353 τοῖς
1291 4276 1445 4362 γενναίοις

246 4385 473 4446 adnumeratum
493 4383 592 4444 luisse
613 4383 783 4457 statuimus,
804 4382 866 4441 hee
887 4382 1039 4443 voeabula
1060 4400 1120 4445 οοο
1140 4386 1273 4462 patricii,
1294 4386 1384 4448 immo
1405 4405 1444 4448 ue

246 4491 368 4551 nubiles
389 4490 521 4567 quidem,
551 4505 730 4565 quamquam
759 4493 791 4548 et
810 4488 912 4548 multa
926 4488 1057 4565 plebeiae
1079 4490 1201 4551 familiae
1227 4491 1347 4553 nubilas
1374 4493 1445 4555 iue-

248 4601 326 4674 ruut,
347 4597 404 4658 sed
424 4597 484 4657 viri
505 4595 582 4657 elari
605 4597 695 4671 atqua
711 4594 850 4655 illustres
872 4595 1033 4671 significati
1051 4614 1122 4659 esse
1136 4598 1286 4659 videntur.
1321 4597 1446 4660 Salustii

252 4704 371 4779 quidem
388 4709 542 4782 nepetam,
564 4704 616 4779 qui
631 4701 712 4780 apud
726 4701 894 4779 Augustum
909 4702 1032 4762 multum
1053 4704 1154 4780 gratia
1172 4705 1303 4781 valebat
1324 4704 1446 4766 'lauitus
