3610 5592
1308 671 1351 742 31

148 871 387 952 sollicitabant,
427 870 546 963 purtim
587 869 805 963 exquirebant
842 869 942 941 duces
983 869 1251 953 multitudinum,
1298 872 1357 965 qui

148 996 258 1087 pretio
281 1015 354 1064 rem
380 991 547 1085 publicum
565 1015 687 1064 vexere
713 993 799 1064 soliti
825 1003 929 1064 eruut.
971 993 1138 1087 Cethegus
1163 1004 1273 1065 nutem
1296 1017 1358 1088 per

149 1121 282 1194 nuutios
313 1119 475 1190 lumilium
499 1127 598 1211 utque
622 1118 758 1189 libertos
782 1141 878 1200 suos,
912 1118 1013 1188 lentos
1047 1130 1079 1188 et
1104 1120 1297 1190 exercitatos
1322 1119 1356 1189 in

148 1245 346 1322 audacium,
381 1243 511 1326 orabat,
545 1253 582 1313 ut
613 1262 716 1334 grege
751 1242 838 1313 lueto
863 1265 939 1314 eum
964 1242 1038 1313 telis
1071 1242 1113 1312 ed
1137 1265 1209 1313 sese
1234 1243 1359 1313 irrum-

149 1379 278 1463 perent
330 1369 456 1440 Consul
490 1367 550 1438 uhi
579 1389 619 1438 eu
656 1368 768 1461 putari
792 1368 964 1460 cognovit,
997 1368 1161 1461 dispositis
1185 1365 1357 1461 praesidiis,

149 1499 266 1562 utres
290 1500 391 1583 utque
416 1500 544 1583 tempus
575 1490 745 1572 monebat,
775 1499 954 1562 convocato
987 1501 1102 1561 senatu
1130 1492 1244 1572 refert,
1278 1489 1358 1582 quid

150 1617 194 1686 de
219 1615 272 1686 his
293 1615 372 1686 deri
398 1617 544 1709 placent,
570 1616 629 1709 qui
656 1616 690 1685 in
716 1615 898 1686 custodium
924 1616 1034 1686 traditi
1059 1627 1161 1688 eruut.
1211 1615 1275 1687 Sed
1302 1635 1359 1684 eos

151 1742 254 1835 paulo
287 1751 365 1812 unte
390 1742 546 1833 frequens
570 1752 702 1813 senatus
727 1741 931 1813 iudicaverat
955 1753 1069 1813 contre
1094 1740 1359 1834 rempublicam

151 1866 280 1936 iecisse.
330 1867 416 1936 Tum
441 1867 483 1936 Ι).
517 1865 633 1936 lunius
658 1866 809 1947 Silanus,
840 1867 968 1960 primus
992 1866 1188 1937 sententium
1213 1874 1358 1956 rogatus,

151 1989 241 2082 guod
274 2011 317 2058 eo
348 2000 497 2082 tempore
521 1989 638 2059 consul
663 1989 853 2081 designatus
878 1999 965 2071 erut,
992 1989 1032 2058 de
1059 1987 1128 2069 his,
1156 1989 1272 2081 quiin
1299 2011 1360 2059 eu·

151 2113 265 2183 stodiis
286 2111 502 2192 tenebuntur,
528 2119 562 2180 et
577 2124 738 2204 proterea
755 2109 797 2180 de
814 2113 853 2182 L.
866 2111 996 2193 Cossio,
1023 2113 1059 2181 P.
1077 2111 1197 2194 Furio,
1224 2113 1260 2181 P.
1277 2113 1361 2184 Um-

152 2237 269 2318 breno,
296 2235 339 2318 Q.
353 2233 484 2316 Annio,
508 2233 538 2304 si
562 2232 763 2326 deprehensi
787 2234 914 2315 forent,
939 2233 1139 2326 supplicium
1164 2235 1361 2306 sumendum

152 2361 361 2443 deereverut3
387 2360 482 2453 isque
507 2371 620 2452 postea
636 2367 803 2452 permotus
828 2359 976 2428 oratione
1001 2360 1040 2428 (i.
1059 2359 1197 2430 Caesuris
1221 2359 1361 2453 pedibus

154 2486 406 2558 insententium
427 2485 553 2557 Tiberii
572 2485 713 2556 Neronis
737 2485 860 2556 iturum
884 2483 1078 2567 sedixerat,
1105 2484 1193 2578 quod
1210 2484 1251 2554 de
1269 2507 1308 2554 ea
1325 2507 1361 2555 re

154 2611 316 2704 presidiis
353 2609 473 2680 udditis
506 2609 718 2680 referendum
750 2619 932 2680 censuerat
984 2608 1049 2678 Sed
1075 2609 1203 2690 Cesar,
1229 2609 1287 2679 uhi
1319 2609 1362 2679 ud

155 2759 230 2808 eum
255 2747 393 2808 venturu
417 2744 483 2818 est,
516 2745 651 2827 rogatus
675 2734 871 2804 sententium
896 2757 916 2804 a
941 2734 1098 2815 consule,
1133 2733 1363 2804 huiuscemodi

156 2862 254 2934 sorba
279 2861 410 2932 locutus
434 2869 501 2930 est:

225 3007 272 3055 u.
325 2983 467 3056 «Omnis
503 2982 669 3063 homiues,
714 2991 823 3075 patres
861 2981 1050 3074 conscripti,
1089 2981 1148 3074 qui
1185 2981 1226 3051 de
1263 2980 1363 3052 rebus

156 3108 264 3180 dubiis
289 3107 493 3188 consultant,
528 3107 570 3178 uls
604 3105 701 3187 odio,
736 3105 898 3186 amicitia,
933 3105 984 3176 ira
1013 3115 1111 3199 utque
1135 3105 1364 3177 misericordia

157 3255 279 3304 menos
305 3254 378 3302 esse
402 3231 508 3302 decet.
558 3230 658 3301 flend
683 3229 781 3300 lueile
807 3229 938 3300 unimus
968 3253 1083 3300 verum
1107 3229 1273 3322 presidet,
1305 3231 1364 3301 ulri

156 3358 213 3430 illu
236 3357 403 3440 officiunt,
433 3379 543 3450 neque
568 3355 743 3451 quisquam
768 3356 918 3425 omnium
943 3355 1084 3426 lubidini
1108 3356 1207 3427 simul
1233 3363 1266 3424 et
1289 3354 1365 3425 usui

158 3481 275 3572 paruit.
326 3479 390 3552 Uni
424 3477 603 3550 intenderis
635 3478 825 3569 ingenium,
864 3479 965 3558 vulet3
1005 3478 1033 3548 si
1062 3478 1176 3548 lubido
1207 3477 1362 3571 possidet,

159 3627 197 3674 ea
232 3601 441 3683 dominetur,
475 3601 606 3672 unimus
640 3600 727 3671 nihil
761 3603 858 3672 volet.
908 3603 1031 3694 Magno
1068 3601 1153 3672 milri
1188 3602 1282 3695 oopiu
1316 3611 1365 3673 est

158 3726 384 3807 memorandi,
409 3725 446 3796 P.
460 3725 499 3796 C.
516 3725 574 3816 qui
592 3747 689 3817 reges
706 3735 806 3817 utque
822 3725 956 3819 populi,
983 3726 1033 3796 iru
1058 3738 1116 3797 aut
1138 3727 1365 3798 misericordie

159 3850 306 3944 impulsi,
332 3849 421 3918 mule
446 3848 689 3929 consuluerint3
714 3849 772 3919 sed
798 3871 837 3919 eu
861 3851 951 3920 malo
975 3851 1106 3935 dicere,
1132 3875 1206 3945 que
1224 3853 1366 3923 maiores

159 3976 259 4045 nostri
293 3982 408 4043 eontra
440 3971 624 4042 lubidinem
649 3971 752 4042 animi
777 3972 829 4043 sui
853 3983 942 4042 reete
967 3984 1065 4068 atque
1090 3975 1206 4046 ordine
1244 3978 1363 4046 locere.

159 4101 252 4172 Bello
268 4097 502 4178 llucedonieo,
527 4097 617 4190 quod
632 4119 708 4167 eum
726 4119 805 4188 rege
824 4099 923 4168 Perse
949 4099 1132 4190 gessimus,
1159 4100 1365 4171 Rhodiorum

159 4223 290 4306 nisius,
322 4245 446 4316 magna
476 4232 574 4316 utque
600 4222 795 4314 magnilica,
830 4247 905 4316 quae
942 4225 1057 4318 populi
1081 4227 1222 4296 Romani
1247 4227 1365 4320 opibus

160 4357 324 4429 creverat,
356 4345 459 4416 inlidn
492 4356 525 4415 et
561 4345 702 4418 advorsa
729 4345 826 4417 nohis
860 4346 938 4416 luit:
974 4347 1031 4418 sed
1063 4358 1236 4442 postquem
1276 4349 1365 4421 bello

160 4473 309 4540 onuleuto
348 4469 390 4538 de
425 4467 562 4538 Rhodiis
588 4469 773 4539 consultum
799 4477 866 4552 est,
900 4469 1041 4540 muiores
1067 4471 1188 4552 nostri,
1224 4473 1366 4567 nequis

160 4591 349 4664 divitiarum
373 4592 478 4682 magis
494 4614 595 4685 quam
621 4591 753 4662 iniuriae
778 4593 1017 4664 ouusabellum
1034 4593 1203 4688 inceptum
1230 4597 1365 4681 diceret,

162 4715 339 4810 impunitos
377 4737 433 4816 eos
466 4714 635 4786 dimisere.
685 4718 769 4787 ltem
800 4715 898 4787 bellis
921 4717 1053 4788 Punicis
1077 4718 1250 4804 omnihus,
1289 4743 1365 4810 curn
