<?xml version="1.0" encoding="UTF-8"?>
<!DOCTYPE html PUBLIC "-//W3C//DTD XHTML 1.0 Transitional//EN"
    "http://www.w3.org/TR/xhtml1/DTD/xhtml1-transitional.dtd">
<html xmlns="http://www.w3.org/1999/xhtml" xml:lang="en" lang="en">
 <head>
  <title>
</title>
<meta http-equiv="Content-Type" content="text/html;charset=utf-8" />
  <meta name='ocr-system' content='tesseract 3.04.00' />
  <meta name='ocr-capabilities' content='ocr_page ocr_carea ocr_par ocr_line ocrx_word'/>
</head>
<body>
  <div class='ocr_page' id='page_1' title='image "./gaisalustiicris00rothgoog_0471.png"; bbox 0 0 3576 5602; ppageno 0'>
   <div class='ocr_carea' id='block_1_1' title="bbox 424 598 495 670">
    <p class='ocr_par' dir='ltr' id='par_1_1' title="bbox 424 598 495 670">
     <span class='ocr_line' id='line_1_1' title="bbox 424 598 495 670; baseline 0.028 -2"><span class='ocrx_word' id='word_1_1' title='bbox 424 598 495 670; x_wconf 66' lang='lat'><strong>1234</strong></span> 
     </span>
    </p>
   </div>
   <div class='ocr_carea' id='block_1_2' title="bbox 422 796 1631 1252">
    <p class='ocr_par' dir='ltr' id='par_1_2' title="bbox 422 796 1631 1252">
     <span class='ocr_line' id='line_1_2' title="bbox 423 796 1629 893; baseline -0.003 -25"><span class='ocrx_word' id='word_1_2' title='bbox 423 799 645 893; x_wconf 79' lang='lat' dir='ltr'>impedissent.</span> <span class='ocrx_word' id='word_1_3' title='bbox 688 798 725 867; x_wconf 95' lang='lat' dir='ltr'><strong>ld</strong></span> <span class='ocrx_word' id='word_1_4' title='bbox 742 819 812 866; x_wconf 91' lang='lat' dir='ltr'><strong>esse</strong></span> <span class='ocrx_word' id='word_1_5' title='bbox 836 797 937 866; x_wconf 89' lang='lat' dir='ltr'><strong>cellas</strong></span> <span class='ocrx_word' id='word_1_6' title='bbox 955 796 1113 887; x_wconf 88' lang='lat' dir='ltr'><strong>quasdam</strong></span> <span class='ocrx_word' id='word_1_7' title='bbox 1132 807 1164 866; x_wconf 90' lang='lat' dir='ltr'><strong>et</strong></span> <span class='ocrx_word' id='word_1_8' title='bbox 1189 796 1359 878; x_wconf 83' lang='lat' dir='ltr'><strong>cisternas,</strong></span> <span class='ocrx_word' id='word_1_9' title='bbox 1385 818 1476 888; x_wconf 88' lang='lat' dir='ltr'><strong>qnae</strong></span> <span class='ocrx_word' id='word_1_10' title='bbox 1504 797 1539 868; x_wconf 92' lang='lat' dir='ltr'><strong>in</strong></span> <span class='ocrx_word' id='word_1_11' title='bbox 1558 817 1629 867; x_wconf 87' lang='lat' dir='ltr'><strong>area</strong></span> 
     </span>
     <span class='ocr_line' id='line_1_3' title="bbox 422 923 1631 1016; baseline -0.005 -20"><span class='ocrx_word' id='word_1_12' title='bbox 422 928 483 996; x_wconf 91' lang='lat' dir='ltr'><strong>sub</strong></span> <span class='ocrx_word' id='word_1_13' title='bbox 509 938 597 996; x_wconf 91' lang='lat' dir='ltr'><strong>terra</strong></span> <span class='ocrx_word' id='word_1_14' title='bbox 622 936 741 1004; x_wconf 90' lang='lat' dir='ltr'><strong>essent,</strong></span> <span class='ocrx_word' id='word_1_15' title='bbox 775 924 833 994; x_wconf 91' lang='lat' dir='ltr'><strong>ubi</strong></span> <span class='ocrx_word' id='word_1_16' title='bbox 859 923 974 1016; x_wconf 89' lang='lat' dir='ltr'><strong>reponi</strong></span> <span class='ocrx_word' id='word_1_17' title='bbox 1005 924 1151 992; x_wconf 80' lang='lat' dir='ltr'><strong>solerent</strong></span> <span class='ocrx_word' id='word_1_18' title='bbox 1184 923 1280 1014; x_wconf 89' lang='lat' dir='ltr'><strong>signa</strong></span> <span class='ocrx_word' id='word_1_19' title='bbox 1312 935 1436 1004; x_wconf 90' lang='lat' dir='ltr'><strong>vetera,</strong></span> <span class='ocrx_word' id='word_1_20' title='bbox 1477 945 1567 1016; x_wconf 89' lang='lat' dir='ltr'><strong>quae</strong></span> <span class='ocrx_word' id='word_1_21' title='bbox 1591 945 1631 991; x_wconf 82' lang='lat' dir='ltr'><strong>ex</strong></span> 
     </span>
     <span class='ocr_line' id='line_1_4' title="bbox 424 1046 1631 1144; baseline -0.006 -23"><span class='ocrx_word' id='word_1_22' title='bbox 424 1075 464 1121; x_wconf 91' lang='lat' dir='ltr'><strong>eo</strong></span> <span class='ocrx_word' id='word_1_23' title='bbox 490 1053 615 1144; x_wconf 90' lang='lat' dir='ltr'><strong>templo</strong></span> <span class='ocrx_word' id='word_1_24' title='bbox 641 1050 784 1142; x_wconf 88' lang='lat' dir='ltr'><strong>collapsa</strong></span> <span class='ocrx_word' id='word_1_25' title='bbox 817 1059 925 1117; x_wconf 78' lang='lat' dir='ltr'>essent</span> <span class='ocrx_word' id='word_1_26' title='bbox 958 1057 990 1116; x_wconf 87' lang='lat' dir='ltr'><strong>et</strong></span> <span class='ocrx_word' id='word_1_27' title='bbox 1014 1046 1080 1116; x_wconf 88' lang='lat' dir='ltr'><strong>alia</strong></span> <span class='ocrx_word' id='word_1_28' title='bbox 1106 1048 1270 1140; x_wconf 80' lang='lat' dir='ltr'>quaedam</span> <span class='ocrx_word' id='word_1_29' title='bbox 1296 1047 1459 1138; x_wconf 88' lang='lat' dir='ltr'><strong>religiosa</strong></span> <span class='ocrx_word' id='word_1_30' title='bbox 1492 1070 1512 1114; x_wconf 94' lang='lat' dir='ltr'><strong>e</strong></span> <span class='ocrx_word' id='word_1_31' title='bbox 1539 1046 1631 1115; x_wconf 91' lang='lat' dir='ltr'><strong>donis</strong></span> 
     </span>
     <span class='ocr_line' id='line_1_5' title="bbox 424 1170 1631 1252; baseline -0.005 -6"><span class='ocrx_word' id='word_1_32' title='bbox 424 1176 622 1247; x_wconf 89' lang='lat' dir='ltr'><strong>consecratis</strong></span> <span class='ocrx_word' id='word_1_33' title='bbox 648 1186 709 1243; x_wconf 92' lang='lat' dir='ltr'><strong>etc.</strong></span> <span class='ocrx_word' id='word_1_34' title='bbox 749 1173 871 1242; x_wconf 78' lang='lat' dir='ltr'><strong><em>Gellius</em></strong></span> <span class='ocrx_word' id='word_1_35' title='bbox 890 1171 926 1252; x_wconf 83' lang='lat'><strong>2,</strong></span> <span class='ocrx_word' id='word_1_36' title='bbox 957 1170 1011 1242; x_wconf 88' lang='grc'><strong>10.</strong></span> <span class='ocrx_word' id='word_1_37' title='bbox 1113 1171 1172 1238; x_wconf 81' lang='lat'><strong>72.</strong></span> <span class='ocrx_word' id='word_1_38' title='bbox 1198 1171 1305 1241; x_wconf 89' lang='lat' dir='ltr'><strong>Varro</strong></span> <span class='ocrx_word' id='word_1_39' title='bbox 1330 1170 1372 1239; x_wconf 91' lang='lat' dir='ltr'><strong>de</strong></span> <span class='ocrx_word' id='word_1_40' title='bbox 1399 1171 1504 1240; x_wconf 89' lang='lat' dir='ltr'><strong>rebus</strong></span> <span class='ocrx_word' id='word_1_41' title='bbox 1529 1172 1631 1240; x_wconf 89' lang='lat' dir='ltr'><strong>urba·</strong></span> 
     </span>
    </p>
   </div>
   <div class='ocr_carea' id='block_1_3' title="bbox 423 1293 1775 1758">
    <p class='ocr_par' dir='ltr' id='par_1_3' title="bbox 423 1293 1775 1758">
     <span class='ocr_line' id='line_1_6' title="bbox 423 1293 1775 1404; baseline -0.005 -34"><span class='ocrx_word' id='word_1_42' title='bbox 423 1302 475 1370; x_wconf 93' lang='lat' dir='ltr'><strong>nis</strong></span> <span class='ocrx_word' id='word_1_43' title='bbox 493 1300 606 1370; x_wconf 89' lang='lat' dir='ltr'><strong>tertio:</strong></span> <span class='ocrx_word' id='word_1_44' title='bbox 643 1301 799 1390; x_wconf 75' lang='lat' dir='ltr'><strong>Spartaco</strong></span> <span class='ocrx_word' id='word_1_45' title='bbox 821 1297 996 1365; x_wconf 76' lang='lat' dir='ltr'><strong>innocente</strong></span> <span class='ocrx_word' id='word_1_46' title='bbox 1021 1295 1169 1363; x_wconf 90' lang='lat' dir='ltr'><strong>coniecto</strong></span> <span class='ocrx_word' id='word_1_47' title='bbox 1190 1293 1231 1364; x_wconf 93' lang='lat' dir='ltr'><strong>ad</strong></span> <span class='ocrx_word' id='word_1_48' title='bbox 1253 1296 1489 1385; x_wconf 69' lang='lat' dir='ltr'><strong>gladiatorium</strong></span> <span class='ocrx_word' id='word_1_49' title='bbox 1505 1297 1630 1364; x_wconf 88' lang='lat' dir='ltr'><strong>ludum.</strong></span> <span class='ocrx_word' id='word_1_50' title='bbox 1774 1315 1775 1404; x_wconf 51' lang='lat' dir='ltr'><strong>j</strong></span> 
     </span>
     <span class='ocr_line' id='line_1_7' title="bbox 423 1409 1775 1520; baseline -0.004 -28"><span class='ocrx_word' id='word_1_51' title='bbox 423 1425 587 1493; x_wconf 63' lang='lat' dir='ltr'><strong>mactatus</strong></span> <span class='ocrx_word' id='word_1_52' title='bbox 620 1421 651 1502; x_wconf 98' lang='grc'>1,</span> <span class='ocrx_word' id='word_1_53' title='bbox 686 1420 746 1501; x_wconf 90' lang='grc'>21,</span> <span class='ocrx_word' id='word_1_54' title='bbox 783 1417 863 1490; x_wconf 87' lang='grc'>130.</span> <span class='ocrx_word' id='word_1_55' title='bbox 970 1416 1029 1488; x_wconf 86' lang='grc'><strong>73.</strong></span> <span class='ocrx_word' id='word_1_56' title='bbox 1064 1420 1201 1490; x_wconf 87' lang='lat' dir='ltr'><strong>Memini</strong></span> <span class='ocrx_word' id='word_1_57' title='bbox 1233 1441 1288 1487; x_wconf 92' lang='lat' dir='ltr'><strong>me</strong></span> <span class='ocrx_word' id='word_1_58' title='bbox 1317 1419 1407 1512; x_wconf 91' lang='lat' dir='ltr'><strong>apud</strong></span> <span class='ocrx_word' id='word_1_59' title='bbox 1443 1422 1630 1490; x_wconf 87' lang='lat' dir='ltr'><strong>Varronem</strong></span> <span class='ocrx_word' id='word_1_60' title='bbox 1722 1517 1724 1520; x_wconf 16' lang='grc' dir='ltr'>Ι</span> <span class='ocrx_word' id='word_1_61' title='bbox 1774 1409 1775 1500; x_wconf 34' lang='grc' dir='ltr'>ζ</span> 
     </span>
     <span class='ocr_line' id='line_1_8' title="bbox 423 1525 1775 1640; baseline -0.002 -24"><span class='ocrx_word' id='word_1_62' title='bbox 423 1545 671 1640; x_wconf 89' lang='lat' dir='ltr'><strong>philosophum,</strong></span> <span class='ocrx_word' id='word_1_63' title='bbox 710 1546 818 1614; x_wconf 89' lang='lat' dir='ltr'><strong>virum</strong></span> <span class='ocrx_word' id='word_1_64' title='bbox 857 1544 1104 1613; x_wconf 79' lang='lat' dir='ltr'><strong>accuratissime</strong></span> <span class='ocrx_word' id='word_1_65' title='bbox 1141 1543 1274 1613; x_wconf 89' lang='lat' dir='ltr'><strong>doctum</strong></span> <span class='ocrx_word' id='word_1_66' title='bbox 1312 1555 1412 1637; x_wconf 87' lang='lat' dir='ltr'><strong>atque</strong></span> <span class='ocrx_word' id='word_1_67' title='bbox 1450 1544 1628 1626; x_wconf 87' lang='lat' dir='ltr'><strong>eruditum,</strong></span> <span class='ocrx_word' id='word_1_68' title='bbox 1774 1525 1775 1556; x_wconf 58' lang='lat'>³</span> 
     </span>
     <span class='ocr_line' id='line_1_9' title="bbox 424 1665 1775 1758; baseline -0.002 -19"><span class='ocrx_word' id='word_1_69' title='bbox 424 1695 500 1741; x_wconf 91' lang='lat' dir='ltr'><strong>cnm</strong></span> <span class='ocrx_word' id='word_1_70' title='bbox 526 1670 592 1741; x_wconf 91' lang='lat' dir='ltr'><strong>alia</strong></span> <span class='ocrx_word' id='word_1_71' title='bbox 618 1667 780 1738; x_wconf 90' lang='lat' dir='ltr'><strong>eiusmodi</strong></span> <span class='ocrx_word' id='word_1_72' title='bbox 806 1679 873 1736; x_wconf 89' lang='lat' dir='ltr'><strong>tum</strong></span> <span class='ocrx_word' id='word_1_73' title='bbox 897 1665 958 1736; x_wconf 91' lang='lat' dir='ltr'><strong>boc</strong></span> <span class='ocrx_word' id='word_1_74' title='bbox 981 1667 1080 1735; x_wconf 90' lang='lat' dir='ltr'><strong>etiam</strong></span> <span class='ocrx_word' id='word_1_75' title='bbox 1099 1668 1231 1758; x_wconf 88' lang='lat' dir='ltr'><strong>legere:</strong></span> <span class='ocrx_word' id='word_1_76' title='bbox 1265 1669 1431 1738; x_wconf 83' lang='lat' dir='ltr'><strong>Trallibus</strong></span> <span class='ocrx_word' id='word_1_77' title='bbox 1450 1669 1493 1738; x_wconf 92' lang='lat' dir='ltr'><strong>de</strong></span> <span class='ocrx_word' id='word_1_78' title='bbox 1513 1679 1629 1739; x_wconf 84' lang='lat' dir='ltr'><strong>eventu</strong></span> <span class='ocrx_word' id='word_1_79' title='bbox 1774 1691 1775 1716; x_wconf 60' lang='lat'>¹</span> 
     </span>
    </p>
   </div>
   <div class='ocr_carea' id='block_1_4' title="bbox 423 1792 1629 3507">
    <p class='ocr_par' dir='ltr' id='par_1_4' title="bbox 423 1792 1629 3507">
     <span class='ocr_line' id='line_1_10' title="bbox 423 1792 1627 1886; baseline -0.003 -20"><span class='ocrx_word' id='word_1_80' title='bbox 423 1795 633 1868; x_wconf 70' lang='lat' dir='ltr'><strong>Mithridatici</strong></span> <span class='ocrx_word' id='word_1_81' title='bbox 658 1792 738 1862; x_wconf 92' lang='lat' dir='ltr'><strong>belli</strong></span> <span class='ocrx_word' id='word_1_82' title='bbox 764 1793 894 1883; x_wconf 90' lang='lat' dir='ltr'><strong>magica</strong></span> <span class='ocrx_word' id='word_1_83' title='bbox 920 1793 1166 1885; x_wconf 86' lang='lat' dir='ltr'><strong>percontatione</strong></span> <span class='ocrx_word' id='word_1_84' title='bbox 1190 1794 1460 1874; x_wconf 84' lang='lat' dir='ltr'><strong>consultantibus,</strong></span> <span class='ocrx_word' id='word_1_85' title='bbox 1487 1815 1627 1886; x_wconf 89' lang='lat' dir='ltr'><strong>puerum</strong></span> 
     </span>
     <span class='ocr_line' id='line_1_11' title="bbox 424 1915 1629 2014; baseline -0.003 -25"><span class='ocrx_word' id='word_1_86' title='bbox 424 1921 457 1990; x_wconf 93' lang='lat' dir='ltr'><strong>in</strong></span> <span class='ocrx_word' id='word_1_87' title='bbox 476 1943 561 2014; x_wconf 91' lang='lat' dir='ltr'><strong>aqua</strong></span> <span class='ocrx_word' id='word_1_88' title='bbox 579 1919 791 1988; x_wconf 88' lang='lat' dir='ltr'><strong>simulacrum</strong></span> <span class='ocrx_word' id='word_1_89' title='bbox 810 1915 968 1989; x_wconf 88' lang='lat' dir='ltr'><strong>Mercurii</strong></span> <span class='ocrx_word' id='word_1_90' title='bbox 986 1917 1275 2008; x_wconf 86' lang='lat' dir='ltr'><strong>contemplantem,</strong></span> <span class='ocrx_word' id='word_1_91' title='bbox 1302 1940 1388 2007; x_wconf 87' lang='lat' dir='ltr'><strong>quae</strong></span> <span class='ocrx_word' id='word_1_92' title='bbox 1407 1918 1521 1988; x_wconf 88' lang='lat' dir='ltr'><strong>lutura</strong></span> <span class='ocrx_word' id='word_1_93' title='bbox 1539 1928 1629 1987; x_wconf 87' lang='lat' dir='ltr'><strong>erant</strong></span> 
     </span>
     <span class='ocr_line' id='line_1_12' title="bbox 425 2041 1627 2134; baseline -0.005 -20"><span class='ocrx_word' id='word_1_94' title='bbox 425 2046 511 2115; x_wconf 86' lang='lat' dir='ltr'><strong>CLX</strong></span> <span class='ocrx_word' id='word_1_95' title='bbox 536 2043 685 2113; x_wconf 90' lang='lat' dir='ltr'><strong>versibus</strong></span> <span class='ocrx_word' id='word_1_96' title='bbox 718 2042 888 2112; x_wconf 88' lang='lat' dir='ltr'><strong>cecinisse.</strong></span> <span class='ocrx_word' id='word_1_97' title='bbox 941 2043 1089 2133; x_wconf 88' lang='lat' dir='ltr'><strong>Itemque</strong></span> <span class='ocrx_word' id='word_1_98' title='bbox 1123 2041 1283 2121; x_wconf 91' lang='lat' dir='ltr'><strong>Fabium,</strong></span> <span class='ocrx_word' id='word_1_99' title='bbox 1318 2065 1393 2111; x_wconf 92' lang='lat' dir='ltr'><strong>cum</strong></span> <span class='ocrx_word' id='word_1_100' title='bbox 1426 2043 1627 2134; x_wconf 88' lang='lat' dir='ltr'><strong>quingentos</strong></span> 
     </span>
     <span class='ocr_line' id='line_1_13' title="bbox 423 2165 1627 2259; baseline -0.004 -21"><span class='ocrx_word' id='word_1_101' title='bbox 423 2168 598 2238; x_wconf 89' lang='lat' dir='ltr'><strong>denarium</strong></span> <span class='ocrx_word' id='word_1_102' title='bbox 623 2166 828 2259; x_wconf 85' lang='lat' dir='ltr'><strong>perdidisset,</strong></span> <span class='ocrx_word' id='word_1_103' title='bbox 856 2165 898 2234; x_wconf 92' lang='lat' dir='ltr'><strong>ad</strong></span> <span class='ocrx_word' id='word_1_104' title='bbox 924 2165 1094 2256; x_wconf 83' lang='lat' dir='ltr'><strong>Nigidium</strong></span> <span class='ocrx_word' id='word_1_105' title='bbox 1121 2166 1306 2235; x_wconf 88' lang='lat' dir='ltr'><strong>consultum</strong></span> <span class='ocrx_word' id='word_1_106' title='bbox 1331 2168 1480 2247; x_wconf 80' lang='lat' dir='ltr'><strong>venisse3</strong></span> <span class='ocrx_word' id='word_1_107' title='bbox 1520 2167 1563 2236; x_wconf 95' lang='lat' dir='ltr'><strong>ab</strong></span> <span class='ocrx_word' id='word_1_108' title='bbox 1589 2187 1627 2233; x_wconf 90' lang='lat' dir='ltr'><strong>en</strong></span> 
     </span>
     <span class='ocr_line' id='line_1_14' title="bbox 423 2291 1627 2385; baseline -0.003 -22"><span class='ocrx_word' id='word_1_109' title='bbox 423 2316 543 2385; x_wconf 90' lang='lat' dir='ltr'><strong>pueros</strong></span> <span class='ocrx_word' id='word_1_110' title='bbox 568 2293 715 2363; x_wconf 87' lang='lat' dir='ltr'><strong>carmine</strong></span> <span class='ocrx_word' id='word_1_111' title='bbox 743 2293 910 2361; x_wconf 92' lang='lat' dir='ltr'><strong>instinctos</strong></span> <span class='ocrx_word' id='word_1_112' title='bbox 936 2291 1132 2362; x_wconf 87' lang='lat' dir='ltr'><strong>indicavisse</strong></span> <span class='ocrx_word' id='word_1_113' title='bbox 1155 2293 1211 2362; x_wconf 90' lang='lat' dir='ltr'><strong>ubi</strong></span> <span class='ocrx_word' id='word_1_114' title='bbox 1231 2292 1379 2362; x_wconf 90' lang='lat' dir='ltr'><strong>locorum</strong></span> <span class='ocrx_word' id='word_1_115' title='bbox 1398 2292 1528 2362; x_wconf 78' lang='lat' dir='ltr'><strong>defossa</strong></span> <span class='ocrx_word' id='word_1_116' title='bbox 1545 2303 1627 2362; x_wconf 89' lang='lat' dir='ltr'><strong>esset</strong></span> 
     </span>
     <span class='ocr_line' id='line_1_15' title="bbox 424 2415 1627 2510; baseline -0.002 -23"><span class='ocrx_word' id='word_1_117' title='bbox 424 2441 581 2488; x_wconf 85' lang='lat' dir='ltr'><strong>crumena</strong></span> <span class='ocrx_word' id='word_1_118' title='bbox 606 2441 681 2486; x_wconf 91' lang='lat' dir='ltr'><strong>cnm</strong></span> <span class='ocrx_word' id='word_1_119' title='bbox 708 2418 791 2510; x_wconf 86' lang='lat' dir='ltr'><strong>parti</strong></span> <span class='ocrx_word' id='word_1_120' title='bbox 817 2439 945 2497; x_wconf 91' lang='lat' dir='ltr'><strong>eorum,</strong></span> <span class='ocrx_word' id='word_1_121' title='bbox 984 2415 1087 2484; x_wconf 89' lang='lat' dir='ltr'><strong>ceteri</strong></span> <span class='ocrx_word' id='word_1_122' title='bbox 1113 2426 1149 2484; x_wconf 90' lang='lat' dir='ltr'><strong>ut</strong></span> <span class='ocrx_word' id='word_1_123' title='bbox 1174 2417 1282 2484; x_wconf 88' lang='lat' dir='ltr'><strong>iurent</strong></span> <span class='ocrx_word' id='word_1_124' title='bbox 1307 2415 1486 2496; x_wconf 88' lang='lat' dir='ltr'><strong>distributi,</strong></span> <span class='ocrx_word' id='word_1_125' title='bbox 1525 2439 1627 2487; x_wconf 90' lang='lat' dir='ltr'><strong>unum</strong></span> 
     </span>
     <span class='ocr_line' id='line_1_16' title="bbox 425 2540 1626 2635; baseline 0 -23"><span class='ocrx_word' id='word_1_126' title='bbox 425 2545 523 2613; x_wconf 90' lang='lat' dir='ltr'><strong>ctiam</strong></span> <span class='ocrx_word' id='word_1_127' title='bbox 549 2542 722 2613; x_wconf 89' lang='lat' dir='ltr'><strong>denarium</strong></span> <span class='ocrx_word' id='word_1_128' title='bbox 749 2567 791 2612; x_wconf 82' lang='lat' dir='ltr'><strong>ex</strong></span> <span class='ocrx_word' id='word_1_129' title='bbox 817 2565 857 2612; x_wconf 92' lang='lat' dir='ltr'><strong>eo</strong></span> <span class='ocrx_word' id='word_1_130' title='bbox 882 2565 1022 2611; x_wconf 89' lang='lat' dir='ltr'><strong>numero</strong></span> <span class='ocrx_word' id='word_1_131' title='bbox 1046 2540 1170 2611; x_wconf 89' lang='lat' dir='ltr'><strong>babere</strong></span> <span class='ocrx_word' id='word_1_132' title='bbox 1191 2545 1350 2614; x_wconf 88' lang='lat' dir='ltr'><strong>Catonem</strong></span> <span class='ocrx_word' id='word_1_133' title='bbox 1373 2542 1626 2635; x_wconf 90' lang='lat' dir='ltr'><strong>pbilosnpbnm;</strong></span> 
     </span>
     <span class='ocr_line' id='line_1_17' title="bbox 425 2666 1627 2760; baseline -0.002 -22"><span class='ocrx_word' id='word_1_134' title='bbox 425 2691 525 2759; x_wconf 92' lang='lat' dir='ltr'><strong>quem</strong></span> <span class='ocrx_word' id='word_1_135' title='bbox 551 2691 586 2736; x_wconf 90' lang='lat' dir='ltr'><strong>sc</strong></span> <span class='ocrx_word' id='word_1_136' title='bbox 612 2691 630 2736; x_wconf 91' lang='lat' dir='ltr'><strong>a</strong></span> <span class='ocrx_word' id='word_1_137' title='bbox 658 2666 840 2760; x_wconf 86' lang='lat' dir='ltr'><strong>pedisequo</strong></span> <span class='ocrx_word' id='word_1_138' title='bbox 872 2667 906 2734; x_wconf 93' lang='lat' dir='ltr'><strong>in</strong></span> <span class='ocrx_word' id='word_1_139' title='bbox 940 2667 1023 2760; x_wconf 89' lang='lat' dir='ltr'><strong>stipe</strong></span> <span class='ocrx_word' id='word_1_140' title='bbox 1049 2666 1215 2760; x_wconf 81' lang='lat' dir='ltr'><strong>Apollinis</strong></span> <span class='ocrx_word' id='word_1_141' title='bbox 1247 2666 1412 2759; x_wconf 90' lang='lat' dir='ltr'><strong>accepisse</strong></span> <span class='ocrx_word' id='word_1_142' title='bbox 1438 2668 1522 2738; x_wconf 86' lang='lat' dir='ltr'><strong>Cato</strong></span> <span class='ocrx_word' id='word_1_143' title='bbox 1549 2691 1627 2736; x_wconf 91' lang='lat' dir='ltr'><strong>con·</strong></span> 
     </span>
     <span class='ocr_line' id='line_1_18' title="bbox 426 2788 1625 2883; baseline -0.001 -21"><span class='ocrx_word' id='word_1_144' title='bbox 426 2793 528 2862; x_wconf 87' lang='lat' dir='ltr'><strong>lessus</strong></span> <span class='ocrx_word' id='word_1_145' title='bbox 556 2804 614 2860; x_wconf 87' lang='lat' dir='ltr'><strong>est.</strong></span> <span class='ocrx_word' id='word_1_146' title='bbox 660 2790 811 2883; x_wconf 84' lang='lat' dir='ltr'><strong>Apuleius</strong></span> <span class='ocrx_word' id='word_1_147' title='bbox 837 2793 875 2859; x_wconf 87' lang='lat' dir='ltr'><strong>de</strong></span> <span class='ocrx_word' id='word_1_148' title='bbox 905 2793 1014 2881; x_wconf 80' lang='lat' dir='ltr'><strong>anapia</strong></span> <span class='ocrx_word' id='word_1_149' title='bbox 1043 2791 1074 2872; x_wconf 88' lang='lat'><strong>1,</strong></span> <span class='ocrx_word' id='word_1_150' title='bbox 1101 2788 1160 2861; x_wconf 81' lang='lat'><strong>42.</strong></span> <span class='ocrx_word' id='word_1_151' title='bbox 1207 2793 1314 2861; x_wconf 89' lang='lat' dir='ltr'><strong>Docet</strong></span> <span class='ocrx_word' id='word_1_152' title='bbox 1337 2794 1443 2861; x_wconf 91' lang='lat' dir='ltr'><strong>Varus</strong></span> <span class='ocrx_word' id='word_1_153' title='bbox 1470 2788 1625 2878; x_wconf 81' lang='lat' dir='ltr'><strong>[Varrol]</strong></span> 
     </span>
     <span class='ocr_line' id='line_1_19' title="bbox 425 2915 1626 3010; baseline -0.001 -23"><span class='ocrx_word' id='word_1_154' title='bbox 425 2941 492 3010; x_wconf 91' lang='lat' dir='ltr'><strong>quo</strong></span> <span class='ocrx_word' id='word_1_155' title='bbox 517 2915 657 2986; x_wconf 88' lang='lat' dir='ltr'><strong>artificio</strong></span> <span class='ocrx_word' id='word_1_156' title='bbox 678 2926 921 3006; x_wconf 87' lang='lat' dir='ltr'><strong>unguentorum</strong></span> <span class='ocrx_word' id='word_1_157' title='bbox 940 2915 1007 2996; x_wconf 87' lang='lat' dir='ltr'><strong>fiat,</strong></span> <span class='ocrx_word' id='word_1_158' title='bbox 1035 2926 1071 2984; x_wconf 91' lang='lat' dir='ltr'><strong>ut</strong></span> <span class='ocrx_word' id='word_1_159' title='bbox 1095 2926 1283 3006; x_wconf 88' lang='lat' dir='ltr'><strong>praesentes</strong></span> <span class='ocrx_word' id='word_1_160' title='bbox 1308 2916 1480 2986; x_wconf 88' lang='lat' dir='ltr'><strong>videamus</strong></span> <span class='ocrx_word' id='word_1_161' title='bbox 1508 2917 1626 2986; x_wconf 90' lang='lat' dir='ltr'><strong>immu-</strong></span> 
     </span>
     <span class='ocr_line' id='line_1_20' title="bbox 426 3040 1626 3133; baseline -0.002 -21"><span class='ocrx_word' id='word_1_162' title='bbox 426 3053 519 3113; x_wconf 88' lang='lat' dir='ltr'><strong>tatos.</strong></span> <span class='ocrx_word' id='word_1_163' title='bbox 551 3040 1168 3132; x_wconf 74' lang='lat' dir='ltr'><strong>olympiodorust&#39;uPlutont&#39;stacdon.</strong></span> <span class='ocrx_word' id='word_1_164' title='bbox 1184 3066 1218 3133; x_wconf 92' lang='lat' dir='ltr'><strong>p.</strong></span> <span class='ocrx_word' id='word_1_165' title='bbox 1236 3040 1283 3111; x_wconf 79' lang='grc'><strong>79</strong></span> <span class='ocrx_word' id='word_1_166' title='bbox 1296 3041 1340 3109; x_wconf 93' lang='lat' dir='ltr'><strong>D.</strong></span> <span class='ocrx_word' id='word_1_167' title='bbox 1436 3042 1496 3110; x_wconf 70' lang='lat' dir='ltr'><strong>ll.</strong></span> <span class='ocrx_word' id='word_1_168' title='bbox 1525 3043 1626 3112; x_wconf 87' lang='grc'>73110</span> 
     </span>
     <span class='ocr_line' id='line_1_21' title="bbox 426 3161 1626 3256; baseline -0.002 -21"><span class='ocrx_word' id='word_1_169' title='bbox 426 3166 460 3235; x_wconf 92' lang='lat' dir='ltr'><strong>in</strong></span> <span class='ocrx_word' id='word_1_170' title='bbox 487 3164 572 3235; x_wconf 91' lang='lat' dir='ltr'><strong>libro</strong></span> <span class='ocrx_word' id='word_1_171' title='bbox 599 3185 699 3256; x_wconf 89' lang='lat' dir='ltr'><strong>quem</strong></span> <span class='ocrx_word' id='word_1_172' title='bbox 726 3161 767 3230; x_wconf 89' lang='lat' dir='ltr'><strong>de</strong></span> <span class='ocrx_word' id='word_1_173' title='bbox 794 3162 978 3232; x_wconf 89' lang='lat' dir='ltr'><strong>litoralibus</strong></span> <span class='ocrx_word' id='word_1_174' title='bbox 1005 3165 1092 3244; x_wconf 86' lang='lat' dir='ltr'><strong>lecit,</strong></span> <span class='ocrx_word' id='word_1_175' title='bbox 1128 3163 1229 3232; x_wconf 91' lang='lat' dir='ltr'><strong>etiam</strong></span> <span class='ocrx_word' id='word_1_176' title='bbox 1256 3164 1322 3232; x_wconf 91' lang='lat' dir='ltr'><strong>suis</strong></span> <span class='ocrx_word' id='word_1_177' title='bbox 1347 3166 1555 3256; x_wconf 87' lang='lat' dir='ltr'><strong>temporibus</strong></span> <span class='ocrx_word' id='word_1_178' title='bbox 1579 3165 1626 3234; x_wconf 86' lang='lat' dir='ltr'><strong>al·</strong></span> 
     </span>
     <span class='ocr_line' id='line_1_22' title="bbox 426 3287 1625 3382; baseline -0.002 -22"><span class='ocrx_word' id='word_1_179' title='bbox 426 3291 537 3360; x_wconf 87' lang='lat' dir='ltr'><strong>firmat</strong></span> <span class='ocrx_word' id='word_1_180' title='bbox 564 3290 752 3382; x_wconf 89' lang='lat' dir='ltr'><strong>sepulcrum</strong></span> <span class='ocrx_word' id='word_1_181' title='bbox 784 3289 868 3358; x_wconf 89' lang='lat' dir='ltr'><strong>lovis</strong></span> <span class='ocrx_word' id='word_1_182' title='bbox 902 3289 947 3358; x_wconf 90' lang='lat' dir='ltr'><strong>ibi</strong></span> <span class='ocrx_word' id='word_1_183' title='bbox 986 3287 1037 3374; x_wconf 94' lang='lat' dir='ltr'><strong>[in</strong></span> <span class='ocrx_word' id='word_1_184' title='bbox 1064 3300 1174 3360; x_wconf 91' lang='lat' dir='ltr'><strong>monte</strong></span> <span class='ocrx_word' id='word_1_185' title='bbox 1200 3289 1256 3359; x_wconf 91' lang='lat' dir='ltr'><strong>lda</strong></span> <span class='ocrx_word' id='word_1_186' title='bbox 1283 3290 1414 3374; x_wconf 85' lang='lat' dir='ltr'><strong>Cretae]</strong></span> <span class='ocrx_word' id='word_1_187' title='bbox 1450 3292 1625 3360; x_wconf 84' lang='lat' dir='ltr'><strong>visitatum.</strong></span> 
     </span>
     <span class='ocr_line' id='line_1_23' title="bbox 426 3410 1626 3507; baseline 0 -23"><span class='ocrx_word' id='word_1_188' title='bbox 426 3415 554 3484; x_wconf 87' lang='lat' dir='ltr'><strong>Solinus</strong></span> <span class='ocrx_word' id='word_1_189' title='bbox 586 3415 693 3507; x_wconf 80' lang='lat' dir='ltr'><strong>polyb.</strong></span> <span class='ocrx_word' id='word_1_190' title='bbox 724 3413 780 3483; x_wconf 84' lang='grc'><strong>17.</strong></span> <span class='ocrx_word' id='word_1_191' title='bbox 883 3413 942 3482; x_wconf 88' lang='grc'><strong>75.</strong></span> <span class='ocrx_word' id='word_1_192' title='bbox 975 3416 1138 3482; x_wconf 89' lang='lat' dir='ltr'><strong>Haustum</strong></span> <span class='ocrx_word' id='word_1_193' title='bbox 1178 3410 1322 3506; x_wconf 88' lang='lat' dir='ltr'><strong>[Caspii]</strong></span> <span class='ocrx_word' id='word_1_194' title='bbox 1361 3415 1464 3484; x_wconf 91' lang='lat' dir='ltr'><strong>maris</strong></span> <span class='ocrx_word' id='word_1_195' title='bbox 1496 3416 1626 3485; x_wconf 88' lang='lat' dir='ltr'><strong>dulcem</strong></span> 
     </span>
    </p>
   </div>
   <div class='ocr_carea' id='block_1_5' title="bbox 425 3537 1775 4007">
    <p class='ocr_par' dir='ltr' id='par_1_5' title="bbox 425 3537 1775 4007">
     <span class='ocr_line' id='line_1_24' title="bbox 426 3537 1775 3634; baseline 0.001 -27"><span class='ocrx_word' id='word_1_196' title='bbox 426 3561 497 3608; x_wconf 91' lang='lat' dir='ltr'><strong>esse</strong></span> <span class='ocrx_word' id='word_1_197' title='bbox 524 3549 555 3607; x_wconf 90' lang='lat' dir='ltr'><strong>et</strong></span> <span class='ocrx_word' id='word_1_198' title='bbox 579 3538 772 3607; x_wconf 83' lang='lat' dir='ltr'><strong>Alexander</strong></span> <span class='ocrx_word' id='word_1_199' title='bbox 797 3541 937 3627; x_wconf 82' lang='lat' dir='ltr'><strong>Magnus</strong></span> <span class='ocrx_word' id='word_1_200' title='bbox 968 3537 1128 3630; x_wconf 85' lang='lat' dir='ltr'><strong>prodidit,</strong></span> <span class='ocrx_word' id='word_1_201' title='bbox 1167 3548 1200 3606; x_wconf 92' lang='lat' dir='ltr'><strong>et</strong></span> <span class='ocrx_word' id='word_1_202' title='bbox 1224 3538 1267 3607; x_wconf 88' lang='grc' dir='ltr'><strong>Μ.</strong></span> <span class='ocrx_word' id='word_1_203' title='bbox 1292 3539 1400 3608; x_wconf 89' lang='grc'>73110</span> <span class='ocrx_word' id='word_1_204' title='bbox 1425 3539 1527 3607; x_wconf 88' lang='lat' dir='ltr'><strong>talem</strong></span> <span class='ocrx_word' id='word_1_205' title='bbox 1553 3563 1628 3631; x_wconf 92' lang='lat' dir='ltr'><strong>pcr-</strong></span> <span class='ocrx_word' id='word_1_206' title='bbox 1774 3603 1775 3634; x_wconf 53' lang='lat'><strong>,</strong></span> 
     </span>
     <span class='ocr_line' id='line_1_25' title="bbox 425 3635 1775 3754; baseline -0.001 -22"><span class='ocrx_word' id='word_1_207' title='bbox 425 3665 529 3732; x_wconf 88' lang='lat' dir='ltr'><strong>latum</strong></span> <span class='ocrx_word' id='word_1_208' title='bbox 552 3662 709 3754; x_wconf 88' lang='lat' dir='ltr'><strong>Pompeio</strong></span> <span class='ocrx_word' id='word_1_209' title='bbox 735 3663 826 3732; x_wconf 85' lang='lat' dir='ltr'><strong>iuxta</strong></span> <span class='ocrx_word' id='word_1_210' title='bbox 851 3684 904 3730; x_wconf 91' lang='lat' dir='ltr'><strong>res</strong></span> <span class='ocrx_word' id='word_1_211' title='bbox 931 3661 1059 3752; x_wconf 86' lang='lat' dir='ltr'><strong>gerenti</strong></span> <span class='ocrx_word' id='word_1_212' title='bbox 1084 3660 1305 3732; x_wconf 88' lang='lat' dir='ltr'><strong>Mithridatico</strong></span> <span class='ocrx_word' id='word_1_213' title='bbox 1331 3662 1431 3744; x_wconf 91' lang='lat' dir='ltr'><strong>bello,</strong></span> <span class='ocrx_word' id='word_1_214' title='bbox 1459 3663 1627 3754; x_wconf 87' lang='lat' dir='ltr'><strong>magnitu-</strong></span> <span class='ocrx_word' id='word_1_215' title='bbox 1774 3635 1775 3704; x_wconf 56' lang='lat' dir='ltr'><strong>l</strong></span> 
     </span>
     <span class='ocr_line' id='line_1_26' title="bbox 426 3787 1775 3859; baseline 0.001 -2"><span class='ocrx_word' id='word_1_216' title='bbox 426 3789 503 3857; x_wconf 94' lang='lat' dir='ltr'><strong>dine</strong></span> <span class='ocrx_word' id='word_1_217' title='bbox 530 3787 618 3858; x_wconf 90' lang='lat' dir='ltr'><strong>baud</strong></span> <span class='ocrx_word' id='word_1_218' title='bbox 645 3787 745 3857; x_wconf 94' lang='lat' dir='ltr'><strong>dubie</strong></span> <span class='ocrx_word' id='word_1_219' title='bbox 772 3788 983 3858; x_wconf 90' lang='lat' dir='ltr'><strong>inlluentium</strong></span> <span class='ocrx_word' id='word_1_220' title='bbox 1005 3787 1154 3856; x_wconf 91' lang='lat' dir='ltr'><strong>amnium</strong></span> <span class='ocrx_word' id='word_1_221' title='bbox 1180 3787 1266 3857; x_wconf 86' lang='lat' dir='ltr'><strong>victu</strong></span> <span class='ocrx_word' id='word_1_222' title='bbox 1288 3789 1368 3857; x_wconf 88' lang='lat' dir='ltr'><strong>sale.</strong></span> <span class='ocrx_word' id='word_1_223' title='bbox 1407 3788 1521 3859; x_wconf 79' lang='lat' dir='ltr'><strong>Adicit</strong></span> <span class='ocrx_word' id='word_1_224' title='bbox 1541 3790 1627 3859; x_wconf 91' lang='lat' dir='ltr'><strong>idem</strong></span> <span class='ocrx_word' id='word_1_225' title='bbox 1774 3803 1775 3806; x_wconf 76' lang='grc'>’</span> 
     </span>
     <span class='ocr_line' id='line_1_27' title="bbox 425 3911 1775 4007; baseline 0.001 -26"><span class='ocrx_word' id='word_1_226' title='bbox 425 3913 561 4005; x_wconf 88' lang='lat' dir='ltr'><strong>Pompei</strong></span> <span class='ocrx_word' id='word_1_227' title='bbox 578 3912 676 3981; x_wconf 92' lang='lat' dir='ltr'><strong>ductu</strong></span> <span class='ocrx_word' id='word_1_228' title='bbox 696 3914 914 4005; x_wconf 82' lang='lat' dir='ltr'><strong>exploratum,</strong></span> <span class='ocrx_word' id='word_1_229' title='bbox 941 3913 976 3981; x_wconf 92' lang='lat' dir='ltr'><strong>in</strong></span> <span class='ocrx_word' id='word_1_230' title='bbox 994 3913 1129 3981; x_wconf 86' lang='lat' dir='ltr'><strong>Bactros</strong></span> <span class='ocrx_word' id='word_1_231' title='bbox 1148 3913 1209 3982; x_wconf 91' lang='lat' dir='ltr'><strong>Vll</strong></span> <span class='ocrx_word' id='word_1_232' title='bbox 1228 3911 1344 3980; x_wconf 89' lang='lat' dir='ltr'><strong>dicbus</strong></span> <span class='ocrx_word' id='word_1_233' title='bbox 1370 3935 1412 3981; x_wconf 82' lang='lat' dir='ltr'><strong>ex</strong></span> <span class='ocrx_word' id='word_1_234' title='bbox 1431 3913 1526 3983; x_wconf 91' lang='lat' dir='ltr'><strong>lndia</strong></span> <span class='ocrx_word' id='word_1_235' title='bbox 1551 3939 1628 4007; x_wconf 91' lang='lat' dir='ltr'><strong>per·</strong></span> <span class='ocrx_word' id='word_1_236' title='bbox 1774 3985 1775 3996; x_wconf 54' lang='grc'>,</span> 
     </span>
    </p>
   </div>
   <div class='ocr_carea' id='block_1_6' title="bbox 426 4035 1628 4377">
    <p class='ocr_par' dir='ltr' id='par_1_6' title="bbox 426 4035 1628 4377">
     <span class='ocr_line' id='line_1_28' title="bbox 426 4035 1628 4132; baseline 0.001 -25"><span class='ocrx_word' id='word_1_237' title='bbox 426 4037 530 4107; x_wconf 92' lang='lat' dir='ltr'><strong>veniri</strong></span> <span class='ocrx_word' id='word_1_238' title='bbox 557 4035 598 4106; x_wconf 88' lang='lat' dir='ltr'><strong>ad</strong></span> <span class='ocrx_word' id='word_1_239' title='bbox 625 4039 753 4106; x_wconf 89' lang='lat' dir='ltr'><strong>Icarum</strong></span> <span class='ocrx_word' id='word_1_240' title='bbox 781 4038 904 4107; x_wconf 92' lang='lat' dir='ltr'><strong>llumen</strong></span> <span class='ocrx_word' id='word_1_241' title='bbox 931 4037 1019 4130; x_wconf 90' lang='lat' dir='ltr'><strong>quod</strong></span> <span class='ocrx_word' id='word_1_242' title='bbox 1046 4036 1080 4104; x_wconf 93' lang='lat' dir='ltr'><strong>in</strong></span> <span class='ocrx_word' id='word_1_243' title='bbox 1103 4037 1215 4106; x_wconf 82' lang='lat' dir='ltr'><strong>Oxum</strong></span> <span class='ocrx_word' id='word_1_244' title='bbox 1243 4036 1361 4106; x_wconf 90' lang='lat' dir='ltr'><strong>influat</strong></span> <span class='ocrx_word' id='word_1_245' title='bbox 1386 4048 1418 4105; x_wconf 93' lang='lat' dir='ltr'><strong>et</strong></span> <span class='ocrx_word' id='word_1_246' title='bbox 1445 4061 1487 4107; x_wconf 85' lang='lat' dir='ltr'><strong>ex</strong></span> <span class='ocrx_word' id='word_1_247' title='bbox 1509 4062 1550 4107; x_wconf 91' lang='lat' dir='ltr'><strong>eo</strong></span> <span class='ocrx_word' id='word_1_248' title='bbox 1571 4063 1628 4132; x_wconf 91' lang='lat' dir='ltr'><strong>per</strong></span> 
     </span>
     <span class='ocr_line' id='line_1_29' title="bbox 427 4160 1628 4254; baseline 0.001 -22"><span class='ocrx_word' id='word_1_249' title='bbox 427 4163 582 4254; x_wconf 86' lang='lat' dir='ltr'><strong>Caspium</strong></span> <span class='ocrx_word' id='word_1_250' title='bbox 608 4162 642 4230; x_wconf 93' lang='lat' dir='ltr'><strong>in</strong></span> <span class='ocrx_word' id='word_1_251' title='bbox 665 4162 788 4254; x_wconf 85' lang='lat' dir='ltr'><strong>Cyrum</strong></span> <span class='ocrx_word' id='word_1_252' title='bbox 815 4163 997 4242; x_wconf 86' lang='lat' dir='ltr'><strong>subvectos,</strong></span> <span class='ocrx_word' id='word_1_253' title='bbox 1033 4170 1065 4228; x_wconf 91' lang='lat' dir='ltr'><strong>et</strong></span> <span class='ocrx_word' id='word_1_254' title='bbox 1091 4161 1120 4230; x_wconf 93' lang='lat' dir='ltr'>V</span> <span class='ocrx_word' id='word_1_255' title='bbox 1146 4183 1211 4228; x_wconf 91' lang='lat' dir='ltr'><strong>non</strong></span> <span class='ocrx_word' id='word_1_256' title='bbox 1238 4160 1312 4252; x_wconf 92' lang='lat' dir='ltr'><strong>plus</strong></span> <span class='ocrx_word' id='word_1_257' title='bbox 1337 4160 1466 4230; x_wconf 91' lang='lat' dir='ltr'><strong>dierum</strong></span> <span class='ocrx_word' id='word_1_258' title='bbox 1500 4174 1628 4232; x_wconf 90' lang='lat' dir='ltr'><strong>terreno</strong></span> 
     </span>
     <span class='ocr_line' id='line_1_30' title="bbox 426 4285 1627 4377; baseline 0.002 -23"><span class='ocrx_word' id='word_1_259' title='bbox 426 4287 544 4356; x_wconf 90' lang='lat' dir='ltr'><strong>itinere</strong></span> <span class='ocrx_word' id='word_1_260' title='bbox 577 4285 617 4354; x_wconf 92' lang='lat' dir='ltr'><strong>ad</strong></span> <span class='ocrx_word' id='word_1_261' title='bbox 652 4287 783 4356; x_wconf 87' lang='lat' dir='ltr'><strong>Phasim</strong></span> <span class='ocrx_word' id='word_1_262' title='bbox 824 4287 857 4355; x_wconf 93' lang='lat' dir='ltr'><strong>in</strong></span> <span class='ocrx_word' id='word_1_263' title='bbox 892 4290 1029 4356; x_wconf 88' lang='lat' dir='ltr'><strong>Pontum</strong></span> <span class='ocrx_word' id='word_1_264' title='bbox 1063 4285 1190 4354; x_wconf 91' lang='lat' dir='ltr'><strong>lndicas</strong></span> <span class='ocrx_word' id='word_1_265' title='bbox 1221 4307 1316 4377; x_wconf 91' lang='lat' dir='ltr'><strong>posse</strong></span> <span class='ocrx_word' id='word_1_266' title='bbox 1350 4285 1469 4355; x_wconf 87' lang='lat' dir='ltr'><strong>devehi</strong></span> <span class='ocrx_word' id='word_1_267' title='bbox 1498 4289 1627 4357; x_wconf 89' lang='lat' dir='ltr'><strong>mercis.</strong></span> 
     </span>
    </p>
   </div>
   <div class='ocr_carea' id='block_1_7' title="bbox 427 4407 1628 4624">
    <p class='ocr_par' dir='ltr' id='par_1_7' title="bbox 427 4407 1628 4624">
     <span class='ocr_line' id='line_1_31' title="bbox 428 4407 1628 4500; baseline 0.003 -24"><span class='ocrx_word' id='word_1_268' title='bbox 428 4409 552 4478; x_wconf 79' lang='lat' dir='ltr'><strong>Plinius</strong></span> <span class='ocrx_word' id='word_1_269' title='bbox 577 4423 643 4478; x_wconf 87' lang='lat' dir='ltr'><strong>not.</strong></span> <span class='ocrx_word' id='word_1_270' title='bbox 667 4411 738 4478; x_wconf 85' lang='lat' dir='ltr'><strong>bist.</strong></span> <span class='ocrx_word' id='word_1_271' title='bbox 763 4407 797 4488; x_wconf 84' lang='grc'><strong>6,</strong></span> <span class='ocrx_word' id='word_1_272' title='bbox 828 4408 884 4491; x_wconf 81' lang='lat'><strong>17,</strong></span> <span class='ocrx_word' id='word_1_273' title='bbox 912 4408 956 4480; x_wconf 82' lang='lat'><strong>51</strong></span> <span class='ocrx_word' id='word_1_274' title='bbox 985 4433 1031 4499; x_wconf 87' lang='lat' dir='ltr'><strong>sp.</strong></span> <span class='ocrx_word' id='word_1_275' title='bbox 1079 4408 1208 4477; x_wconf 86' lang='lat' dir='ltr'><strong>Solinus</strong></span> <span class='ocrx_word' id='word_1_276' title='bbox 1232 4409 1336 4500; x_wconf 77' lang='lat' dir='ltr'><strong>polyb.</strong></span> <span class='ocrx_word' id='word_1_277' title='bbox 1368 4409 1426 4489; x_wconf 88' lang='grc'><strong>22,</strong></span> <span class='ocrx_word' id='word_1_278' title='bbox 1453 4412 1511 4480; x_wconf 81' lang='lat' dir='ltr'><strong>ubi</strong></span> <span class='ocrx_word' id='word_1_279' title='bbox 1531 4413 1628 4481; x_wconf 92' lang='lat' dir='ltr'><strong>Pom-</strong></span> 
     </span>
     <span class='ocr_line' id='line_1_32' title="bbox 427 4527 1628 4624; baseline 0.003 -23"><span class='ocrx_word' id='word_1_280' title='bbox 427 4533 503 4624; x_wconf 91' lang='lat' dir='ltr'><strong>peiu</strong></span> <span class='ocrx_word' id='word_1_281' title='bbox 523 4587 530 4602; x_wconf 94' lang='lat'>.</span> <span class='ocrx_word' id='word_1_282' title='bbox 549 4582 556 4600; x_wconf 88' lang='lat'><em>.</em></span> <span class='ocrx_word' id='word_1_283' title='bbox 576 4535 661 4603; x_wconf 91' lang='lat' dir='ltr'><strong>sicut</strong></span> <span class='ocrx_word' id='word_1_284' title='bbox 682 4534 863 4603; x_wconf 89' lang='lat' dir='ltr'><strong>commilito</strong></span> <span class='ocrx_word' id='word_1_285' title='bbox 886 4535 957 4603; x_wconf 91' lang='lat' dir='ltr'><strong>eius</strong></span> <span class='ocrx_word' id='word_1_286' title='bbox 973 4535 1080 4604; x_wconf 90' lang='lat' dir='ltr'><strong>Varro</strong></span> <span class='ocrx_word' id='word_1_287' title='bbox 1106 4532 1205 4600; x_wconf 89' lang='lat' dir='ltr'><strong>tradit</strong></span> <span class='ocrx_word' id='word_1_288' title='bbox 1228 4534 1353 4622; x_wconf 75' lang='lat' dir='ltr'><strong>legitur.</strong></span> <span class='ocrx_word' id='word_1_289' title='bbox 1454 4536 1501 4604; x_wconf 88' lang='grc'><strong>76</strong></span> <span class='ocrx_word' id='word_1_290' title='bbox 1543 4527 1628 4624; x_wconf 86' lang='lat' dir='ltr'><strong>[Pto-</strong></span> 
     </span>
    </p>
   </div>
   <div class='ocr_carea' id='block_1_8' title="bbox 426 4656 1628 4748">
    <p class='ocr_par' dir='ltr' id='par_1_8' title="bbox 426 4625 1775 4748">
     <span class='ocr_line' id='line_1_33' title="bbox 426 4656 1628 4748; baseline -0.002 -23"><span class='ocrx_word' id='word_1_291' title='bbox 426 4658 592 4728; x_wconf 88' lang='lat' dir='ltr'><strong>lemaeum</strong></span> <span class='ocrx_word' id='word_1_292' title='bbox 626 4656 787 4743; x_wconf 91' lang='lat' dir='ltr'><strong>Auleten]</strong></span> <span class='ocrx_word' id='word_1_293' title='bbox 832 4659 937 4728; x_wconf 89' lang='lat' dir='ltr'><strong>Varro</strong></span> <span class='ocrx_word' id='word_1_294' title='bbox 969 4658 1067 4726; x_wconf 87' lang='lat' dir='ltr'><strong>tradit</strong></span> <span class='ocrx_word' id='word_1_295' title='bbox 1096 4657 1252 4748; x_wconf 90' lang='lat' dir='ltr'><strong>Pompeio</strong></span> <span class='ocrx_word' id='word_1_296' title='bbox 1285 4681 1337 4726; x_wconf 90' lang='lat' dir='ltr'><strong>res</strong></span> <span class='ocrx_word' id='word_1_297' title='bbox 1372 4669 1509 4748; x_wconf 82' lang='lat' dir='ltr'><strong>gerente</strong></span> <span class='ocrx_word' id='word_1_298' title='bbox 1545 4661 1628 4728; x_wconf 84' lang='lat' dir='ltr'><strong>circa</strong></span> 
     </span>
    </p>
   </div>
   <div class='ocr_carea' id='block_1_9' title="bbox 0 0 1795 5602">
    <p class='ocr_par' dir='ltr' id='par_1_9' title="bbox 0 0 1795 5602">
     <span class='ocr_line' id='line_1_34' title="bbox 0 0 1795 5602; baseline 0 0"><span class='ocrx_word' id='word_1_299' title='bbox 0 0 1795 5602; x_wconf 95' lang='lat' dir='ltr'><strong> </strong></span> 
     </span>
    </p>
   </div>
  </div>
 </body>
</html>
