3576 5602
399 614 471 683 ten

399 811 490 874 modo
512 809 684 886 impugnem
704 823 765 868 non
786 807 895 883 babeo,
918 807 1000 866 nulla
1021 807 1102 866 enim
1123 805 1292 866 afferuntur
1312 809 1498 882 argumenta.
1544 804 1612 864 lam

397 917 505 995 glossa
526 917 557 974 in
579 915 653 975 Cod.
670 913 741 974 Bas.
756 915 981 992 superscripta:
1003 920 1122 974 extento
1137 914 1265 974 meliora
1278 913 1352 972 illos
1374 913 1488 973 dooere
1510 915 1613 988 pote-

398 1027 455 1084 rat
499 1023 561 1084 Sed
581 1027 730 1082 conecclo
750 1021 832 1080 hand
854 1020 947 1079 dubie
970 1037 1074 1081 eorum
1096 1022 1252 1080 inventum
1273 1025 1329 1095 est,
1353 1019 1406 1094 qui
1427 1036 1496 1078 cum
1518 1035 1614 1078 mare

399 1137 432 1192 et
451 1131 582 1192 molibus
604 1129 764 1206 expulsum
785 1130 817 1186 et
838 1133 929 1186 terrae
950 1127 1117 1186 immissum
1137 1133 1330 1186 constructum
1352 1126 1414 1185 dici
1432 1142 1530 1203 posse
1546 1143 1611 1184 ue-

398 1241 515 1318 garent,
536 1243 684 1298 moenam
704 1241 913 1308 correxerunt,
935 1234 1096 1294 subversis
1116 1233 1269 1294 montibus
1284 1249 1369 1293 mare
1388 1233 1504 1293 effossa
1520 1239 1615 1292 terro

399 1348 587 1408 constratum
609 1343 705 1403 inisse
725 1343 794 1402 rati.

477 1455 557 1512 oiree
577 1450 726 1512 monetam
750 1453 820 1524 poti.
842 1447 912 1506 Bas.
932 1467 951 1506 1.
972 1445 1058 1506 Leid.
1082 1447 1178 1507 Paris.
1200 1464 1222 1505 x
1243 1451 1275 1506 et
1299 1463 1406 1506 omues
1428 1446 1498 1506 iere
1520 1446 1610 1522 libri,

398 1559 506 1620 sedin
527 1557 561 1618 L.
583 1574 617 1616 oe
637 1556 757 1635 punctis
778 1559 922 1614 notatum.
944 1555 1139 1614 accusativus
1164 1555 1262 1612 errori
1283 1553 1481 1614 librariorum
1503 1554 1611 1614 debe-

399 1671 456 1740 tur,
478 1665 530 1741 qui
550 1667 732 1725 incesserunt
751 1679 817 1722 cum
839 1661 978 1736 sequenti
1000 1660 1194 1720 substantivo
1217 1660 1388 1720 iunxerunt.

478 1779 614 1849 muroque
624 1772 755 1846 marique
767 1766 838 1826 Bas.
848 1787 867 1826 u
879 1767 1009 1843 primurn
1020 1785 1076 1844 pue
1090 1785 1126 1826 m.
1138 1783 1199 1826 sen
1210 1766 1385 1843 adscripsit.
1401 1767 1608 1826 accendebant

398 1878 469 1938 Bas.
483 1896 502 1936 u
514 1893 607 1953 snper
620 1875 732 1935 lineam
746 1874 854 1934 eadem
870 1890 958 1932 manu
972 1874 1168 1947 incendebant,
1190 1891 1257 1949 que
1273 1874 1403 1933 omnium
1420 1873 1488 1934 iere
1502 1874 1608 1934 libro-

399 2002 464 2046 rum
478 1983 571 2044 lectio
581 1983 638 2042 est.
647 1981 738 2040 modis
747 1980 877 2040 omnibns
885 1979 956 2040 Bas.
965 1999 984 2038 ι.
996 1997 1033 2040 m.
1046 1997 1105 2040 seo.
1117 1982 1172 2040 sed
1182 1987 1273 2040 antea
1282 1981 1414 2040 comitor
1422 1981 1522 2057 priori
1534 1981 1607 2041 loco

399 2091 530 2169 positum
551 2089 659 2164 inerat,
681 2086 763 2164 qood
785 2090 816 2146 et
836 2087 885 2146 vis
912 2088 1073 2147 sententie
1096 2093 1128 2147 et
1149 2087 1237 2147 codd.
1262 2086 1432 2147 auctoritas
1454 2088 1606 2164 postulat

480 2214 505 2257 c.
530 2198 575 2255 lt.
590 2197 623 2254 ln
637 2200 715 2254 mato
729 2197 825 2271 itaque
840 2200 953 2271 tonpue
962 2193 1032 2254 Bas.
1047 2213 1065 2252 ι.
1081 2197 1177 2271 itaque
1192 2210 1249 2253 om.
1263 2192 1362 2252 Paris.
1376 2193 1410 2251 Z.
1426 2190 1514 2252 Leid
1527 2192 1608 2252 liiu-

399 2303 477 2364 sied.
493 2307 524 2362 et
538 2302 624 2362 multi
638 2301 693 2361 alii
703 2300 784 2361 libri.
799 2303 830 2358 in
843 2306 922 2359 tonte
938 2303 1026 2376 igitur
1040 2298 1108 2358 Tor.
1123 2301 1223 2377 ltoqoe
1234 2303 1264 2357 in
1277 2305 1357 2358 torno
1371 2305 1400 2357 et
1412 2305 1428 2357 l.
1445 2299 1509 2358 Erl.
1525 2299 1608 2360 unde

399 2410 492 2470 iacile
518 2411 613 2486 patet,
636 2407 880 2468 coniunctionem
901 2407 940 2466 ab
966 2407 1005 2466 iis
1027 2423 1099 2466 esse
1119 2407 1341 2483 interpositam,
1373 2407 1427 2481 qui
1450 2407 1609 2468 beccum

400 2515 652 2578 antecedentibus
665 2515 780 2575 arctius
792 2514 944 2591 iungenda
956 2530 1028 2573 csse
1039 2515 1223 2574 statuebant.
1239 2531 1307 2574 nam
1321 2517 1418 2591 doque
1427 2531 1485 2591 pro
1496 2516 1610 2592 glossa

401 2626 564 2685 verborum
584 2629 697 2700 menone
718 2620 889 2681 babendum
910 2637 991 2694 esse,
1013 2621 1066 2680 vix
1088 2620 1200 2680 adduci
1221 2637 1346 2698 possum
1369 2625 1402 2680 ut
1420 2625 1536 2698 putem.

480 2747 567 2790 monn
588 2727 654 2788 oleo
667 2734 765 2790 oenoe
774 2743 855 2803 pene.
874 2726 945 2786 Bas.
960 2745 978 2785 1.
995 2727 1051 2786 sed
1071 2727 1151 2786 inter
1169 2744 1256 2787 mann
1272 2734 1304 2787 et
1316 2729 1382 2786 oleo
1399 2729 1518 2805 aliquid
1533 2746 1608 2790 era-

401 2856 474 2912 sum,
490 2855 549 2913 qua
563 2853 598 2896 re
610 2833 644 2896 lit
656 2833 858 2909 manifestum,
873 2834 949 2892 duas
964 2833 1088 2910 glossas
1101 2833 1227 2894 Salustii
1242 2836 1375 2894 orationi
1391 2835 1491 2895 luisse
1505 2837 1608 2895 inter-

400 2945 528 3023 positas.
549 2943 641 3020 paolo
664 2940 744 3000 inira
765 2941 875 2998 iterum
889 2939 969 2998 idem
990 2939 1069 2999 liber
1083 2940 1183 3000 molles
1201 2947 1284 3001 elom
1298 2940 1416 3016 citiori
1431 2943 1484 3002 ubi
1497 2949 1608 3019 aperte

400 3059 428 3112 et
447 3049 665 3126 transpositum
692 3050 749 3106 ost.
791 3045 838 3106 Ex
864 3046 975 3120 quibus
1003 3046 1096 3106 facile
1122 3047 1250 3124 colligas
1278 3048 1331 3108 vel
1361 3049 1486 3125 optimis
1514 3049 1607 3110 libris

401 3158 494 3218 multa
514 3157 592 3216 vitia
612 3157 726 3228 inesse,
755 3171 822 3229 quae
851 3152 912 3212 nisi
941 3151 1117 3213 coniectura
1143 3155 1246 3214 sanari
1269 3171 1328 3214 noo
1349 3161 1491 3232 possunt.
1511 3155 1607 3216 Cete-

400 3283 466 3326 rnm
487 3271 569 3326 etate
588 3262 682 3323 mollia
703 3263 761 3322 dici
785 3261 905 3336 quidem
927 3264 1039 3336 potest,
1061 3261 1119 3321 sed
1140 3269 1222 3322 etate
1243 3265 1293 3322 est
1313 3264 1508 3340 superfluum,
1529 3263 1607 3322 rnol-

401 3373 437 3434 tn
458 3374 537 3432 euim
558 3373 710 3446 inventos,
739 3371 814 3430 dura
835 3375 995 3446 senectus;
1025 3374 1132 3430 eontra
1158 3370 1199 3430 ad
1220 3373 1375 3431 notionem
1397 3371 1477 3446 simei
1505 3371 1606 3447 (quud

401 3478 510 3555 glossa
530 3480 616 3537 recte
636 3478 859 3554 interpretatur
878 3473 1045 3551 instabilia)
1067 3476 1123 3536 tali
1144 3476 1352 3538 additamento
1374 3494 1452 3553 opus
1475 3477 1542 3538 init.

481 3599 506 3642 c.
529 3586 575 3641 15.
598 3586 726 3658 inpurus.
749 3615 788 3628 -
807 3580 897 3641 color.
919 3581 988 3640 Bas.
1010 3601 1028 3640 r.
1043 3599 1115 3642 raro
1133 3581 1242 3642 eadem
1257 3584 1415 3643 scribendi
1429 3585 1510 3645 ratio
1528 3601 1605 3644 con-

401 3691 520 3750 stanter
541 3691 692 3762 servatur,
721 3690 753 3746 et
774 3687 864 3747 modo
885 3687 925 3746 ad
945 3687 1172 3764 etymologiam,
1197 3688 1291 3747 modo
1313 3689 1352 3747 ad
1373 3691 1606 3765 pronuntiatio·

400 3815 468 3856 nem
490 3796 704 3856 conformatur.

482 3919 506 3962 c.
530 3903 575 3964 16.
603 3908 676 3978 post
700 3901 807 3961 nobem
833 3903 1002 3963 semicolon
1031 3905 1212 3978 tollendum
1240 3921 1306 3964 oum
1333 3903 1414 3964 enim
1434 3902 1606 3962 infinitivus

400 4027 418 4070 a
439 4009 581 4084 sequenti
602 4009 698 4068 verbo
726 4013 848 4083 imperet
869 4011 1011 4086 pendeat,
1042 4011 1098 4070 cli.
1120 4011 1182 4088 lug.
1206 4013 1254 4070 ti.
1281 4017 1427 4085 pretereo
1446 4010 1608 4084 mperatm

397 4118 572 4195 [mmmmm
593 4122 621 4175 et
639 4116 709 4189 olim
737 4133 801 4193 pne
820 4116 894 4176 tello
921 4118 1111 4194 occisorem,
1139 4124 1321 4193 conportans
1350 4122 1382 4175 et
1407 4123 1520 4194 postea
1549 4131 1606 4192 pro

400 4224 550 4284 infinitivo
580 4223 775 4282 accusativus
797 4227 938 4300 ponatur,
970 4227 1004 4284 ut
1035 4241 1128 4301 supra
1149 4241 1174 4283 c.
1215 4225 1260 4282 10.
1288 4240 1345 4298 pro
1364 4222 1410 4281 bia
1431 4223 1604 4298 emeriten,
1642 4279 1646 4290 ,

399 4329 601 4402 credelitatem,
630 4329 700 4389 deor
727 4328 887 4405 neglegere,
917 4334 1013 4390 ennio
1036 4329 1152 4390 venolio
1174 4329 1281 4390 bebere
1302 4329 1426 4404 edocuit3
1453 4328 1523 4387 baee
1550 4345 1605 4386 se-

400 4437 481 4513 iuugi
510 4452 569 4495 non
597 4435 759 4496 debebant.
781 4452 862 4494 omns
894 4441 991 4496 terrae
1010 4436 1081 4496 Bas.
1102 4457 1120 4496 r.
1144 4437 1239 4497 etita
1261 4437 1383 4512 saepius,
1404 4438 1438 4494 ut
1457 4435 1488 4494 in
1511 4433 1604 4494 dubio

400 4542 450 4616 sit,
472 4559 539 4601 num
564 4543 758 4602 accusativus
785 4541 914 4618 pluralis
941 4542 971 4600 in
1001 4545 1091 4602 inan
1122 4543 1151 4602 in
1179 4559 1211 4602 es
1236 4542 1415 4601 terminatus
1438 4541 1488 4600 sit
1510 4539 1604 4599 Pete-

399 4663 465 4706 rom
494 4648 523 4706 in
550 4648 693 4708 confesso
719 4654 776 4724 est,
806 4647 970 4709 Salustium
992 4648 1058 4708 lueo
1090 4655 1122 4708 et
1146 4650 1220 4709 talia
1241 4665 1300 4708 non
1321 4648 1360 4707 ad
1381 4647 1603 4722 grammatico-
