3554 5600
1295 643 1362 710 179

142 835 270 908 tineret
295 859 376 908 cora
402 836 577 910 bellorum.
616 838 655 908 ln
680 838 755 931 quis
781 837 915 929 elegere
934 839 1128 911 Sertorium.
1169 842 1286 912 Parate
1303 865 1363 914 ro·

142 960 314 1032 lidissimo
346 961 497 1033 exercitu
529 983 719 1054 processere
758 970 800 1042 et,
839 971 969 1032 vetante
1000 963 1157 1044 Sertorio,
1195 964 1364 1058 colloquia

141 1086 304 1156 consules
329 1087 553 1179 permiserunt
578 1083 664 1156 inter
687 1109 785 1158 suum
813 1097 846 1156 ct
870 1086 970 1180 syttae
997 1089 1191 1170 exercitum,
1222 1100 1255 1160 et
1278 1090 1362 1162 sacta

142 1209 295 1302 proditio
320 1219 380 1292 eat,
413 1211 587 1304 omnisque
620 1211 785 1282 exercitus
811 1211 910 1304 Syllae
937 1211 1088 1286 traditur.
1131 1214 1224 1283 Tunc
1249 1214 1363 1286 Serto·

142 1333 216 1406 rius
245 1334 419 1407 destitutus
445 1346 545 1428 atqrm
571 1337 662 1406 omni
684 1337 855 1429 copiarum
882 1335 1024 1408 nudatus
1047 1338 1173 1408 auxilio
1200 1339 1234 1410 in
1260 1339 1362 1411 Etru·

143 1458 235 1530 riam
260 1458 424 1552 confugit,
450 1459 534 1532 uam
560 1471 711 1532 metuens
729 1461 841 1542 Sullae,
867 1483 911 1532 no
936 1461 1087 1555 exigeret
1112 1486 1248 1556 murem
1266 1465 1362 1559 quasi

143 1583 187 1654 do
223 1595 384 1676 superato
414 1585 507 1656 hoste
545 1585 737 1656 vindictam.
788 1588 870 1657 Erat
899 1598 1011 1658 autem
1045 1589 1178 1660 Etruria
1206 1590 1363 1662 fidissima

144 1708 299 1801 partibus
331 1709 504 1790 Marianis,
546 1711 605 1802 qui
629 1709 672 1780 ab
698 1709 777 1803 ipsis
804 1712 1000 1793 Romanam,
1032 1736 1132 1807 quam
1167 1725 1264 1784 antea
1296 1739 1361 1787 non

145 1831 328 1912 habebant,
368 1843 567 1925 acceperant
590 1833 767 1905 civitatem.
815 1836 983 1906 Timentes
1013 1837 1113 1928 igitur
1137 1840 1279 1919 Etrusci,
1318 1863 1361 1911 no

144 1957 351 2028 beneficium
379 1967 477 2028 tanto
503 1958 684 2050 dignitatis,
710 1960 905 2032 aMarianis
930 1973 1115 2054 acceptum,
1143 1963 1233 2055 Sylla
1259 1987 1362 2036 revo-

145 2091 250 2162 caret,
278 2082 306 2150 si
328 2080 476 2154 advorsa
500 2093 610 2174 partes
632 2093 740 2154 assent
760 2095 946 2177 amputatae,
974 2085 1103 2178 penitus
1121 2087 1162 2158 ad
1180 2089 1360 2162 Sertorium

144 2229 181 2276 se
207 2219 311 2299 atque
328 2207 412 2277 alios
432 2207 580 2278 eiusdem
599 2208 751 2278 suenonis
769 2209 871 2279 duces
886 2209 1107 2304 applicarunt,
1134 2212 1258 2294 omnia,
1284 2237 1360 2307 quae

145 2330 403 2423 imperarentur,
429 2332 501 2402 sine
526 2333 736 2403 recusatione
763 2334 990 2425 promittentes
1012 2357 1083 2404 esse
1101 2337 1254 2407 facturos.
1293 2341 1361 2408 lta-

145 2479 212 2548 que
240 2455 450 2536 factumest,
477 2467 513 2526 ut
538 2479 655 2526 mrsus
682 2456 890 2528 firmissimus
907 2460 966 2530 XL
993 2458 1179 2531 cohortium
1205 2484 1361 2555 compor-

145 2591 274 2652 taretur
299 2580 475 2650 exercitus.
519 2583 602 2654 Nam
628 2592 661 2651 et
686 2583 781 2652 multi
807 2582 930 2652 milites
956 2585 1015 2677 qui
1039 2607 1075 2654 se
1096 2584 1244 2655 venienti
1260 2586 1359 2678 Syttae

145 2705 363 2784 tradiderant,
383 2703 528 2775 frustrati
541 2703 721 2796 omnibus*)
740 2706 781 2775 ad
795 2706 943 2799 priorum
958 2708 1079 2779 ducum
1091 2720 1200 2780 castra
1211 2719 1359 2781 reverte-

146 2842 223 2900 runt
241 2851 318 2921 quo
335 2839 411 2900 ante
429 2828 656 2920 prodiderunt.
700 2831 790 2900 Inter
811 2829 883 2900 haec
906 2830 982 2901 sacti
1004 2842 1080 2902 sunt
1096 2832 1220 2903 Marius
1237 2834 1358 2926 septies

146 2967 179 3024 et
188 2955 300 3026 Carbo
317 2955 480 3024 consules.
515 2955 610 3023 Tunc
623 2954 787 3026 Sertorius
800 2955 841 3024 de
862 2956 958 3026 Marii
974 2965 1130 3048 potestate
1144 2958 1358 3029 securusRo-

146 3100 235 3148 mam
261 3080 354 3149 venit
380 3090 413 3148 et
438 3079 589 3148 omnium
615 3078 715 3171 coepit
740 3101 896 3150 accusare
914 3081 1100 3173 segnitiem,
1128 3093 1225 3152 etex
1242 3083 1355 3152 multis

147 3201 403 3296 promptissimis
423 3201 515 3272 sactis
539 3202 638 3295 Sylla·
661 3202 859 3274 industriam
878 3204 1103 3298 virtutemque
1120 3206 1275 3287 laudare
1302 3206 1356 3276 cui

145 3327 208 3398 nisi
223 3325 360 3397 obuiam
379 3325 492 3406 iretur,
511 3335 621 3396 actum
635 3325 702 3396 iam
711 3349 751 3396 ac
767 3326 969 3399 debellatum
979 3328 1074 3399 foret.
1104 3330 1190 3400 Tum
1203 3330 1356 3400 consules

145 3451 378 3543 principesque
403 3449 461 3521 olii
485 3450 648 3531 factionis,
683 3459 773 3521 tanto
801 3453 979 3524 verborum
1005 3453 1153 3546 pondere
1179 3455 1350 3545 castigeti3

146 3573 212 3644 sire
239 3585 277 3644 nt
301 3573 461 3644 romulum
485 3595 524 3642 ac
555 3572 786 3644 vehementem
818 3575 1031 3666 negligentia·
1063 3590 1285 3648 correctorem
1311 3578 1354 3649 ab

145 3700 249 3772 oculis
268 3709 489 3779 removerent,
515 3699 583 3770 sive
609 3707 646 3769 ut
671 3697 771 3768 feroci
795 3699 988 3791 provincie,
1014 3700 1108 3770 cuius
1126 3701 1353 3772 infidelitatem

146 3823 315 3904 timebant,
349 3823 506 3894 idoneum
531 3830 763 3916 preponerent
788 3823 919 3905 ducem,
958 3824 1079 3894 misere
1105 3824 1139 3894 in
1164 3825 1351 3896 citeriorem

146 3948 360 4041 Hispaniam
386 3957 485 4039 atque
511 3946 543 4016 ei
560 3944 753 4016 mandatum
780 3958 839 4029 est,
866 3958 901 4016 ut
925 3947 1089 4019 transiens
1114 3971 1167 4019 res
1193 3950 1227 4020 in
1245 3950 1352 4020 Gallia

145 4070 365 4164 Transalpina
399 4079 624 4163 componeret.
672 4069 738 4140 Sed
770 4070 828 4140 ubi
859 4069 893 4140 iu
928 4070 1134 4162 provinciam
1167 4071 1270 4150 venit,
1305 4072 1351 4142 ita

146 4207 278 4266 suanae
302 4194 468 4266 sociorum
494 4194 622 4264 animos
655 4192 722 4264 iam
748 4192 937 4264 deficientes
963 4205 1063 4285 atque
1088 4194 1155 4264 alia
1180 4196 1351 4288 cupientes

146 4317 179 4388 in
203 4320 353 4390 favorem
378 4318 522 4412 partium
547 4338 683 4388 suarum
708 4316 858 4387 modeste
883 4317 1006 4388 tuendo
1031 4328 1130 4410 atque
1147 4317 1350 4390 blandiendo

145 4441 309 4533 perduxit,
347 4453 385 4512 ot
415 4451 449 4512 et
479 4463 577 4512 carus
602 4450 688 4512 esset
713 4450 881 4512 ettamen
907 4439 949 4510 ah
981 4439 1135 4511 omnibus
1166 4441 1347 4515 timeretur.

145 4565 208 4636 Sed
233 4566 267 4636 in
293 4565 376 4638 urbe
401 4565 493 4658 Sylla
518 4575 551 4634 et
574 4565 700 4636 Marius
725 4565 905 4636 conflixere
939 4576 1038 4657 atque
1071 4565 1105 4634 in
1136 4565 1208 4658 ipso
1240 4579 1349 4638 certa-

193 4709 215 4802 ')
242 4715 290 4783 ita
314 4713 401 4806 conj.
426 4713 607 4784 Burnutius
632 4713 667 4782 in
693 4713 775 4785 Cod.
803 4723 851 4782 est
875 4715 1106 4806 prostrationis.

1101 4825 1165 4888 12*
