3582 5594
1290 663 1359 731 107

150 861 355 954 respondere
380 859 494 943 velint,
532 861 663 934 abunde
689 861 756 933 illis
781 861 957 934 facundam
985 874 1017 934 et
1042 863 1257 956 compositam
1282 885 1360 932 ora-

151 986 279 1055 tionem
305 986 389 1055 fore.
433 985 497 1056 Sed
523 986 558 1056 in
583 1009 742 1057 maxumo
767 999 876 1058 vestro
900 985 1076 1067 beneficio,
1103 1009 1179 1058 cum
1205 986 1359 1059 omnibus

151 1109 236 1179 locis
261 1132 315 1179 me
339 1133 465 1203 vosque
489 1110 675 1180 maledictis
701 1112 859 1193 lacerent,
885 1133 952 1181 nou
979 1111 1102 1204 placuit
1125 1111 1277 1193 reticere,
1315 1134 1359 1181 ue

150 1234 228 1326 quis
252 1234 450 1304 modestiam
475 1234 510 1302 in
536 1235 771 1306 conscientiam
789 1235 935 1307 duceret.
974 1239 1058 1307 Nam
1075 1258 1130 1305 me
1156 1235 1291 1329 quidem
1317 1259 1359 1306 ex

151 1359 259 1428 animi
284 1359 350 1428 mei
376 1359 539 1428 sententia
565 1359 657 1429 nulla
683 1359 788 1430 oratio
819 1359 943 1430 laedere
969 1370 1095 1454 potest;
1131 1360 1253 1455 quippo
1279 1384 1359 1432 vera

152 1505 289 1552 necasse
320 1494 369 1553 est
398 1483 485 1554 bene
518 1484 695 1578 praedicet;
730 1485 846 1555 falsam
871 1484 938 1555 vito
963 1505 1139 1576 moresque
1167 1483 1233 1554 mci
1258 1507 1359 1578 supe-

151 1617 240 1677 rant.
279 1607 344 1678 Sed
366 1608 525 1702 qnoniam
549 1618 658 1680 vestra
683 1607 821 1677 consilia
845 1619 1053 1690 accusantur,
1079 1609 1138 1702 qui
1163 1608 1246 1679 mibi
1265 1631 1360 1680 sum·

151 1753 246 1800 mum
272 1731 435 1802 honorem
467 1742 499 1802 et
523 1754 717 1802 maxumum
742 1733 910 1824 negotium
943 1731 1143 1825 inposuistis,
1181 1732 1281 1804 ctiam
1307 1745 1360 1804 at·

152 1878 219 1949 que
246 1855 348 1926 etiam
370 1867 530 1950 reputate,
556 1879 637 1926 num
656 1878 773 1926 corum
789 1856 1016 1949 poenitendum
1034 1856 1085 1926 sit.
1128 1858 1201 1928 Non
1223 1881 1357 1952 possum

153 1981 231 2051 fidei
259 2003 360 2052 causa
385 1981 546 2074 imagines
571 2003 679 2073 neque
705 1979 890 2074 triumphos
912 1991 970 2050 aut
986 1981 1176 2052 consulatus
1192 1983 1358 2054 maiorum

152 2127 305 2176 meorum
331 2114 516 2186 ostentare;
547 2116 590 2186 at,
616 2105 645 2173 si
669 2127 723 2174 res
749 2106 900 2198 postulet,
927 2105 1048 2186 hastas,
1074 2105 1247 2187 vexillum,
1273 2107 1360 2199 pba-

154 2229 251 2311 leras,
278 2229 347 2299 alia
365 2228 520 2300 militaria
537 2229 642 2310 dona;
668 2239 829 2322 praterea
854 2229 1023 2300 cicatrices
1048 2231 1185 2301 advorso
1208 2253 1357 2324 corpore.

154 2355 216 2423 lle
241 2362 318 2423 sunt
341 2375 426 2423 mee
451 2352 626 2446 imagines,
653 2353 726 2424 baec
741 2353 909 2435 nobilitas,
937 2375 1004 2423 uon
1030 2353 1212 2425 hereditate
1228 2355 1357 2438 relicta,

153 2487 190 2546 ut
212 2477 274 2549 illa
298 2477 377 2560 illis,
409 2475 467 2547 sed
496 2500 571 2570 quae
596 2499 660 2568 ego
685 2477 770 2546 meis
794 2477 947 2571 plurimis
972 2477 1141 2549 laboribus
1167 2489 1199 2549 et
1223 2479 1358 2572 pericn-

154 2601 195 2672 lis
210 2603 361 2696 quesivi.
403 2605 478 2674 Nou
502 2613 589 2702 sunt
602 2603 784 2697 composita
809 2604 911 2675 verba
935 2627 1029 2686 mea;
1055 2627 1173 2698 parum
1199 2606 1234 2676 id
1253 2605 1356 2688 lacio;

154 2725 223 2818 ipsa
248 2749 285 2796 se
310 2727 414 2797 virtus
440 2727 517 2798 satis
543 2727 702 2798 ostendit:
736 2727 804 2797 illis
828 2727 969 2799 artificio
994 2751 1077 2821 opus
1103 2739 1162 2810 est,
1189 2739 1225 2800 ut
1249 2731 1358 2824 turpia

154 2852 239 2922 iacta
271 2852 424 2932 oratioue
455 2862 577 2944 tegant.
630 2854 746 2945 Neque
775 2850 900 2922 litteras
926 2852 1056 2921 Graeoas
1082 2851 1200 2934 didiei;
1239 2877 1357 2947 parum

154 2977 307 3070 placebat
323 2999 379 3046 eas
396 2975 534 3058 discere,
561 2977 684 3076 quippe
711 2997 786 3068 quae
812 2975 854 3046 ad
879 2975 1033 3046 virtutem
1060 2976 1247 3048 doctoribus
1273 2978 1357 3050 nibil

154 3101 357 3191 proluerent.
408 3100 453 3170 At
484 3099 544 3171 illa
576 3101 680 3170 multo
706 3109 842 3192 optuma
875 3099 925 3170 rei
958 3099 1099 3192 publicae
1124 3101 1238 3173 doctus
1264 3125 1356 3172 sum:

155 3223 283 3295 bostem
314 3226 427 3307 ferire,
466 3225 620 3318 presidia
653 3225 793 3315 agitare,
831 3223 917 3294 nibil
950 3233 1098 3295 metuere
1130 3225 1195 3295 nisi
1227 3237 1357 3320 turpem

155 3349 289 3432 lamam,
326 3349 473 3420 hiemem
505 3360 539 3419 et
569 3359 714 3420 aestatem
754 3349 846 3420 iuxta
879 3349 959 3442 pati,
1006 3348 1100 3419 humi
1134 3350 1356 3444 requiescere,

155 3475 272 3547 eodem
298 3485 448 3568 tempore
474 3474 622 3567 inopiam
648 3485 681 3544 et
705 3475 855 3546 laborem
880 3475 1031 3544 tolerare.
1075 3473 1137 3543 llis
1163 3497 1244 3565 ergo
1269 3497 1357 3568 prae·

155 3603 256 3696 ceptis
282 3601 403 3671 milites
428 3600 596 3682 hortabor,
628 3623 738 3694 neque
763 3600 840 3670 illos
866 3610 935 3670 arte
960 3601 1067 3672 colam
1092 3625 1146 3672 me
1171 3602 1357 3695 opulenter,

155 3745 263 3818 neque
288 3724 431 3816 gloriam
456 3747 568 3795 meam
593 3724 742 3794 laborem
760 3725 895 3795 illorum
912 3724 1045 3794 faciam.
1089 3726 1163 3795 Hoc
1190 3735 1239 3794 est
1262 3725 1355 3808 utile,

156 3845 217 3918 boc
242 3849 339 3919 civile
365 3849 553 3942 imperium.
605 3851 756 3942 Namque
781 3871 857 3918 cum
882 3858 949 3919 tute
979 3872 1039 3942 per
1064 3849 1239 3920 mollitiem
1264 3872 1355 3941 agas,

156 3974 336 4044 exercitum
362 3975 525 4068 supplicio
550 3995 684 4066 cogere,
711 3973 744 4044 id
763 3983 813 4042 est
829 3973 1012 4057 dominum,
1039 3996 1105 4043 non
1124 3974 1357 4067 imperatorem

156 4119 237 4168 esse.
279 4099 362 4167 llaec
387 4106 485 4190 atquc
511 4095 591 4168 talia
615 4097 758 4167 maiores
784 4097 883 4168 vestri
908 4097 1063 4168 faciundo
1091 4121 1193 4192 seque
1218 4121 1356 4191 remque

156 4221 321 4314 publicam
347 4221 569 4291 celebravere.
613 4220 696 4303 Quis
713 4221 868 4291 nobilitas
888 4222 981 4302 freta,
1008 4221 1079 4314 ipsa
1096 4220 1265 4292 dissimilis
1282 4245 1357 4292 mo-

156 4345 257 4428 ribus,
286 4369 348 4417 uos
373 4347 508 4417 illorum
533 4347 669 4418 aemulos
695 4346 886 4430 contemnit,
923 4358 956 4417 et
980 4369 1094 4418 omnes
1120 4346 1262 4418 bonores
1288 4369 1356 4417 uon

157 4492 199 4538 ex
215 4471 344 4552 merito,
370 4471 429 4540 sed
454 4471 551 4564 quasi
576 4471 703 4542 debitos
728 4494 750 4541 a
774 4471 867 4541 vobis
892 4473 1021 4566 repetit.
1066 4472 1221 4543 Ceterum
1246 4470 1357 4542 bomi-

156 4617 214 4665 nes
237 4596 473 4690 superbissumi
498 4595 614 4692 procul
640 4606 762 4668 errant.
811 4599 955 4669 Maiores
981 4619 1097 4668 eorum
1122 4596 1245 4678 omnia,
1281 4615 1356 4686 quae

157 4717 284 4800 licebat,
311 4721 377 4792 illis
398 4721 575 4814 reliquere,
603 4721 742 4803 divitias,
769 4721 943 4813 imagines,
972 4722 1167 4792 memoriam
1193 4720 1243 4790 sui
1269 4741 1356 4811 prte-
