3554 5600
471 619 540 688 162

468 817 566 903 Quod
592 818 620 887 si
649 826 707 886 aut
742 816 876 886 libertas
911 837 1006 908 aequa
1038 814 1190 886 omnium
1220 828 1278 885 aut
1310 815 1473 886 sententia
1503 815 1663 886 obscurior

467 953 563 1026 esset,
596 940 777 1010 maioribus
803 938 921 1032 opibus
947 939 1156 1030 respublica
1181 949 1215 1007 et
1239 939 1351 1010 minus
1376 951 1492 1032 potens
1519 939 1664 1010 nobilitas

467 1077 560 1138 osset.
610 1063 675 1135 Sed
707 1063 865 1160 quoniam
898 1063 1063 1154 coaequari
1094 1061 1235 1153 gratiam
1267 1063 1417 1133 omnium
1443 1063 1581 1134 difficile
1606 1075 1664 1143 est余

466 1192 590 1286 quippe
614 1211 716 1284 quom
742 1188 808 1258 illis
834 1186 997 1256 maiorum
1028 1184 1132 1254 virtus
1165 1197 1293 1277 partam
1319 1187 1494 1281 reliquerit
1519 1189 1664 1278 gloriam,

467 1317 673 1408 dignitatem,
709 1314 891 1394 clientelas,
926 1322 1035 1381 cetera
1061 1310 1236 1381 multitudo
1261 1311 1422 1405 pleraque
1446 1313 1590 1383 insiticia
1612 1313 1665 1392 sit余

466 1441 645 1512 sententias
676 1461 792 1510 eorum
818 1461 838 1507 a
863 1447 954 1506 metu
984 1433 1107 1504 libera:
1147 1435 1191 1504 ita
1217 1434 1251 1504 in
1282 1437 1411 1506 occulto
1437 1435 1500 1506 sibi
1532 1438 1665 1530 quisque

466 1566 602 1636 alterius
633 1565 779 1658 potentia
811 1562 919 1634 carior
948 1560 1021 1630 erit.
1073 1559 1224 1629 Libertas
1256 1561 1351 1630 iuxta
1381 1561 1478 1631 bonis
1506 1572 1541 1631 et
1566 1563 1666 1644 malis,

466 1691 607 1761 strenuis
633 1701 733 1784 atque
758 1687 886 1779 ignavis
904 1684 1057 1778 optabilis
1076 1696 1134 1755 est.
1173 1687 1299 1756 Verum
1323 1711 1398 1757 eam
1415 1688 1569 1782 plerique
1584 1697 1666 1756 metu

466 1815 632 1894 deserunt,
659 1811 854 1883 stultissumi
880 1809 1054 1880 mortales:
1082 1809 1172 1903 quod
1198 1810 1231 1879 in
1253 1811 1436 1881 certamine
1459 1811 1600 1883 dubium
1625 1819 1668 1879 est

465 1962 625 2033 quorsum
650 1938 787 2019 accidat,
823 1934 855 2006 id
881 1960 942 2030 per
967 1937 1121 2006 inertiam
1147 1937 1181 2006 in
1207 1959 1242 2007 se
1269 1938 1363 2030 quasi
1392 1937 1471 2008 victi
1497 1937 1666 2031 recipiunt.

466 2064 573 2156 Igitur
602 2063 729 2135 duabus
761 2062 860 2133 rebus
892 2059 1084 2131 confirmari
1114 2085 1209 2154 posse
1238 2071 1390 2132 senatum
1415 2061 1514 2154 putu:
1555 2063 1584 2132 si
1610 2086 1668 2134 nu-

465 2211 559 2258 mero
585 2197 700 2259 auctus
726 2210 785 2281 per
811 2186 967 2256 tabellam
993 2187 1189 2255 sententiam
1219 2187 1312 2255 leret.
1360 2186 1497 2257 Tabella
1523 2187 1667 2257 obtentui

466 2315 539 2396 erit,
578 2335 645 2407 quo
671 2310 776 2403 magis
801 2311 914 2381 animo
939 2310 1045 2381 libero
1077 2311 1185 2381 lacere
1215 2310 1352 2381 audeat:
1392 2311 1426 2380 in
1459 2312 1667 2382 multitudine

466 2449 499 2509 et
524 2436 657 2531 praesidi
682 2435 757 2528 plns
783 2446 817 2504 et
842 2457 919 2506 usus
945 2434 1088 2527 amplior
1108 2446 1167 2504 est.
1210 2439 1294 2506 Nam
1321 2437 1390 2506 sere
1415 2435 1467 2506 bis
1492 2448 1669 2530 tempesta-

465 2563 553 2632 tibus
578 2561 637 2631 alii
663 2558 795 2631 iudiciis
821 2558 975 2651 publicis,
1010 2557 1067 2627 elii
1094 2559 1229 2650 privatis
1254 2560 1321 2630 suis
1352 2571 1452 2651 atque
1486 2561 1668 2631 amicorum

465 2688 606 2780 negotiis
632 2687 790 2779 inplicati,
826 2684 916 2756 baud
948 2706 1028 2753 sane
1058 2685 1107 2755 rei
1133 2685 1275 2779 publioae
1301 2685 1448 2756 consiliis
1473 2686 1667 2756 adfuerunt:

465 2836 574 2904 neque
601 2834 658 2881 eos
683 2811 790 2902 magis
814 2809 987 2901 occupatio
1012 2830 1114 2903 qnam
1140 2809 1283 2901 superba
1308 2810 1449 2902 imperia
1478 2811 1667 2880 distinuere.

467 2938 628 3008 Homines
662 2936 792 3006 nobiles
827 2959 903 3007 cum
944 2935 1058 3028 paucis
1092 2937 1282 3017 senatoriis,
1329 2959 1412 3029 quos
1445 2935 1669 3006 additamenta

465 3061 618 3133 factionis
652 3061 787 3142 babent,
824 3082 1043 3155 quaecumque
1078 3059 1186 3130 lubuit
1217 3061 1371 3153 probare,
1413 3059 1667 3154 reprehendere,

465 3188 656 3268 decernere,
692 3208 742 3268 ea,
778 3184 825 3254 uti
851 3183 966 3255 lubido
991 3183 1077 3264 tulit,
1114 3184 1233 3252 secere.
1282 3184 1406 3253 Verum
1440 3183 1498 3253 ubi
1530 3207 1669 3254 numero

464 3319 655 3381 senatorum
681 3318 778 3378 aucto
803 3331 863 3400 per
889 3308 1046 3378 tabellam
1072 3307 1243 3376 sententie
1269 3307 1432 3391 dicentur,
1465 3331 1518 3378 uae
1545 3310 1596 3378 illi
1614 3334 1670 3379 su-

463 3435 615 3529 perbiam
640 3455 735 3504 suam
761 3433 937 3512 dimittent,
963 3430 1022 3500 nbi
1048 3431 1088 3501 iis
1106 3430 1345 3502 oboediundum
1368 3433 1440 3514 erit,
1467 3433 1591 3526 quibus
1609 3458 1669 3504 au-

464 3571 517 3629 tea
542 3559 781 3630 crudelissume
808 3556 1050 3650 imperitabant.

537 3684 700 3765 Forsitan,
728 3682 918 3774 imperator,
945 3680 1099 3772 perlectis
1125 3679 1256 3763 litteris,
1282 3680 1462 3764 desideres,
1488 3704 1670 3774 quemnu-

463 3829 593 3878 merum
618 3815 806 3875 senatorum
833 3803 906 3873 fieri
931 3804 1072 3897 placeat,
1106 3826 1239 3897 quoqne
1271 3803 1369 3874 modo
1396 3806 1423 3874 is
1449 3807 1481 3875 in
1509 3808 1614 3877 multa
1637 3818 1670 3876 et

461 3933 554 4004 varia
585 3923 697 4001 officia
735 3929 969 4010 distribuatur余
1008 3929 1132 3999 iudicia
1165 3930 1325 4020 quoniam
1362 3929 1518 4000 omnibus
1552 3933 1668 4025 primm

462 4058 575 4131 classis
601 4054 835 4126 committenda
862 4062 988 4146 putem,
1021 4075 1095 4145 qnae
1122 4053 1309 4144 descriptio,
1344 4054 1423 4146 quei
1448 4077 1609 4125 numerus
1633 4057 1670 4125 in

461 4205 594 4279 quoque
621 4205 745 4274 genere
772 4182 900 4251 iuturus
926 4180 978 4248 sit.
1022 4183 1070 4250 Ea
1091 4179 1174 4249 mihi
1200 4179 1313 4250 omnia
1333 4180 1520 4274 generatim
1542 4182 1670 4252 descri-

460 4308 540 4378 bere
566 4306 656 4377 haud
682 4305 819 4375 difficile
837 4304 925 4373 lactu
943 4303 1022 4384 suit余
1049 4303 1107 4372 scd
1132 4303 1224 4396 prius
1249 4302 1467 4374 laborandum
1493 4305 1602 4376 visum
1621 4317 1671 4374 est

460 4433 502 4502 de
528 4454 657 4502 summa
682 4429 812 4511 consili,
840 4427 940 4520 idque
967 4427 1027 4497 tibi
1052 4427 1260 4520 probandum
1285 4450 1402 4498 verum
1429 4451 1512 4499 esse.
1552 4430 1587 4499 Si
1606 4429 1670 4500 boc

459 4555 577 4625 itinere
610 4555 658 4624 uti
691 4550 891 4634 decreveris,
932 4561 1041 4620 cetera
1075 4551 1109 4618 in
1141 4561 1295 4643 promptu
1329 4561 1436 4621 erunt.
1487 4553 1573 4624 Volo
1605 4576 1669 4646 ego

459 4679 634 4749 consilium
648 4699 762 4748 meum
779 4674 925 4769 prudens
937 4697 1159 4767 maxumeque
1173 4677 1341 4746 usuiesse.
1367 4677 1452 4747 Nam
1462 4676 1668 4770 ubicumque
