3554 5600
440 880 495 964 ll.
545 879 578 966 ὓ.
606 877 763 966 tomus
790 880 842 965 tt
870 879 1075 966 fflttttts

231 1119 261 1188 l.
291 1119 436 1190 cecilius
464 1119 628 1203 [Aeilins‘l
653 1118 821 1203 Coelius‘l]
850 1119 1077 1190 Romanorum
1096 1118 1270 1188 historicus
1297 1120 1360 1190 hoc

153 1255 351 1334 argumento
384 1243 426 1312 ad
457 1241 661 1337 probandam
695 1243 860 1333 originem
895 1243 1021 1312 Romae
1050 1244 1213 1313 Graecam
1243 1244 1358 1325 utitur,

152 1368 242 1460 quod
269 1369 304 1437 in
332 1391 373 1438 ea
397 1369 505 1460 patria
530 1391 623 1436 sacra
643 1367 781 1438 Herculi
796 1369 924 1438 Graeco
943 1367 1007 1436 ritu
1028 1366 1157 1437 fierent.
1196 1367 1310 1436 Strabo
1324 1365 1358 1449 5,

154 1490 189 1573 3,
210 1491 245 1562 3.
270 1517 305 1585 p.
327 1490 410 1564 230.
512 1494 547 1562 2.
574 1492 710 1562 Addunt
734 1503 906 1592 praeterea
925 1492 1062 1583 quidam
1080 1492 1231 1561 Aeneam
1258 1493 1292 1561 in
1319 1514 1360 1561 eo

154 1617 264 1687 littore
291 1614 442 1704 [Boiam]
468 1617 593 1687 Euxini
619 1617 790 1687 cuiusdam
807 1617 937 1686 comitis
956 1627 1095 1687 matrem
1121 1618 1240 1688 ultimo
1267 1628 1360 1687 aeta-

153 1743 194 1811 tis
219 1742 372 1813 allectam
397 1744 486 1813 circa
512 1753 676 1833 stagnum,
703 1742 792 1832 qnod
819 1753 867 1810 est
893 1743 977 1812 inter
1002 1743 1151 1813 Misenon
1170 1746 1361 1813 Avernum-

153 1891 230 1960 que,
259 1868 428 1948 extulisse,
455 1879 554 1960 atque
572 1866 649 1936 inde
667 1867 740 1935 loco
759 1888 879 1936 nomen
896 1865 1048 1947 inditum,
1075 1867 1133 1959 qui
1153 1867 1252 1936 etiam
1271 1891 1360 1936 nune

153 1991 319 2062 Euxinins
344 1991 434 2059 sinus
459 1989 591 2058 dicitur.
636 1989 787 2082 Cumque
814 1989 1027 2081 comperisset
1053 1989 1176 2058 ibidem
1200 1990 1360 2083 Sibyllam

153 2119 349 2190 mortalibus
375 2118 484 2187 lutura
509 2117 702 2210 praecinere
730 2117 763 2185 in
789 2116 922 2209 oppido,
949 2115 1038 2209 quod
1063 2124 1199 2186 vocatur
1224 2113 1361 2184 Gimba-

153 2245 269 2324 donis,
311 2244 438 2314 venisse
472 2267 513 2313 co
546 2244 747 2313 sciscitatum
781 2242 823 2312 de
857 2253 942 2312 statu
968 2241 1183 2312 'fortunarum
1213 2264 1359 2320 suarum,

154 2367 320 2462 editisque
347 2369 420 2437 latis
448 2369 582 2438 vetitum
609 2391 652 2438 ne
679 2368 706 2436 is
732 2369 900 2458 cognitam
927 2368 960 2436 in
986 2367 1082 2437 ltalia
1108 2365 1263 2459 sepeliret
1279 2365 1362 2434 l’ro-

153 2493 287 2586 chytam
310 2492 507 2583 cognatione
533 2491 595 2560 sibi
622 2492 843 2569 coniunctam,
869 2511 970 2584 quam
987 2490 1190 2559 incolumem
1212 2487 1361 2578 relique-

153 2627 222 2696 rat:
262 2628 297 2686 et
322 2627 495 2707 postquam
520 2615 562 2684 ad
588 2615 727 2684 classem
752 2614 852 2684 rediit
883 2614 1095 2707 repperitque
1122 2624 1298 2691 mortuam,
1326 2611 1358 2678 in

155 2744 264 2814 insula
291 2743 445 2836 proxima
470 2742 638 2833 sepelisse,
678 2764 764 2834 quae
796 2763 883 2811 nunc
910 2762 1042 2833 quoque
1076 2739 1193 2808 eodem
1226 2745 1274 2806 est
1299 2758 1362 2804 no-

153 2867 256 2944 mine,
290 2876 328 2936 ut
351 2864 499 2936 scribunt
523 2865 694 2936 Vulcatius
726 2873 759 2934 et
782 2864 908 2934 Acilius
935 2863 1024 2932 Piso.
1072 2861 1152 2930 lnde
1178 2860 1361 2953 proiectum

142 2991 344 3083 ,pervenisse
370 2991 403 3059 in
431 3013 507 3060 eum
533 2990 655 3070 locum,
685 2990 743 3081 qni
769 3012 857 3058 nuno
882 2997 998 3080 portus
1018 2987 1149 3056 Caietae
1176 2983 1363 3077 appellatur

155 3138 197 3184 ex
223 3115 362 3183 nomine
388 3114 525 3184 nutricis
553 3114 635 3195 eius,
662 3135 763 3206 quam
790 3111 914 3181 ibidem
940 3110 1095 3180 amissam
1115 3107 1254 3199 sepeliit.
1293 3108 1362 3175 do-

154 3241 252 3308 relies
292 3240 393 3308 Victor
424 3241 462 3308 da
494 3241 577 3328 orig.
608 3262 640 3328 p.
665 3239 705 3306 R.
733 3235 789 3308 10.
891 3235 925 3304 3.
959 3233 1060 3304 Gaius
1085 3231 1213 3303 Acilius
1250 3232 1361 3313 tradit,

154 3375 231 3434 ante
259 3366 424 3435 conditam
449 3366 567 3436 urbem
593 3364 772 3434 Romulum
800 3385 875 3432 cum
901 3361 998 3431 sociis
1024 3381 1124 3453 pecus
1150 3379 1246 3428 suum
1273 3355 1364 3425 desi-

155 3487 335 3568 deravisse,
369 3499 437 3558 tum
468 3488 508 3558 ad
539 3489 571 3556 id
606 3487 844 3580 requirendum
872 3489 986 3556 Fauno
1016 3484 1098 3552 votis
1125 3482 1217 3552 lactis
1244 3501 1364 3550 excur-

154 3614 236 3682 risse
264 3611 382 3692 uudos,
421 3634 464 3680 ne
495 3612 616 3680 sudore
649 3610 912 3690 retardarentur3
951 3607 1031 3677 bino
1056 3610 1225 3699 Lupercos
1260 3602 1364 3673 nudos

155 3737 357 3806 discurrere.
406 3736 594 3805 Plutarchus
629 3738 665 3804 in
692 3735 826 3803 Romulo
851 3732 910 3816 20,
937 3729 972 3803 4.
1074 3731 1107 3799 l.
1134 3728 1272 3807 Acilius,
1306 3725 1364 3818 qui

155 3861 285 3930 Graece
313 3859 443 3952 scripsit
468 3858 651 3940 historiam,
679 3855 738 3942 [ex
764 3858 879 3927 decem
906 3856 983 3938 illis,
1010 3877 1093 3947 quos
1117 3863 1191 3946 post
1209 3852 1365 3921 Cannen-

154 4005 227 4054 sem
254 4005 401 4076 pugnam
427 3983 551 4052 iuratos
579 3981 620 4050 ad
650 3991 801 4051 senatum
832 3979 921 4049 misit
946 3976 1130 4058 Hannibal,
1162 3997 1229 4044 non
1249 3995 1364 4053 unum,

155 4108 231 4196 ted]
258 4108 370 4201 plures
392 4109 439 4178 ait
463 4107 576 4187 luisse,
604 4106 662 4200 qui
688 4106 722 4174 in
749 4115 855 4174 castra
876 4101 1087 4172 revertissent
1112 4099 1227 4169 eadem
1249 4095 1366 4167 fraude

158 4246 192 4306 ut
220 4234 434 4306 iureiurando
460 4233 693 4311 liberarentur,
720 4253 842 4321 eosque
858 4251 875 4297 a
892 4227 1083 4297 censoribus
1099 4223 1253 4294 omnibus
1269 4222 1367 4313 igno-

156 4357 270 4431 miniis
302 4369 441 4428 notatos.
479 4358 584 4427 Cicero
609 4359 648 4426 dc
667 4352 832 4449 officiisd,
860 4351 919 4434 32,
950 4349 1030 4423 115.
1132 4349 1166 4417 5.
1194 4350 1244 4417 lta
1269 4355 1365 4415 nocte

136 4509 199 4568 ¹ac
224 4485 278 4554 die
311 4481 390 4553 bina
415 4491 521 4551 castra
552 4480 696 4550 hostium
726 4490 915 4572 expugnata
946 4475 1045 4546 ductu
1077 4479 1116 4545 L.
1142 4473 1270 4544 lllarcii.
1314 4471 1366 4542 dd

156 4612 293 4704 triginta
326 4617 451 4701 septem
477 4605 570 4675 milia
597 4604 739 4675 bostium
769 4626 866 4672 caesa
892 4612 1006 4672 auctor
1036 4609 1084 4669 est
1108 4598 1277 4678 Claudius,
1309 4597 1366 4688 qui

158 4736 296 4806 annales
339 4729 508 4800 Acilianos
546 4751 588 4797 ex
619 4729 747 4798 Graeco
787 4729 819 4794 in
854 4726 1007 4797 Latinum
1039 4743 1225 4792 sermonem
1258 4720 1366 4800 vertit,
