3702 5600
420 638 493 708 1190

417 836 504 894 tasse
516 833 604 896 multi
624 835 679 896 alii
698 835 786 911 libri;
808 835 838 896 in
859 835 972 897 talibus
993 837 1073 897 enim
1095 837 1146 898 vel
1168 837 1338 898 acutissimi
1359 837 1440 898 oculi
1464 837 1627 912 lunantur,

418 957 485 1000 cnm
505 945 569 1002 orie
590 947 622 1004 et
641 947 705 1003 aria
730 944 860 1004 maxime
885 945 915 1004 in
937 943 1160 1019 antiquissimis
1187 943 1277 1003 libris
1305 945 1452 1022 distingui
1474 945 1529 1003 vix
1550 963 1629 1022 poe-

419 1047 490 1109 aiut.
510 1050 590 1109 ratio
612 1051 730 1126 eadem,
752 1068 819 1126 qnae
840 1068 940 1128 supra.
963 1050 1063 1127 potuit
1081 1054 1189 1110 orator
1206 1051 1246 1110 ad
1261 1051 1358 1110 solam
1371 1050 1494 1128 plebem
1508 1054 1631 1112 oratio-

417 1170 487 1214 nem
507 1155 675 1233 intendere,
696 1158 796 1234 potuit
821 1158 918 1218 totins
939 1157 1043 1234 populi
1067 1156 1194 1216 Romani
1215 1158 1395 1234 dignitatem
1424 1161 1513 1218 tueri.
1535 1163 1632 1219 ciram

415 1263 669 1341 {lapidariaoimrmr
706 1264 776 1325 Bas.
815 1267 848 1325 nt
876 1263 968 1342 longe
998 1264 1122 1341 plurimi
1149 1264 1237 1340 libri,
1274 1269 1354 1326 oiroe
1383 1265 1633 1343 [lapidaeiaeiaroe

418 1371 488 1432 Par.
510 1390 546 1431 m.
562 1389 607 1449 pr.
628 1375 721 1432 airam
735 1372 795 1432 duo
810 1371 883 1430 libri
898 1372 1073 1432 omiserunt.
1096 1388 1224 1447 quorum
1244 1374 1461 1432 anctoritatem
1474 1372 1529 1432 vel
1544 1391 1631 1433 sunm

416 1479 521 1556 potius
534 1477 679 1539 indicium
693 1481 817 1539 secutas
839 1479 940 1538 editor
960 1482 1032 1554 cira,
1057 1496 1124 1554 qnae
1139 1479 1221 1539 llivii
1243 1481 1420 1540 coniectura
1442 1487 1502 1556 est,
1526 1481 1630 1554 eiecit,

418 1582 498 1644 alius
518 1587 611 1644 cinna
631 1585 767 1644 retinuit.
793 1584 886 1644 tertia
907 1585 1035 1644 accedat
1056 1585 1248 1645 coniectura:
1278 1589 1349 1645 airis
1371 1587 1501 1646 scribas.
1523 1587 1631 1646 sedin

418 1692 501 1752 iiivii
521 1692 697 1752 coniectura
719 1692 883 1752 admodum
910 1690 1062 1768 probabili
1085 1691 1342 1767 acquiescendum
1362 1697 1447 1770 puto.
1491 1691 1632 1770 Corrup-

417 1799 482 1859 tela
501 1799 573 1858 iude
594 1803 663 1858 orta
689 1814 761 1858 esse
790 1798 925 1874 videtur,
952 1797 1036 1873 qood
1056 1797 1177 1857 librarii
1204 1798 1371 1859 vorborum
1397 1798 1484 1859 iuxta
1503 1801 1631 1877 posito-

417 1923 484 1966 rum
498 1905 743 1965 terminationem
758 1905 935 1980 aequabant3
957 1905 1018 1964 iam
1040 1903 1092 1980 qni
1113 1907 1186 1979 ciro,
1209 1905 1292 1980 quod
1313 1922 1381 1965 cum
1405 1906 1548 1980 sequenti
1569 1923 1630 1964 vo-

421 2010 532 2072 cabulo
555 2009 677 2088 (tlapil.)
705 2011 897 2070 coniunctum
919 2009 1013 2070 facile
1033 2013 1114 2070 uiros
1136 2009 1201 2086 legi
1225 2011 1333 2086 potuit,
1354 2011 1547 2086 invenerunt,
1569 2011 1631 2086 fla-

419 2121 620 2196 qltiaeieeiraoe
640 2119 844 2196 scripseruut;
875 2134 1002 2193 quonum
1024 2117 1106 2178 oculi
1129 2118 1216 2194 prius
1237 2117 1277 2178 ad
1297 2118 1464 2178 secundum
1486 2119 1629 2178 vocabu-

418 2225 481 2284 lum
501 2225 735 2298 aberraverunt,
765 2227 859 2284 cirum
886 2225 1100 2301 reposueruut.
1143 2224 1212 2283 Viri
1241 2224 1395 2285 uodonem
1415 2225 1455 2284 ab
1477 2225 1538 2284 boe
1560 2225 1631 2284 loco

418 2349 478 2393 uon
500 2333 631 2391 alienam
653 2347 724 2391 esse
747 2333 890 2408 poteraut
916 2330 1039 2405 docere,
1067 2347 1134 2406 qne
1155 2331 1185 2388 iu
1207 2329 1339 2390 catilina
1360 2330 1512 2408 leguntur.
1537 2349 1563 2390 c.
1582 2333 1630 2391 tt).

418 2443 446 2500 ri
464 2439 549 2498 modo
568 2440 625 2498 oiri
645 2453 710 2497 aare
730 2437 813 2496 cotie
833 2453 858 2496 c.
881 2438 928 2495 11.
958 2439 1122 2496 motinerla
1149 2443 1176 2496 te
1197 2440 1290 2496 airam
1313 2454 1386 2497 esee.
1417 2438 1500 2513 qnod
1528 2440 1631 2497 autem

419 2546 527 2606 orator
547 2544 696 2621 singulari
718 2560 791 2602 usus
817 2547 874 2616 est,
903 2541 956 2602 ubi
980 2543 1019 2602 de
1048 2545 1199 2603 universae
1230 2543 1331 2620 plebis
1357 2545 1532 2606 rationibus
1557 2546 1631 2620 agit,

417 2649 480 2710 boc
501 2650 616 2709 nollem
642 2649 671 2709 ei
698 2649 774 2708 vitio
802 2648 953 2708 vertisset
981 2649 1179 2709 acutissimus
1202 2649 1343 2710 criticus.
1365 2653 1452 2710 sociie
1473 2655 1539 2710 mie
1560 2649 1629 2710 Bas.

418 2761 452 2818 et
471 2755 596 2834 plunimi
616 2755 697 2832 libri,
724 2758 828 2815 vestrm
852 2755 981 2832 pessimi
1007 2754 1088 2816 libri.
1116 2773 1168 2816 res
1196 2757 1370 2832 manifesta;
1403 2758 1462 2817 sed
1484 2762 1557 2817 suut
1579 2757 1631 2832 qui

420 2865 485 2926 suis
506 2866 643 2942 ipsorum
664 2865 788 2925 iudiciis
809 2881 900 2940 quam
920 2864 1060 2924 codicum
1085 2866 1264 2925 auctoritati
1284 2883 1395 2943 parere
1416 2866 1533 2925 malint.
1556 2880 1630 2940 per-

418 2989 520 3032 versa
548 2972 711 3049 scripture
732 2972 800 3030 cod.
821 2970 892 3032 Bas.
914 2977 999 3032 sunt:
1035 2973 1089 3032 l'oe
1110 2979 1213 3034 nalem.
1234 2973 1290 3032 loe
1316 2978 1361 3032 eat
1380 2973 1483 3048 populi
1506 2972 1630 3030 Romi

419 3078 501 3139 laisa
521 3079 776 3156 interpretatione
798 3079 969 3156 compendii
991 3079 1152 3156 scripturae
1168 3097 1198 3154 p.
1220 3096 1247 3138 r.
1274 3083 1403 3157 propter
1424 3095 1562 3155 sequeus
1582 3081 1629 3136 ia·

418 3187 493 3244 eicti.
515 3185 629 3244 altemo
643 3185 813 3259 sollicitudo,
835 3185 914 3245 inibe
932 3185 1060 3244 matilas
1081 3186 1196 3244 tantum
1217 3184 1313 3244 semel
1340 3185 1496 3261 scripturn.
1530 3185 1629 3246 litiam

420 3291 591 3355 Vaticanus
618 3291 706 3352 varia
729 3297 854 3370 peccet:
880 3293 991 3352 obviam
1010 3295 1056 3350 ire
1071 3295 1206 3367 patentia
1223 3293 1361 3369 [aaran
1376 3321 1413 3332 -
1427 3292 1558 3352 tonores
1571 3310 1629 3352 noa

415 3397 536 3475 predae
559 3399 699 3458 baberent
714 3429 753 3439 —-
768 3403 817 3476 qai
837 3404 905 3458 enat
933 3401 1015 3457 ii—
1037 3398 1137 3475 ltaque
1154 3414 1239 3475 qaam
1258 3400 1430 3475 qaieqae—
1446 3402 1542 3457 munio
1558 3399 1629 3458 oden

419 3521 526 3580 mopere
546 3505 621 3564 Mem
643 3535 682 3548 -
705 3521 806 3565 earnm
833 3505 974 3565 libertatis
997 3535 1036 3546 —
1056 3507 1149 3580 mapia
1168 3505 1249 3564 nobie
1266 3506 1378 3582 [eciem
1400 3538 1441 3548 —
1464 3509 1630 3581 inpunitam

419 3617 605 3674 multatia-
618 3617 676 3674 nisi
689 3614 886 3674 vendicantur.
920 3613 983 3674 Sed
1005 3613 1188 3690 antiquioris
1206 3614 1370 3692 scripturae
1391 3613 1528 3689 vestigia
1548 3617 1629 3674 snut:

419 3720 644 3780 acebralimami
657 3753 696 3763 -
711 3725 801 3781 arari
821 3754 859 3764 -
872 3722 910 3780 111.
926 3721 1008 3782 Falci
1023 3721 1128 3782 cadara
1146 3753 1177 3764 -
1196 3721 1274 3798 qood
1290 3721 1418 3780 reliana.

502 3845 526 3887 c.
549 3828 598 3886 3².
619 3825 769 3886 indicendo
785 3825 855 3886 Bas.
874 3825 940 3885 Eiu.
957 3826 1042 3886 Leid.
1058 3826 1127 3886 Par.
1145 3825 1221 3886 box
1238 3827 1306 3886 Tur.
1324 3827 1411 3887 multi
1429 3825 1493 3885 alii.
1506 3825 1629 3885 dando

420 3932 490 3992 Par.
505 3951 522 3993 n
544 3932 626 4008 quod
642 3932 873 4009 exprimendum
888 3932 955 3992 luit.
972 3931 1095 3992 Dixerit
1110 3931 1223 4008 aliquis
1236 3931 1277 3997 ad
1288 3931 1377 3991 buius
1389 3931 1553 3992 varietatis
1562 3931 1628 3992 ori-

419 4040 520 4117 ginem
535 4039 756 4118 explicandam,
779 4039 1025 4098 indicendoidem
1040 4040 1208 4114 essequod
1225 4039 1366 4114 iubendo,
1385 4039 1576 4115 imperando,
1598 4044 1632 4098 ut

419 4145 568 4207 bonorem
579 4144 704 4222 templis
718 4145 830 4222 divum,
846 4147 907 4205 iter
921 4146 1058 4206 indicere
1074 4145 1129 4205 cir.
1141 4145 1226 4222 Virg.
1235 4145 1313 4205 Aen.
1322 4163 1341 4204 r.
1356 4146 1425 4204 636.
1439 4145 1522 4220 quod
1534 4147 1630 4205 Mem-

420 4253 498 4312 mios
519 4252 664 4331 populum
685 4253 867 4314 exhortatus
892 4254 935 4314 sit
960 4255 1000 4314 ad
1028 4253 1154 4313 iniurias
1179 4252 1394 4328 vindicandas;
1428 4253 1486 4313 sed
1506 4255 1631 4314 videtur

420 4359 477 4422 illa
502 4361 685 4438 significatio
714 4361 804 4420 nimis
834 4360 994 4438 evulgari
1024 4376 1165 4421 sermone
1187 4359 1368 4434 abhorrere,
1399 4361 1443 4419 ita
1467 4367 1501 4420 ut
1526 4363 1630 4438 potins

422 4484 560 4529 errorem
587 4484 676 4543 quam
697 4467 843 4527 callidum
863 4467 985 4527 librarii
1007 4468 1168 4532 inventum*
1188 4466 1287 4527 luisse
1316 4469 1442 4527 statuas.
1464 4454 1632 4528 accersebat

421 4572 488 4635 niu.
529 4573 613 4640 (Tun.
644 4591 681 4634 m.
711 4575 745 4646 1)
774 4575 842 4634 baal
870 4573 956 4646 (Bas.
987 4575 1054 4636 Tun.
1084 4593 1121 4634 m.
1149 4570 1184 4646 2)
1223 4575 1411 4635 arcessebant
1439 4574 1509 4634 Par.
1544 4575 1629 4635 Leid

421 4681 508 4750 Quod
528 4682 650 4759 quidem
671 4683 834 4743 discrimen
856 4685 1046 4760 grammatici
1066 4688 1098 4743 et
1116 4681 1275 4744 Charisius
1292 4702 1320 4761 p.
1345 4685 1411 4743 227.
1436 4682 1510 4753 (151
1527 4683 1628 4754 Lind)
