3582 5594
1301 663 1361 730 l0l

161 864 318 935 inditum.
361 865 448 934 Nam
473 863 539 933 dno
564 873 640 931 sunt
664 861 757 932 sinus
781 881 884 952 prope
910 860 944 928 in
970 871 1118 931 extrema
1144 861 1267 943 Africa,
1301 862 1366 930 im-

159 1011 261 1082 pares
274 986 517 1080 magnitudine,
535 987 609 1080 pari
625 997 756 1066 natura;
780 1007 922 1079 quorum
941 1007 1102 1078 proxuma
1118 995 1213 1056 terrac
1231 986 1366 1076 praealta

158 1124 258 1194 sunt;
293 1123 416 1195 cetera,
450 1112 499 1182 uti
524 1113 591 1181 fors
617 1111 702 1192 tulit,
737 1111 804 1180 alta
828 1109 906 1191 alia,
932 1110 999 1180 alia
1025 1109 1059 1178 in
1085 1120 1278 1203 tempestate
1304 1133 1364 1180 va-

158 1235 253 1308 dosa.
305 1238 392 1307 Nam
421 1235 481 1306 ubi
509 1257 602 1304 mare
627 1255 788 1326 magnum
814 1257 885 1304 esse
917 1243 950 1304 et
981 1233 1097 1304 saevire
1122 1233 1227 1304 ventis
1252 1235 1362 1327 coepit,

157 1361 281 1431 limum
306 1381 511 1451 arenamque
537 1369 570 1428 et
593 1381 675 1428 saxa
700 1358 848 1450 ingentia
870 1357 987 1429 lluctus
1012 1357 1163 1438 trabunt;
1191 1358 1237 1428 ita
1262 1357 1362 1428 iacies

157 1487 313 1556 locorum
339 1508 415 1556 cum
440 1485 548 1554 ventis
572 1484 673 1553 simul
702 1493 856 1553 mutatur.
906 1484 1016 1576 Syrtes
1049 1483 1092 1553 ab
1119 1493 1224 1553 tractu
1249 1482 1362 1554 nomi-

157 1621 257 1680 natas.
308 1609 390 1680 Eius
414 1608 551 1679 civitatis
576 1608 693 1699 lingna
718 1608 816 1677 modo
842 1629 1001 1677 convorsa
1030 1606 1173 1676 conubio
1199 1607 1361 1676 Numida-

158 1735 292 1815 darum
327 1733 440 1824 legum
466 1733 638 1826 cultusque
665 1733 825 1826 pleraque
851 1732 1025 1812 Sidonica;
1060 1753 1135 1825 quae
1167 1753 1207 1801 eo
1232 1731 1360 1802 facilius

155 1857 363 1940 retinebant,
400 1859 491 1951 qnod
521 1859 638 1950 procul
671 1857 713 1928 ab
747 1856 887 1948 imperio
920 1855 1011 1948 regis
1045 1864 1175 1926 aetatem
1206 1854 1359 1946 agebant.

156 1982 246 2051 Inter
272 1981 348 2052 illos
373 1991 406 2052 et
430 1982 638 2074 frequentem
656 1981 849 2052 Numidiam
874 1979 970 2050 multi
996 1979 1144 2073 vastique
1169 1980 1234 2050 loci
1252 1989 1357 2050 erant.

229 2127 350 2175 uxrn
399 2105 465 2175 Sed
490 2104 649 2198 quoniam
683 2105 718 2174 in
750 2103 810 2174 bas
841 2103 997 2194 regiones
1022 2126 1082 2194 per
1106 2103 1357 2196 Leptitanorum

157 2230 292 2322 negotia
317 2228 484 2311 venimns;
510 2251 576 2299 non
593 2229 769 2321 indignum
786 2227 915 2299 videtur
942 2227 1114 2318 egregium
1136 2236 1236 2320 atque
1253 2226 1358 2296 mira-

155 2353 222 2426 bile
248 2354 379 2424 lacinus
409 2354 551 2425 duorum
577 2352 901 2444 Carthaginiensium
935 2375 1140 2433 memorare;
1179 2374 1253 2420 eam
1284 2372 1355 2420 rem

155 2501 215 2548 nos
239 2479 334 2550 locus
359 2478 541 2550 admonuit.
596 2478 673 2561 Qua
697 2486 888 2570 tempestate
915 2475 1204 2566 Carthaginienses
1234 2475 1356 2568 plerae-

154 2626 220 2696 que
252 2604 377 2674 Africa
411 2602 656 2696 imperitabant,
697 2603 902 2696 Cyrenenses
939 2622 1071 2694 quoque
1105 2599 1219 2690 magni
1256 2610 1353 2692 atque

156 2727 304 2819 opulenti
329 2729 433 2798 fuere.
483 2729 575 2818 Ager
599 2727 635 2797 in
660 2727 770 2797 medio
802 2749 970 2809 arenosus,
1004 2747 1070 2796 una
1104 2724 1213 2817 specie
1246 2749 1353 2819 neque

157 2849 279 2921 llnmen
305 2873 415 2944 neque
446 2874 542 2922 mons
573 2863 654 2934 erat,
690 2852 748 2946 qui
780 2853 855 2922 linis
880 2875 996 2923 corum
1021 2853 1240 2932 discerneret;
1279 2873 1353 2945 quae

155 2997 207 3044 res
231 2975 350 3045 cosin
374 2997 498 3068 magno
523 2975 746 3070 diuturnoque
775 2978 862 3048 bello
896 2977 983 3047 inter
1014 3000 1049 3046 se
1081 2977 1208 3047 babuit.
1260 2977 1354 3046 Post-

154 3122 253 3191 qnam
286 3099 455 3192 utrimque
492 3101 640 3192 legiones
673 3101 752 3171 item
786 3102 907 3170 classes
935 3123 1022 3195 saepe
1049 3102 1129 3172 susae
1154 3101 1351 3192 fugataeque,

154 3235 186 3293 et
209 3223 306 3294 alteri
332 3224 452 3294 alteros
477 3225 681 3318 aliquantum
706 3225 917 3307 attriverant;
947 3225 1055 3308 veriti,
1081 3249 1227 3297 nemon
1252 3225 1352 3296 victos

154 3347 359 3441 rictoresque
384 3349 528 3420 defessos
553 3351 639 3420 alius
665 3349 913 3440 aggrederetur,
943 3372 1003 3440 per
1028 3349 1177 3420 inducias
1202 3349 1352 3442 sponsio-

155 3493 229 3540 nem
253 3471 391 3554 faciunt,
421 3472 470 3542 nti
503 3483 593 3543 certo
617 3471 672 3542 die
697 3472 798 3563 legati
822 3473 922 3543 domo
948 3473 1250 3565 proficiscerentur;
1285 3497 1351 3566 quo

157 3593 191 3664 in
214 3596 291 3665 loco
316 3597 403 3667 inter
427 3619 464 3666 se
489 3596 579 3667 obvii
603 3597 751 3678 finissent,
778 3597 805 3668 is
830 3598 1016 3669 communis
1041 3597 1212 3689 utriusque
1236 3599 1351 3691 populi

154 3717 225 3790 linis
249 3718 440 3790 haberetur.
490 3720 595 3812 Igitur
621 3719 822 3813 Cartbagine
848 3720 914 3792 duo
940 3722 1056 3792 fratres
1087 3723 1191 3804 missi,
1230 3722 1351 3815 quibus

152 3863 272 3913 nomen
306 3841 466 3914 Philaenis
496 3856 577 3927 erat,
614 3856 820 3916 maturavere
854 3847 916 3916 iter
947 3869 1106 3938 pergere:
1145 3847 1350 3939 Cyrenenses

152 3965 273 4037 tardius
298 3968 379 4038 iere.
417 3968 455 4038 ld
480 3969 673 4040 socordiane
699 3993 742 4040 au
767 3993 846 4041 casn
867 3970 1036 4052 acciderit,
1062 3993 1180 4063 parum
1198 3973 1348 4062 cognovi.

153 4089 303 4162 Ceterum
338 4094 421 4164 solet
455 4093 489 4164 in
520 4094 587 4166 illis
618 4094 700 4165 locis
733 4105 906 4189 tempestas
941 4095 1029 4166 baud
1063 4119 1158 4166 secus
1189 4105 1288 4188 atque
1314 4096 1347 4165 iu

151 4216 231 4286 nari
247 4216 406 4287 retinere.
450 4219 534 4288 Nam
561 4218 618 4288 ubi
643 4242 704 4311 per
728 4219 799 4290 loca
820 4221 959 4313 aeqnalia
985 4231 1017 4291 et
1035 4219 1124 4292 nuda
1141 4219 1348 4312 gignentium

151 4349 263 4410 ventus
288 4351 420 4412 coortus
445 4364 582 4412 arenam
608 4342 711 4414 burno
736 4343 901 4426 excitavit,
928 4367 979 4427 ea,
1007 4365 1129 4436 magna
1155 4344 1187 4413 vi
1213 4343 1347 4435 agitata,

150 4483 207 4534 ora
239 4465 421 4560 oculosque
462 4468 601 4561 implere
634 4469 730 4550 solet,
773 4469 817 4538 ita
842 4478 1016 4562 prospectu
1042 4468 1200 4562 impedito
1225 4471 1347 4540 morari

152 4585 219 4656 iter.
263 4590 440 4683 Postquam
466 4592 671 4686 Cyrenenses
697 4592 867 4687 aliquanto
893 4593 1090 4685 posteriores
1119 4617 1154 4664 se
1181 4593 1291 4664 vident
1316 4605 1349 4663 et

151 4710 285 4786 obrem
311 4725 499 4807 corruptam
533 4715 622 4788 domi
652 4739 765 4810 pinnas
799 4727 965 4800 metuunt;
1006 4718 1175 4789 criminari
1208 4719 1346 4792 Cartba-
