3582 5594
1293 690 1361 761 ¹33

157 901 285 970 torumt
321 892 409 985 quod
435 894 570 987 quidem
596 895 758 965 scelerum
784 894 874 964 illius
899 894 953 964 vel
978 915 1169 963 maxumum
1202 901 1262 972 est,
1294 913 1361 960 non

157 1035 210 1082 me
236 1037 348 1106 neque
370 1038 575 1109 quemquam
591 1019 741 1088 omnium
758 1019 837 1088 satis
858 1025 963 1087 tutum
982 1016 1094 1096 luisse,
1120 1014 1253 1085 sirecte
1271 1014 1361 1084 lace-

156 1159 279 1208 remus.
320 1139 430 1234 Atque
456 1140 525 1220 illa,
551 1164 626 1234 quae
652 1153 721 1212 tum
748 1141 923 1211 formidine
941 1149 1109 1210 mercatus
1130 1161 1215 1219 sum,
1241 1138 1358 1230 pretio,

156 1261 262 1331 soluto
288 1263 375 1344 inre,
402 1263 545 1335 dominis
563 1277 673 1335 tamen
692 1267 842 1336 restituo:
869 1286 980 1357 neque
1005 1265 1072 1357 pati
1097 1263 1273 1332 consilium
1299 1273 1357 1342 est,

156 1385 258 1455 ullam
285 1409 330 1457 ex
354 1389 481 1459 civibus
505 1390 652 1482 praedam
677 1413 760 1459 esse.
810 1389 893 1460 Satis
918 1389 976 1459 illa
1001 1388 1133 1470 luerint,
1165 1409 1240 1478 quae
1265 1385 1357 1456 rabie

155 1521 323 1580 contracta
358 1513 584 1596 toleravimus,
621 1537 741 1585 manns
774 1513 976 1583 conserentis
1008 1512 1096 1581 inter
1126 1533 1160 1580 se
1189 1511 1357 1580 Romanos

155 1634 332 1716 exercitus,
359 1647 392 1704 et
407 1657 501 1707 arum
525 1638 569 1708 ab
594 1639 740 1708 externis
766 1639 799 1708 in
827 1647 956 1707 nosmet
978 1659 1085 1706 vorsu.
1128 1636 1298 1705 Scelerum
1324 1645 1357 1704 et

154 1758 431 1829 contumeliarum
461 1761 611 1831 omnium
641 1761 715 1831 finis
746 1763 798 1831 sit.
848 1763 999 1844 Quorum
1025 1760 1109 1831 adeo
1135 1759 1263 1829 Sullam
1287 1779 1354 1826 non

152 1882 297 1974 paenitet,
333 1893 369 1952 ut
393 1895 426 1953 et
451 1885 537 1954 lacta
563 1885 597 1954 in
628 1886 736 1977 gloria
769 1895 921 1957 numeret
955 1895 998 1966 et,
1032 1883 1192 1963 silicem,
1227 1881 1354 1952 avidius

152 2006 278 2076 lecerit.
322 2010 439 2101 Neque
457 2009 523 2078 iam
549 2010 629 2102 qnid
655 2011 859 2079 existumetis
885 2010 926 2079 de
944 2009 1013 2090 illo,
1041 2007 1099 2077 sed
1115 2015 1274 2100 qnantum
1292 2028 1354 2076 au·

151 2128 256 2200 deatis
279 2153 418 2201 vereor:
455 2156 510 2216 ne,
545 2133 630 2204 alius
664 2135 767 2204 alium
797 2133 984 2226 principem
1023 2140 1244 2223 expectantes,
1278 2139 1353 2198 ante

151 2255 343 2348 capiamini,
369 2278 436 2324 non
461 2257 580 2349 opibus
605 2258 687 2338 eius,
714 2281 788 2352 qnae
814 2258 924 2329 lutiles
949 2268 982 2326 et
1003 2265 1165 2347 corruptae
1181 2263 1268 2333 sunt,
1293 2253 1351 2322 sed

149 2390 259 2449 vestra
284 2380 447 2463 socordia,
484 2404 584 2474 quam
610 2392 740 2475 raptum
771 2382 813 2453 iri
842 2382 920 2451 licet
949 2390 982 2450 et
1005 2402 1105 2472 quam
1131 2378 1254 2447 audeas
1280 2385 1351 2447 tum

150 2503 255 2573 rideri
273 2504 420 2574 felicem.
469 2506 554 2575 Nam
573 2517 693 2596 praeter
710 2507 866 2576 satellites
882 2505 1127 2575 conmaculatos
1144 2505 1217 2596 quis
1235 2503 1350 2572 eadem

150 2628 242 2697 vulti
279 2639 335 2698 aut
360 2629 435 2722 quis
460 2653 527 2700 non
553 2630 666 2700 omnia
691 2641 816 2701 mutata
840 2640 959 2722 praeter
983 2627 1180 2699 victoriam?
1218 2626 1351 2696 Scilicet

150 2751 281 2834 milites,
313 2777 456 2847 quorum
481 2755 643 2846 sanguine
668 2754 800 2824 Tarulae
826 2754 1013 2847 Sunnoque,
1047 2751 1212 2846 pessumis
1236 2773 1350 2821 servo-

148 2899 235 2958 rum,
266 2875 390 2947 divitiae
414 2889 517 2970 partae
543 2878 643 2948 sunt‘l
685 2901 728 2947 an
760 2877 882 2972 quihus
906 2877 1062 2969 praelatus
1087 2876 1122 2945 in
1147 2873 1349 2966 magistrati·

148 2999 208 3070 bns
233 3000 406 3093 capiundis
431 3002 591 3082 Fufidius,
625 3002 747 3071 ancilla
773 3003 888 3094 turpis,
922 3001 1088 3071 honorum
1113 2999 1262 3069 omnium
1288 3000 1347 3069 de-

147 3122 457 3195 honestamentum?
494 3127 609 3219 ltaque
629 3148 822 3196 maxumam
847 3123 931 3194 mihi
956 3124 1111 3194 fiduciam
1136 3123 1223 3215 parit
1243 3123 1349 3194 victor

147 3249 323 3329 exercitus,
356 3249 410 3318 cui
434 3272 495 3341 per
518 3261 565 3319 tot
589 3251 727 3320 volnera
756 3261 787 3319 et
811 3251 943 3320 labores
973 3248 1058 3318 nihil
1089 3257 1209 3340 praeter
1233 3255 1348 3340 tyram

145 3393 226 3442 num
244 3373 420 3465 quaesitum
445 3383 504 3442 est.
542 3374 613 3443 Nisi
638 3375 721 3444 sorte
747 3374 960 3445 tribuniciam
979 3382 1172 3465 potestatem
1195 3393 1347 3442 evorsum

144 3497 284 3588 protecti
302 3508 378 3566 sunt
393 3521 454 3590 per
479 3521 573 3569 arma
598 3499 764 3569 conditam
789 3522 810 3568 a
836 3497 1016 3569 maioribus
1037 3497 1115 3578 suis,
1142 3495 1256 3588 utique
1273 3495 1347 3567 iura

145 3629 175 3689 et
196 3620 322 3691 iudicia
343 3621 475 3692 sibimet
492 3631 742 3715 extorquerent;
770 3623 905 3716 egregia
925 3623 1053 3692 scilicet
1077 3621 1243 3704 mercede,
1269 3643 1346 3692 cum

143 3746 285 3838 relegati
302 3747 337 3816 in
354 3748 493 3840 paludes
511 3759 543 3818 et
559 3749 668 3829 silvas,
695 3749 931 3820 contumeliam
948 3758 1047 3841 atque
1063 3747 1222 3817 invidiam
1239 3767 1345 3827 suam,

143 3871 281 3962 praemia
301 3894 402 3963 penes
418 3895 541 3964 paucos
559 3874 793 3963 intellegerint.
836 3878 949 3962 Quare
975 3877 1076 3968 igitur
1099 3886 1191 3946 tanto
1212 3873 1345 3965 agmine

142 4004 241 4088 atque
267 3995 386 4064 animis
412 3995 558 4066 incedit?
596 3998 675 4090 quia
700 4001 853 4070 secundae
878 4025 931 4071 res
956 4003 1042 4073 mire
1071 4015 1147 4075 sunt
1170 4005 1258 4075 vitiis
1283 4027 1347 4098 op·

142 4121 264 4202 tentui;
298 4121 419 4213 quihus
443 4121 626 4208 lalrelactis,
658 4149 759 4219 quam
791 4129 984 4202 formidatus
1009 4143 1068 4213 est,
1102 4143 1169 4202 tam
1195 4140 1345 4202 contem-

141 4254 249 4315 netur.
292 4247 364 4317 Nisi
395 4248 478 4320 sorte
510 4250 621 4343 specie
655 4253 839 4322 concordiae
866 4266 898 4324 et
921 4256 1025 4348 pacis,
1059 4280 1134 4352 quae
1165 4260 1282 4330 sceleri
1313 4273 1345 4331 et

141 4370 324 4459 parricidio
348 4393 409 4442 sno
434 4375 571 4445 nomina
596 4375 725 4446 indidit.
769 4379 885 4472 Neque
912 4381 1008 4453 aliter
1032 4405 1104 4453 rem
1119 4383 1287 4476 publicam
1312 4398 1345 4456 et

141 4489 219 4562 belli
246 4493 348 4564 finem
373 4495 430 4577 ait,
456 4498 520 4568 nisi
545 4509 679 4569 maneat
704 4502 842 4594 expulsa
867 4504 957 4595 agris
981 4505 1107 4598 plebes,
1132 4507 1244 4600 praeda
1261 4508 1344 4578 civi·

140 4615 181 4685 lis
211 4616 448 4702 acerbissuma,
487 4622 539 4692 ius
573 4623 799 4719 iudiciumque
834 4627 983 4697 omnium
1014 4652 1128 4700 rerum
1161 4654 1263 4724 penes
1295 4655 1341 4715 se,

142 4741 226 4831 quod
261 4744 375 4835 populi
407 4745 547 4816 Romani
584 4748 654 4818 luit.
703 4750 798 4832 Quae,
838 4751 865 4820 si
891 4753 984 4822 vobis
1016 4778 1081 4847 pax
1107 4765 1139 4825 et
1164 4759 1342 4850 composita
