<?xml version="1.0" encoding="UTF-8"?>
<!DOCTYPE html PUBLIC "-//W3C//DTD XHTML 1.0 Transitional//EN"
    "http://www.w3.org/TR/xhtml1/DTD/xhtml1-transitional.dtd">
<html xmlns="http://www.w3.org/1999/xhtml" xml:lang="en" lang="en">
 <head>
  <title>
</title>
<meta http-equiv="Content-Type" content="text/html;charset=utf-8" />
  <meta name='ocr-system' content='tesseract 3.04.00' />
  <meta name='ocr-capabilities' content='ocr_page ocr_carea ocr_par ocr_line ocrx_word'/>
</head>
<body>
  <div class='ocr_page' id='page_1' title='image "./gaisalustiicris00rothgoog_0078.png"; bbox 0 0 3610 5592; ppageno 0'>
   <div class='ocr_carea' id='block_1_1' title="bbox 1315 687 1356 755">
    <p class='ocr_par' dir='ltr' id='par_1_1' title="bbox 1315 687 1356 755">
     <span class='ocr_line' id='line_1_1' title="bbox 1315 687 1356 755; baseline 0 0"><span class='ocrx_word' id='word_1_1' title='bbox 1315 687 1356 755; x_wconf 77' lang='lat' dir='ltr'><strong>dl</strong></span> 
     </span>
    </p>
   </div>
   <div class='ocr_carea' id='block_1_2' title="bbox 162 877 1366 3332">
    <p class='ocr_par' dir='ltr' id='par_1_2' title="bbox 162 877 1364 1824">
     <span class='ocr_line' id='line_1_2' title="bbox 162 877 1363 980; baseline 0.005 -28"><span class='ocrx_word' id='word_1_2' title='bbox 162 881 326 964; x_wconf 78' lang='lat' dir='ltr'>consedit,</span> <span class='ocrx_word' id='word_1_3' title='bbox 354 905 421 974; x_wconf 90' lang='lat' dir='ltr'><strong>qna</strong></span> <span class='ocrx_word' id='word_1_4' title='bbox 446 881 495 952; x_wconf 88' lang='lat' dir='ltr'><strong>illi</strong></span> <span class='ocrx_word' id='word_1_5' title='bbox 512 883 770 955; x_wconf 89' lang='lat' dir='ltr'><strong>descensuscrat</strong></span> <span class='ocrx_word' id='word_1_6' title='bbox 795 885 829 954; x_wconf 93' lang='lat' dir='ltr'><strong>in</strong></span> <span class='ocrx_word' id='word_1_7' title='bbox 847 885 990 956; x_wconf 85' lang='lat' dir='ltr'><strong>Galliam</strong></span> <span class='ocrx_word' id='word_1_8' title='bbox 1008 877 1207 979; x_wconf 75' lang='lat' dir='ltr'><strong>properanti.</strong></span> <span class='ocrx_word' id='word_1_9' title='bbox 1247 889 1363 980; x_wconf 80' lang='lat' dir='ltr'>Neque</span> 
     </span>
     <span class='ocr_line' id='line_1_3' title="bbox 163 1007 1364 1104; baseline 0.007 -30"><span class='ocrx_word' id='word_1_10' title='bbox 163 1018 274 1076; x_wconf 77' lang='lat' dir='ltr'><strong>minen</strong></span> <span class='ocrx_word' id='word_1_11' title='bbox 308 1007 472 1078; x_wconf 78' lang='lat' dir='ltr'><strong>Antonius</strong></span> <span class='ocrx_word' id='word_1_12' title='bbox 508 1008 623 1101; x_wconf 90' lang='lat' dir='ltr'><strong>procul</strong></span> <span class='ocrx_word' id='word_1_13' title='bbox 657 1009 784 1092; x_wconf 88' lang='lat' dir='ltr'><strong>aberat,</strong></span> <span class='ocrx_word' id='word_1_14' title='bbox 817 1020 928 1104; x_wconf 83' lang='lat' dir='ltr'><strong>utpote</strong></span> <span class='ocrx_word' id='word_1_15' title='bbox 959 1010 1017 1103; x_wconf 89' lang='lat' dir='ltr'><strong>qni</strong></span> <span class='ocrx_word' id='word_1_16' title='bbox 1050 1031 1173 1102; x_wconf 84' lang='lat' dir='ltr'><strong>magno</strong></span> <span class='ocrx_word' id='word_1_17' title='bbox 1217 1012 1364 1082; x_wconf 85' lang='lat' dir='ltr'><strong>exercitu</strong></span> 
     </span>
     <span class='ocr_line' id='line_1_4' title="bbox 163 1132 1362 1226; baseline 0.004 -26"><span class='ocrx_word' id='word_1_18' title='bbox 163 1132 245 1200; x_wconf 90' lang='lat' dir='ltr'><strong>locis</strong></span> <span class='ocrx_word' id='word_1_19' title='bbox 269 1132 473 1224; x_wconf 75' lang='lat' dir='ltr'><strong>aequioribus</strong></span> <span class='ocrx_word' id='word_1_20' title='bbox 502 1133 672 1226; x_wconf 84' lang='lat' dir='ltr'><strong>expeditos</strong></span> <span class='ocrx_word' id='word_1_21' title='bbox 706 1135 740 1204; x_wconf 95' lang='lat' dir='ltr'><strong>in</strong></span> <span class='ocrx_word' id='word_1_22' title='bbox 772 1134 851 1226; x_wconf 84' lang='lat' dir='ltr'><strong>loga</strong></span> <span class='ocrx_word' id='word_1_23' title='bbox 876 1145 1078 1226; x_wconf 82' lang='lat' dir='ltr'><strong>sequeretur.</strong></span> <span class='ocrx_word' id='word_1_24' title='bbox 1118 1135 1181 1206; x_wconf 87' lang='lat' dir='ltr'><strong>Sed</strong></span> <span class='ocrx_word' id='word_1_25' title='bbox 1207 1136 1362 1217; x_wconf 82' lang='lat' dir='ltr'><strong>Catilina,</strong></span> 
     </span>
     <span class='ocr_line' id='line_1_5' title="bbox 163 1256 1363 1352; baseline 0.003 -28"><span class='ocrx_word' id='word_1_26' title='bbox 163 1267 338 1348; x_wconf 87' lang='lat' dir='ltr'><strong>postquam</strong></span> <span class='ocrx_word' id='word_1_27' title='bbox 362 1256 453 1326; x_wconf 88' lang='lat' dir='ltr'><strong>videt</strong></span> <span class='ocrx_word' id='word_1_28' title='bbox 486 1257 652 1328; x_wconf 89' lang='lat' dir='ltr'><strong>montibus</strong></span> <span class='ocrx_word' id='word_1_29' title='bbox 686 1269 784 1352; x_wconf 89' lang='lat' dir='ltr'><strong>atque</strong></span> <span class='ocrx_word' id='word_1_30' title='bbox 810 1260 913 1352; x_wconf 91' lang='lat' dir='ltr'><strong>copiis</strong></span> <span class='ocrx_word' id='word_1_31' title='bbox 938 1259 1081 1329; x_wconf 88' lang='lat' dir='ltr'><strong>hostium</strong></span> <span class='ocrx_word' id='word_1_32' title='bbox 1106 1282 1176 1330; x_wconf 90' lang='lat' dir='ltr'><strong>sese</strong></span> <span class='ocrx_word' id='word_1_33' title='bbox 1202 1259 1363 1340; x_wconf 90' lang='lat' dir='ltr'><strong>clausum,</strong></span> 
     </span>
     <span class='ocr_line' id='line_1_6' title="bbox 164 1379 1363 1476; baseline 0.003 -28"><span class='ocrx_word' id='word_1_34' title='bbox 164 1381 198 1448; x_wconf 93' lang='lat' dir='ltr'><strong>in</strong></span> <span class='ocrx_word' id='word_1_35' title='bbox 224 1379 308 1450; x_wconf 86' lang='lat' dir='ltr'><strong>urhe</strong></span> <span class='ocrx_word' id='word_1_36' title='bbox 332 1403 389 1450; x_wconf 90' lang='lat' dir='ltr'><strong>res</strong></span> <span class='ocrx_word' id='word_1_37' title='bbox 405 1381 559 1452; x_wconf 83' lang='lat' dir='ltr'><strong>adversas</strong></span> <span class='ocrx_word' id='word_1_38' title='bbox 584 1404 692 1474; x_wconf 90' lang='lat' dir='ltr'><strong>neque</strong></span> <span class='ocrx_word' id='word_1_39' title='bbox 717 1383 934 1475; x_wconf 72' lang='lat' dir='ltr'><strong>fugereque</strong></span> <span class='ocrx_word' id='word_1_40' title='bbox 959 1383 1105 1475; x_wconf 79' lang='lat' dir='ltr'><strong>presidii</strong></span> <span class='ocrx_word' id='word_1_41' title='bbox 1130 1383 1233 1453; x_wconf 92' lang='lat' dir='ltr'><strong>ullam</strong></span> <span class='ocrx_word' id='word_1_42' title='bbox 1259 1405 1363 1476; x_wconf 89' lang='lat' dir='ltr'><strong>spem,</strong></span> 
     </span>
     <span class='ocr_line' id='line_1_7' title="bbox 163 1504 1364 1599; baseline 0.002 -25"><span class='ocrx_word' id='word_1_43' title='bbox 163 1513 336 1596; x_wconf 89' lang='lat' dir='ltr'><strong>optumum</strong></span> <span class='ocrx_word' id='word_1_44' title='bbox 361 1504 449 1574; x_wconf 85' lang='lat' dir='ltr'><strong>laetu</strong></span> <span class='ocrx_word' id='word_1_45' title='bbox 473 1515 562 1574; x_wconf 89' lang='lat' dir='ltr'><strong>ratus</strong></span> <span class='ocrx_word' id='word_1_46' title='bbox 594 1506 629 1574; x_wconf 90' lang='lat' dir='ltr'><strong>in</strong></span> <span class='ocrx_word' id='word_1_47' title='bbox 654 1507 713 1575; x_wconf 91' lang='lat' dir='ltr'><strong>tali</strong></span> <span class='ocrx_word' id='word_1_48' title='bbox 739 1529 775 1576; x_wconf 90' lang='lat' dir='ltr'><strong>re</strong></span> <span class='ocrx_word' id='word_1_49' title='bbox 804 1507 970 1577; x_wconf 74' lang='lat' dir='ltr'><strong>lomnnam</strong></span> <span class='ocrx_word' id='word_1_50' title='bbox 988 1507 1069 1578; x_wconf 91' lang='lat' dir='ltr'><strong>belli</strong></span> <span class='ocrx_word' id='word_1_51' title='bbox 1094 1515 1269 1599; x_wconf 90' lang='lat' dir='ltr'><strong>temptare,</strong></span> <span class='ocrx_word' id='word_1_52' title='bbox 1296 1518 1364 1577; x_wconf 92' lang='lat' dir='ltr'><strong>sta-</strong></span> 
     </span>
     <span class='ocr_line' id='line_1_8' title="bbox 163 1628 1364 1723; baseline 0.003 -27"><span class='ocrx_word' id='word_1_53' title='bbox 163 1628 226 1698; x_wconf 85' lang='lat' dir='ltr'><strong>tuit</strong></span> <span class='ocrx_word' id='word_1_54' title='bbox 250 1649 328 1698; x_wconf 90' lang='lat' dir='ltr'><strong>cum</strong></span> <span class='ocrx_word' id='word_1_55' title='bbox 353 1629 497 1698; x_wconf 82' lang='lat' dir='ltr'><strong>Antonio</strong></span> <span class='ocrx_word' id='word_1_56' title='bbox 522 1630 792 1723; x_wconf 88' lang='lat' dir='ltr'><strong>quamprimum</strong></span> <span class='ocrx_word' id='word_1_57' title='bbox 823 1629 1014 1721; x_wconf 83' lang='lat' dir='ltr'><strong>confligere.</strong></span> <span class='ocrx_word' id='word_1_58' title='bbox 1057 1632 1171 1723; x_wconf 90' lang='lat' dir='ltr'><strong>ltaque</strong></span> <span class='ocrx_word' id='word_1_59' title='bbox 1211 1631 1364 1701; x_wconf 87' lang='lat' dir='ltr'><strong>contione</strong></span> 
     </span>
     <span class='ocr_line' id='line_1_9' title="bbox 163 1751 948 1824; baseline 0.005 -4"><span class='ocrx_word' id='word_1_60' title='bbox 163 1751 324 1821; x_wconf 79' lang='lat' dir='ltr'><strong>advocata</strong></span> <span class='ocrx_word' id='word_1_61' title='bbox 352 1752 582 1822; x_wconf 88' lang='lat' dir='ltr'><strong>huiuscemodi</strong></span> <span class='ocrx_word' id='word_1_62' title='bbox 606 1754 789 1824; x_wconf 87' lang='lat' dir='ltr'><strong>orationem</strong></span> <span class='ocrx_word' id='word_1_63' title='bbox 815 1753 948 1824; x_wconf 87' lang='lat' dir='ltr'><strong>hahuit:</strong></span> 
     </span>
    </p>

    <p class='ocr_par' dir='ltr' id='par_1_3' title="bbox 163 1877 1366 3332">
     <span class='ocr_line' id='line_1_10' title="bbox 236 1877 1363 1971; baseline 0.003 -25"><span class='ocrx_word' id='word_1_64' title='bbox 236 1900 328 1947; x_wconf 74' lang='lat' dir='ltr'><strong>nuru.</strong></span> <span class='ocrx_word' id='word_1_65' title='bbox 384 1879 618 1971; x_wconf 68' lang='lat' dir='ltr'><strong>«compertum</strong></span> <span class='ocrx_word' id='word_1_66' title='bbox 650 1901 713 1970; x_wconf 84' lang='lat' dir='ltr'><strong>ego</strong></span> <span class='ocrx_word' id='word_1_67' title='bbox 744 1877 871 1959; x_wconf 86' lang='lat' dir='ltr'><strong>habeo,</strong></span> <span class='ocrx_word' id='word_1_68' title='bbox 904 1878 1041 1959; x_wconf 81' lang='lat' dir='ltr'><strong>milites,</strong></span> <span class='ocrx_word' id='word_1_69' title='bbox 1077 1877 1179 1948; x_wconf 85' lang='lat' dir='ltr'><strong>verba</strong></span> <span class='ocrx_word' id='word_1_70' title='bbox 1211 1879 1363 1949; x_wconf 91' lang='lat' dir='ltr'><strong>virtutem</strong></span> 
     </span>
     <span class='ocr_line' id='line_1_11' title="bbox 163 2001 1364 2096; baseline 0.002 -26"><span class='ocrx_word' id='word_1_71' title='bbox 163 2024 230 2070; x_wconf 92' lang='lat' dir='ltr'><strong>non</strong></span> <span class='ocrx_word' id='word_1_72' title='bbox 244 2001 386 2084; x_wconf 85' lang='lat' dir='ltr'><strong>addere,</strong></span> <span class='ocrx_word' id='word_1_73' title='bbox 412 2024 521 2096; x_wconf 89' lang='lat' dir='ltr'><strong>neque</strong></span> <span class='ocrx_word' id='word_1_74' title='bbox 539 2025 583 2072; x_wconf 84' lang='lat' dir='ltr'><strong>ex</strong></span> <span class='ocrx_word' id='word_1_75' title='bbox 598 2003 718 2094; x_wconf 84' lang='lat' dir='ltr'><strong>ignavo</strong></span> <span class='ocrx_word' id='word_1_76' title='bbox 736 2012 915 2084; x_wconf 90' lang='lat' dir='ltr'><strong>strennum,</strong></span> <span class='ocrx_word' id='word_1_77' title='bbox 933 2025 1043 2094; x_wconf 90' lang='lat' dir='ltr'><strong>neque</strong></span> <span class='ocrx_word' id='word_1_78' title='bbox 1061 2003 1178 2072; x_wconf 84' lang='lat' dir='ltr'><strong>sortem</strong></span> <span class='ocrx_word' id='word_1_79' title='bbox 1193 2027 1234 2073; x_wconf 88' lang='lat' dir='ltr'><strong>ex</strong></span> <span class='ocrx_word' id='word_1_80' title='bbox 1247 2003 1364 2074; x_wconf 90' lang='lat' dir='ltr'><strong>timido</strong></span> 
     </span>
     <span class='ocr_line' id='line_1_12' title="bbox 164 2125 1365 2219; baseline 0.002 -25"><span class='ocrx_word' id='word_1_81' title='bbox 164 2125 347 2194; x_wconf 84' lang='lat' dir='ltr'><strong>exercitum</strong></span> <span class='ocrx_word' id='word_1_82' title='bbox 372 2126 520 2195; x_wconf 87' lang='lat' dir='ltr'><strong>oratione</strong></span> <span class='ocrx_word' id='word_1_83' title='bbox 546 2125 752 2218; x_wconf 87' lang='lat' dir='ltr'><strong>imperatoris</strong></span> <span class='ocrx_word' id='word_1_84' title='bbox 778 2125 862 2196; x_wconf 88' lang='lat' dir='ltr'><strong>lieri.</strong></span> <span class='ocrx_word' id='word_1_85' title='bbox 905 2126 1039 2210; x_wconf 83' lang='lat' dir='ltr'><strong>Quanta</strong></span> <span class='ocrx_word' id='word_1_86' title='bbox 1068 2127 1227 2219; x_wconf 86' lang='lat' dir='ltr'><strong>cuiusque</strong></span> <span class='ocrx_word' id='word_1_87' title='bbox 1254 2128 1365 2196; x_wconf 88' lang='lat' dir='ltr'><strong>animo</strong></span> 
     </span>
     <span class='ocr_line' id='line_1_13' title="bbox 165 2248 1364 2343; baseline 0.003 -26"><span class='ocrx_word' id='word_1_88' title='bbox 165 2248 306 2318; x_wconf 89' lang='lat' dir='ltr'><strong>audacia</strong></span> <span class='ocrx_word' id='word_1_89' title='bbox 330 2259 450 2318; x_wconf 89' lang='lat' dir='ltr'><strong>natura</strong></span> <span class='ocrx_word' id='word_1_90' title='bbox 475 2259 532 2318; x_wconf 89' lang='lat' dir='ltr'><strong>aut</strong></span> <span class='ocrx_word' id='word_1_91' title='bbox 555 2249 702 2320; x_wconf 84' lang='lat' dir='ltr'><strong>moribus</strong></span> <span class='ocrx_word' id='word_1_92' title='bbox 728 2248 827 2332; x_wconf 90' lang='lat' dir='ltr'><strong>inest,</strong></span> <span class='ocrx_word' id='word_1_93' title='bbox 854 2260 944 2320; x_wconf 90' lang='lat' dir='ltr'><strong>tanta</strong></span> <span class='ocrx_word' id='word_1_94' title='bbox 969 2251 1003 2320; x_wconf 93' lang='lat' dir='ltr'><strong>in</strong></span> <span class='ocrx_word' id='word_1_95' title='bbox 1021 2250 1110 2321; x_wconf 88' lang='lat' dir='ltr'><strong>bello</strong></span> <span class='ocrx_word' id='word_1_96' title='bbox 1126 2260 1239 2343; x_wconf 89' lang='lat' dir='ltr'><strong>patere</strong></span> <span class='ocrx_word' id='word_1_97' title='bbox 1264 2252 1364 2332; x_wconf 84' lang='lat' dir='ltr'><strong>solet;</strong></span> 
     </span>
     <span class='ocr_line' id='line_1_14' title="bbox 164 2373 1365 2467; baseline 0.002 -25"><span class='ocrx_word' id='word_1_98' title='bbox 164 2397 264 2466; x_wconf 91' lang='lat' dir='ltr'><strong>quem</strong></span> <span class='ocrx_word' id='word_1_99' title='bbox 290 2395 400 2465; x_wconf 90' lang='lat' dir='ltr'><strong>neque</strong></span> <span class='ocrx_word' id='word_1_100' title='bbox 424 2373 657 2466; x_wconf 84' lang='lat' dir='ltr'><strong>gloriansque</strong></span> <span class='ocrx_word' id='word_1_101' title='bbox 674 2374 823 2466; x_wconf 89' lang='lat' dir='ltr'><strong>pericula</strong></span> <span class='ocrx_word' id='word_1_102' title='bbox 848 2375 1009 2456; x_wconf 82' lang='lat' dir='ltr'><strong>excitant,</strong></span> <span class='ocrx_word' id='word_1_103' title='bbox 1035 2375 1258 2467; x_wconf 85' lang='lat' dir='ltr'><strong>nequicquam</strong></span> <span class='ocrx_word' id='word_1_104' title='bbox 1284 2375 1365 2446; x_wconf 88' lang='lat' dir='ltr'><strong>hor-</strong></span> 
     </span>
     <span class='ocr_line' id='line_1_15' title="bbox 164 2497 1365 2591; baseline 0.002 -25"><span class='ocrx_word' id='word_1_105' title='bbox 164 2509 249 2579; x_wconf 88' lang='lat' dir='ltr'><strong>tere,</strong></span> <span class='ocrx_word' id='word_1_106' title='bbox 284 2497 385 2566; x_wconf 89' lang='lat' dir='ltr'><strong>timor</strong></span> <span class='ocrx_word' id='word_1_107' title='bbox 409 2497 513 2566; x_wconf 92' lang='lat' dir='ltr'><strong>animi</strong></span> <span class='ocrx_word' id='word_1_108' title='bbox 547 2497 682 2568; x_wconf 89' lang='lat' dir='ltr'><strong>auribus</strong></span> <span class='ocrx_word' id='word_1_109' title='bbox 712 2497 825 2568; x_wconf 86' lang='lat' dir='ltr'><strong>officit.</strong></span> <span class='ocrx_word' id='word_1_110' title='bbox 876 2498 939 2569; x_wconf 90' lang='lat' dir='ltr'><strong>Sed</strong></span> <span class='ocrx_word' id='word_1_111' title='bbox 966 2520 1029 2589; x_wconf 83' lang='lat' dir='ltr'><strong>ego</strong></span> <span class='ocrx_word' id='word_1_112' title='bbox 1053 2521 1132 2581; x_wconf 83' lang='lat' dir='ltr'><strong>vos,</strong></span> <span class='ocrx_word' id='word_1_113' title='bbox 1167 2521 1233 2591; x_wconf 91' lang='lat' dir='ltr'><strong>quo</strong></span> <span class='ocrx_word' id='word_1_114' title='bbox 1259 2522 1365 2591; x_wconf 91' lang='lat' dir='ltr'><strong>panca</strong></span> 
     </span>
     <span class='ocr_line' id='line_1_16' title="bbox 163 2619 1364 2715; baseline 0.002 -25"><span class='ocrx_word' id='word_1_115' title='bbox 163 2643 353 2700; x_wconf 88' lang='lat' dir='ltr'><strong>monerem,</strong></span> <span class='ocrx_word' id='word_1_116' title='bbox 380 2619 556 2700; x_wconf 80' lang='lat' dir='ltr'><strong>advocavi3</strong></span> <span class='ocrx_word' id='word_1_117' title='bbox 582 2620 681 2690; x_wconf 89' lang='lat' dir='ltr'><strong>simul</strong></span> <span class='ocrx_word' id='word_1_118' title='bbox 705 2621 766 2690; x_wconf 50' lang='lat' dir='ltr'><strong>nti.</strong></span> <span class='ocrx_word' id='word_1_119' title='bbox 780 2643 913 2692; x_wconf 91' lang='lat' dir='ltr'><strong>causam</strong></span> <span class='ocrx_word' id='word_1_120' title='bbox 938 2622 1005 2691; x_wconf 91' lang='lat' dir='ltr'><strong>mei</strong></span> <span class='ocrx_word' id='word_1_121' title='bbox 1031 2621 1162 2691; x_wconf 91' lang='lat' dir='ltr'><strong>consilii</strong></span> <span class='ocrx_word' id='word_1_122' title='bbox 1188 2623 1364 2715; x_wconf 89' lang='lat' dir='ltr'><strong>aperirem.</strong></span> 
     </span>
     <span class='ocr_line' id='line_1_17' title="bbox 164 2743 1365 2838; baseline -0.001 -23"><span class='ocrx_word' id='word_1_123' title='bbox 164 2745 261 2815; x_wconf 85' lang='lat' dir='ltr'><strong>Scitis</strong></span> <span class='ocrx_word' id='word_1_124' title='bbox 286 2743 461 2836; x_wconf 85' lang='lat' dir='ltr'><strong>equidem,</strong></span> <span class='ocrx_word' id='word_1_125' title='bbox 487 2743 623 2826; x_wconf 83' lang='lat' dir='ltr'><strong>milites,</strong></span> <span class='ocrx_word' id='word_1_126' title='bbox 649 2743 801 2814; x_wconf 88' lang='lat' dir='ltr'><strong>socordia</strong></span> <span class='ocrx_word' id='word_1_127' title='bbox 824 2755 922 2838; x_wconf 88' lang='lat' dir='ltr'><strong>atque</strong></span> <span class='ocrx_word' id='word_1_128' title='bbox 948 2745 1082 2836; x_wconf 85' lang='lat' dir='ltr'><strong>ignavia</strong></span> <span class='ocrx_word' id='word_1_129' title='bbox 1099 2746 1231 2816; x_wconf 89' lang='lat' dir='ltr'><strong>Lentuli</strong></span> <span class='ocrx_word' id='word_1_130' title='bbox 1256 2768 1365 2837; x_wconf 89' lang='lat' dir='ltr'><strong>quan-</strong></span> 
     </span>
     <span class='ocr_line' id='line_1_18' title="bbox 165 2868 1365 2962; baseline 0.001 -24"><span class='ocrx_word' id='word_1_131' title='bbox 165 2881 231 2938; x_wconf 85' lang='lat' dir='ltr'><strong>tam</strong></span> <span class='ocrx_word' id='word_1_132' title='bbox 257 2869 321 2962; x_wconf 85' lang='lat' dir='ltr'><strong>ipsi</strong></span> <span class='ocrx_word' id='word_1_133' title='bbox 354 2868 516 2961; x_wconf 87' lang='lat' dir='ltr'><strong>nobisque</strong></span> <span class='ocrx_word' id='word_1_134' title='bbox 550 2868 680 2939; x_wconf 82' lang='lat' dir='ltr'><strong>cladem</strong></span> <span class='ocrx_word' id='word_1_135' title='bbox 714 2868 872 2950; x_wconf 89' lang='lat' dir='ltr'><strong>attulerit,</strong></span> <span class='ocrx_word' id='word_1_136' title='bbox 907 2891 1039 2960; x_wconf 90' lang='lat' dir='ltr'><strong>quoque</strong></span> <span class='ocrx_word' id='word_1_137' title='bbox 1068 2869 1185 2950; x_wconf 94' lang='lat' dir='ltr'><strong>modo,</strong></span> <span class='ocrx_word' id='word_1_138' title='bbox 1218 2869 1296 2940; x_wconf 94' lang='lat' dir='ltr'><strong>dnm</strong></span> <span class='ocrx_word' id='word_1_139' title='bbox 1323 2893 1365 2939; x_wconf 85' lang='lat' dir='ltr'><strong>ex</strong></span> 
     </span>
     <span class='ocr_line' id='line_1_19' title="bbox 164 2992 1364 3085; baseline -0.002 -21"><span class='ocrx_word' id='word_1_140' title='bbox 164 2993 247 3064; x_wconf 85' lang='lat' dir='ltr'><strong>urbe</strong></span> <span class='ocrx_word' id='word_1_141' title='bbox 285 2992 439 3085; x_wconf 82' lang='lat' dir='ltr'><strong>praesidia</strong></span> <span class='ocrx_word' id='word_1_142' title='bbox 476 2992 645 3085; x_wconf 90' lang='lat' dir='ltr'><strong>opperior,</strong></span> <span class='ocrx_word' id='word_1_143' title='bbox 683 2992 718 3061; x_wconf 90' lang='lat' dir='ltr'><strong>in</strong></span> <span class='ocrx_word' id='word_1_144' title='bbox 753 2992 897 3063; x_wconf 89' lang='lat' dir='ltr'><strong>Galliam</strong></span> <span class='ocrx_word' id='word_1_145' title='bbox 942 2992 1108 3084; x_wconf 84' lang='lat' dir='ltr'><strong>proficisci</strong></span> <span class='ocrx_word' id='word_1_146' title='bbox 1146 2993 1364 3085; x_wconf 89' lang='lat' dir='ltr'><strong>nequiverim.</strong></span> 
     </span>
     <span class='ocr_line' id='line_1_20' title="bbox 164 3117 1365 3208; baseline 0 -20"><span class='ocrx_word' id='word_1_147' title='bbox 164 3119 259 3188; x_wconf 87' lang='lat' dir='ltr'><strong>Nunc</strong></span> <span class='ocrx_word' id='word_1_148' title='bbox 284 3139 365 3186; x_wconf 86' lang='lat' dir='ltr'><strong>vero</strong></span> <span class='ocrx_word' id='word_1_149' title='bbox 397 3138 464 3208; x_wconf 94' lang='lat' dir='ltr'><strong>quo</strong></span> <span class='ocrx_word' id='word_1_150' title='bbox 499 3117 573 3187; x_wconf 89' lang='lat' dir='ltr'><strong>loco</strong></span> <span class='ocrx_word' id='word_1_151' title='bbox 610 3138 662 3186; x_wconf 90' lang='lat' dir='ltr'><strong>res</strong></span> <span class='ocrx_word' id='word_1_152' title='bbox 699 3127 818 3186; x_wconf 85' lang='lat' dir='ltr'><strong>nostrae</strong></span> <span class='ocrx_word' id='word_1_153' title='bbox 844 3117 924 3198; x_wconf 87' lang='lat' dir='ltr'><strong>sint,</strong></span> <span class='ocrx_word' id='word_1_154' title='bbox 960 3117 1052 3187; x_wconf 82' lang='lat' dir='ltr'><strong>iuxta</strong></span> <span class='ocrx_word' id='word_1_155' title='bbox 1090 3140 1222 3187; x_wconf 86' lang='lat' dir='ltr'><strong>mecum</strong></span> <span class='ocrx_word' id='word_1_156' title='bbox 1248 3139 1365 3188; x_wconf 91' lang='lat' dir='ltr'><strong>omnes</strong></span> 
     </span>
     <span class='ocr_line' id='line_1_21' title="bbox 163 3239 1366 3332; baseline 0 -22"><span class='ocrx_word' id='word_1_157' title='bbox 163 3240 369 3332; x_wconf 82' lang='lat' dir='ltr'><strong>intellegitis.</strong></span> <span class='ocrx_word' id='word_1_158' title='bbox 419 3240 593 3310; x_wconf 83' lang='lat' dir='ltr'><strong>Exercitus</strong></span> <span class='ocrx_word' id='word_1_159' title='bbox 627 3239 770 3310; x_wconf 88' lang='lat' dir='ltr'><strong>hostium</strong></span> <span class='ocrx_word' id='word_1_160' title='bbox 803 3241 889 3323; x_wconf 92' lang='lat' dir='ltr'><strong>dno,</strong></span> <span class='ocrx_word' id='word_1_161' title='bbox 919 3264 1005 3311; x_wconf 94' lang='lat' dir='ltr'><strong>unns</strong></span> <span class='ocrx_word' id='word_1_162' title='bbox 1030 3240 1073 3311; x_wconf 89' lang='lat' dir='ltr'><strong>ab</strong></span> <span class='ocrx_word' id='word_1_163' title='bbox 1098 3243 1201 3323; x_wconf 89' lang='lat' dir='ltr'><strong>urbe,</strong></span> <span class='ocrx_word' id='word_1_164' title='bbox 1236 3242 1366 3310; x_wconf 89' lang='lat' dir='ltr'><strong>altera</strong></span> 
     </span>
    </p>
   </div>
   <div class='ocr_carea' id='block_1_3' title="bbox 164 3364 1455 3445">
    <p class='ocr_par' dir='ltr' id='par_1_4' title="bbox 164 3364 1455 3445">
     <span class='ocr_line' id='line_1_22' title="bbox 164 3364 1455 3445; baseline -0.002 -10"><span class='ocrx_word' id='word_1_165' title='bbox 164 3366 275 3436; x_wconf 81' lang='lat' dir='ltr'><strong>Gallia</strong></span> <span class='ocrx_word' id='word_1_166' title='bbox 299 3364 448 3445; x_wconf 87' lang='lat' dir='ltr'><strong>obstant;</strong></span> <span class='ocrx_word' id='word_1_167' title='bbox 483 3365 604 3435; x_wconf 92' lang='lat' dir='ltr'><strong>diutius</strong></span> <span class='ocrx_word' id='word_1_168' title='bbox 629 3365 664 3432; x_wconf 95' lang='lat' dir='ltr'><strong>in</strong></span> <span class='ocrx_word' id='word_1_169' title='bbox 690 3364 741 3435; x_wconf 88' lang='lat' dir='ltr'><strong>his</strong></span> <span class='ocrx_word' id='word_1_170' title='bbox 767 3365 848 3435; x_wconf 91' lang='lat' dir='ltr'><strong>locis</strong></span> <span class='ocrx_word' id='word_1_171' title='bbox 873 3387 962 3445; x_wconf 89' lang='lat' dir='ltr'><strong>esse,</strong></span> <span class='ocrx_word' id='word_1_172' title='bbox 998 3365 1027 3433; x_wconf 91' lang='lat' dir='ltr'><strong>si</strong></span> <span class='ocrx_word' id='word_1_173' title='bbox 1052 3387 1208 3434; x_wconf 86' lang='lat' dir='ltr'><strong>maxume</strong></span> <span class='ocrx_word' id='word_1_174' title='bbox 1234 3365 1365 3433; x_wconf 91' lang='lat' dir='ltr'><strong>animus</strong></span> <span class='ocrx_word' id='word_1_175' title='bbox 1452 3367 1455 3374; x_wconf 79' lang='grc'><strong>“</strong></span> 
     </span>
    </p>
   </div>
   <div class='ocr_carea' id='block_1_4' title="bbox 53 3486 1366 4824">
    <p class='ocr_par' dir='ltr' id='par_1_5' title="bbox 53 3486 1366 4824">
     <span class='ocr_line' id='line_1_23' title="bbox 164 3486 1365 3581; baseline -0.002 -23"><span class='ocrx_word' id='word_1_176' title='bbox 164 3490 263 3571; x_wconf 84' lang='lat' dir='ltr'><strong>ferat,</strong></span> <span class='ocrx_word' id='word_1_177' title='bbox 289 3489 448 3558; x_wconf 80' lang='lat' dir='ltr'><strong>frumenti</strong></span> <span class='ocrx_word' id='word_1_178' title='bbox 473 3498 571 3581; x_wconf 90' lang='lat' dir='ltr'><strong>atque</strong></span> <span class='ocrx_word' id='word_1_179' title='bbox 597 3488 739 3558; x_wconf 92' lang='lat' dir='ltr'><strong>aliarum</strong></span> <span class='ocrx_word' id='word_1_180' title='bbox 763 3513 876 3560; x_wconf 91' lang='lat' dir='ltr'><strong>rerum</strong></span> <span class='ocrx_word' id='word_1_181' title='bbox 904 3497 1030 3580; x_wconf 84' lang='lat' dir='ltr'><strong>egestas</strong></span> <span class='ocrx_word' id='word_1_182' title='bbox 1054 3487 1218 3581; x_wconf 88' lang='lat' dir='ltr'><strong>prohibet.</strong></span> <span class='ocrx_word' id='word_1_183' title='bbox 1270 3486 1365 3570; x_wconf 87' lang='lat' dir='ltr'><strong>Quo-</strong></span> 
     </span>
     <span class='ocr_line' id='line_1_24' title="bbox 165 3612 1366 3707; baseline -0.004 -23"><span class='ocrx_word' id='word_1_184' title='bbox 165 3635 308 3707; x_wconf 90' lang='lat' dir='ltr'><strong>cumque</strong></span> <span class='ocrx_word' id='word_1_185' title='bbox 341 3614 390 3683; x_wconf 89' lang='lat' dir='ltr'><strong>ire</strong></span> <span class='ocrx_word' id='word_1_186' title='bbox 424 3613 548 3706; x_wconf 90' lang='lat' dir='ltr'><strong>placet,</strong></span> <span class='ocrx_word' id='word_1_187' title='bbox 582 3613 672 3682; x_wconf 87' lang='lat' dir='ltr'><strong>lerro</strong></span> <span class='ocrx_word' id='word_1_188' title='bbox 697 3613 760 3681; x_wconf 89' lang='lat' dir='ltr'><strong>iter</strong></span> <span class='ocrx_word' id='word_1_189' title='bbox 793 3612 1012 3705; x_wconf 92' lang='lat' dir='ltr'><strong>aperiundum</strong></span> <span class='ocrx_word' id='word_1_190' title='bbox 1047 3621 1106 3681; x_wconf 89' lang='lat' dir='ltr'><strong>est.</strong></span> <span class='ocrx_word' id='word_1_191' title='bbox 1158 3612 1366 3704; x_wconf 87' lang='lat' dir='ltr'><strong>Quapropter</strong></span> 
     </span>
     <span class='ocr_line' id='line_1_25' title="bbox 164 3736 1365 3830; baseline -0.007 -18"><span class='ocrx_word' id='word_1_192' title='bbox 164 3765 222 3812; x_wconf 83' lang='lat' dir='ltr'><strong>sos</strong></span> <span class='ocrx_word' id='word_1_193' title='bbox 246 3761 385 3819; x_wconf 91' lang='lat' dir='ltr'><strong>moneo,</strong></span> <span class='ocrx_word' id='word_1_194' title='bbox 418 3738 466 3806; x_wconf 87' lang='lat' dir='ltr'><strong>oti</strong></span> <span class='ocrx_word' id='word_1_195' title='bbox 490 3737 567 3806; x_wconf 88' lang='lat' dir='ltr'><strong>lorti</strong></span> <span class='ocrx_word' id='word_1_196' title='bbox 594 3748 692 3830; x_wconf 90' lang='lat' dir='ltr'><strong>atque</strong></span> <span class='ocrx_word' id='word_1_197' title='bbox 717 3747 831 3830; x_wconf 90' lang='lat' dir='ltr'><strong>parato</strong></span> <span class='ocrx_word' id='word_1_198' title='bbox 857 3737 969 3806; x_wconf 92' lang='lat' dir='ltr'><strong>animo</strong></span> <span class='ocrx_word' id='word_1_199' title='bbox 994 3736 1064 3805; x_wconf 90' lang='lat' dir='ltr'><strong>sitis</strong></span> <span class='ocrx_word' id='word_1_200' title='bbox 1098 3745 1143 3818; x_wconf 92' lang='lat' dir='ltr'><strong>et,</strong></span> <span class='ocrx_word' id='word_1_201' title='bbox 1177 3759 1252 3805; x_wconf 90' lang='lat' dir='ltr'><strong>cum</strong></span> <span class='ocrx_word' id='word_1_202' title='bbox 1278 3757 1365 3828; x_wconf 81' lang='lat' dir='ltr'><strong>prae-</strong></span> 
     </span>
     <span class='ocr_line' id='line_1_26' title="bbox 165 3859 1365 3952; baseline -0.005 -18"><span class='ocrx_word' id='word_1_203' title='bbox 165 3865 248 3934; x_wconf 92' lang='lat' dir='ltr'><strong>lium</strong></span> <span class='ocrx_word' id='word_1_204' title='bbox 268 3861 408 3943; x_wconf 89' lang='lat' dir='ltr'><strong>inibitis,</strong></span> <span class='ocrx_word' id='word_1_205' title='bbox 434 3861 669 3944; x_wconf 87' lang='lat' dir='ltr'><strong>memineritis,</strong></span> <span class='ocrx_word' id='word_1_206' title='bbox 696 3883 753 3931; x_wconf 84' lang='lat' dir='ltr'><strong>vos</strong></span> <span class='ocrx_word' id='word_1_207' title='bbox 770 3861 918 3942; x_wconf 83' lang='lat' dir='ltr'><strong>divitias,</strong></span> <span class='ocrx_word' id='word_1_208' title='bbox 945 3860 1065 3942; x_wconf 89' lang='lat' dir='ltr'><strong>decos,</strong></span> <span class='ocrx_word' id='word_1_209' title='bbox 1092 3859 1250 3951; x_wconf 83' lang='lat' dir='ltr'><strong>gloriam,</strong></span> <span class='ocrx_word' id='word_1_210' title='bbox 1278 3881 1365 3952; x_wconf 84' lang='lat' dir='ltr'><strong>prae-</strong></span> 
     </span>
     <span class='ocr_line' id='line_1_27' title="bbox 166 3983 1365 4079; baseline -0.005 -21"><span class='ocrx_word' id='word_1_211' title='bbox 166 3999 256 4060; x_wconf 88' lang='lat' dir='ltr'><strong>terea</strong></span> <span class='ocrx_word' id='word_1_212' title='bbox 281 3987 468 4058; x_wconf 83' lang='lat' dir='ltr'><strong>libertatem</strong></span> <span class='ocrx_word' id='word_1_213' title='bbox 494 3996 592 4079; x_wconf 88' lang='lat' dir='ltr'><strong>atque</strong></span> <span class='ocrx_word' id='word_1_214' title='bbox 617 3986 758 4078; x_wconf 88' lang='lat' dir='ltr'><strong>patriam</strong></span> <span class='ocrx_word' id='word_1_215' title='bbox 783 3987 817 4055; x_wconf 94' lang='lat' dir='ltr'><strong>in</strong></span> <span class='ocrx_word' id='word_1_216' title='bbox 843 3986 966 4057; x_wconf 84' lang='lat' dir='ltr'><strong>dextris</strong></span> <span class='ocrx_word' id='word_1_217' title='bbox 998 3986 1112 4055; x_wconf 84' lang='lat' dir='ltr'><strong>vestris</strong></span> <span class='ocrx_word' id='word_1_218' title='bbox 1144 3993 1286 4078; x_wconf 90' lang='lat' dir='ltr'><strong>portare.</strong></span> <span class='ocrx_word' id='word_1_219' title='bbox 1329 3983 1365 4052; x_wconf 90' lang='lat' dir='ltr'><strong>Si</strong></span> 
     </span>
     <span class='ocr_line' id='line_1_28' title="bbox 53 4099 1365 4212; baseline -0.005 -29"><span class='ocrx_word' id='word_1_220' title='bbox 53 4195 62 4212; x_wconf 33' lang='grc' dir='ltr'><strong><em>ι</em></strong></span> <span class='ocrx_word' id='word_1_221' title='bbox 166 4112 346 4192; x_wconf 80' lang='lat' dir='ltr'><strong>vincimus,</strong></span> <span class='ocrx_word' id='word_1_222' title='bbox 372 4099 487 4180; x_wconf 90' lang='lat' dir='ltr'><strong>omnia</strong></span> <span class='ocrx_word' id='word_1_223' title='bbox 511 4109 607 4179; x_wconf 90' lang='lat' dir='ltr'><strong>nobis</strong></span> <span class='ocrx_word' id='word_1_224' title='bbox 632 4118 701 4179; x_wconf 90' lang='lat' dir='ltr'><strong>tnta</strong></span> <span class='ocrx_word' id='word_1_225' title='bbox 725 4120 832 4193; x_wconf 90' lang='lat' dir='ltr'><strong>erunt,</strong></span> <span class='ocrx_word' id='word_1_226' title='bbox 859 4121 1060 4180; x_wconf 87' lang='lat' dir='ltr'><strong>commeatus</strong></span> <span class='ocrx_word' id='word_1_227' title='bbox 1078 4109 1225 4189; x_wconf 89' lang='lat' dir='ltr'><strong>abunde,</strong></span> <span class='ocrx_word' id='word_1_228' title='bbox 1251 4107 1365 4177; x_wconf 91' lang='lat' dir='ltr'><strong>mnni-</strong></span> 
     </span>
     <span class='ocr_line' id='line_1_29' title="bbox 167 4231 1365 4329; baseline -0.005 -23"><span class='ocrx_word' id='word_1_229' title='bbox 167 4237 253 4329; x_wconf 90' lang='lat' dir='ltr'><strong>cipia</strong></span> <span class='ocrx_word' id='word_1_230' title='bbox 277 4247 377 4328; x_wconf 86' lang='lat' dir='ltr'><strong>atque</strong></span> <span class='ocrx_word' id='word_1_231' title='bbox 402 4234 541 4305; x_wconf 77' lang='lat' dir='ltr'><strong>coloniae</strong></span> <span class='ocrx_word' id='word_1_232' title='bbox 566 4235 742 4328; x_wconf 81' lang='lat' dir='ltr'><strong>patebunt3</strong></span> <span class='ocrx_word' id='word_1_233' title='bbox 768 4236 796 4304; x_wconf 94' lang='lat' dir='ltr'><strong>si</strong></span> <span class='ocrx_word' id='word_1_234' title='bbox 821 4245 912 4305; x_wconf 89' lang='lat' dir='ltr'><strong>metu</strong></span> <span class='ocrx_word' id='word_1_235' title='bbox 937 4234 1149 4314; x_wconf 89' lang='lat' dir='ltr'><strong>cesserimus,</strong></span> <span class='ocrx_word' id='word_1_236' title='bbox 1176 4231 1292 4302; x_wconf 92' lang='lat' dir='ltr'><strong>eadem</strong></span> <span class='ocrx_word' id='word_1_237' title='bbox 1306 4231 1365 4301; x_wconf 88' lang='lat' dir='ltr'><strong>illa</strong></span> 
     </span>
     <span class='ocr_line' id='line_1_30' title="bbox 167 4359 1364 4452; baseline -0.007 -21"><span class='ocrx_word' id='word_1_238' title='bbox 167 4361 304 4432; x_wconf 85' lang='lat' dir='ltr'><strong>advorsa</strong></span> <span class='ocrx_word' id='word_1_239' title='bbox 320 4359 414 4430; x_wconf 86' lang='lat' dir='ltr'><strong>fient:</strong></span> <span class='ocrx_word' id='word_1_240' title='bbox 441 4381 549 4452; x_wconf 90' lang='lat' dir='ltr'><strong>neque</strong></span> <span class='ocrx_word' id='word_1_241' title='bbox 567 4359 658 4430; x_wconf 91' lang='lat' dir='ltr'><strong>locus</strong></span> <span class='ocrx_word' id='word_1_242' title='bbox 683 4381 791 4451; x_wconf 91' lang='lat' dir='ltr'><strong>neque</strong></span> <span class='ocrx_word' id='word_1_243' title='bbox 812 4359 938 4429; x_wconf 89' lang='lat' dir='ltr'><strong>amicus</strong></span> <span class='ocrx_word' id='word_1_244' title='bbox 955 4359 1131 4451; x_wconf 88' lang='lat' dir='ltr'><strong>quisquam</strong></span> <span class='ocrx_word' id='word_1_245' title='bbox 1148 4366 1246 4448; x_wconf 82' lang='lat' dir='ltr'><strong>teget,</strong></span> <span class='ocrx_word' id='word_1_246' title='bbox 1265 4377 1364 4447; x_wconf 89' lang='lat' dir='ltr'><strong>quem</strong></span> 
     </span>
     <span class='ocr_line' id='line_1_31' title="bbox 167 4479 1366 4564; baseline -0.006 -9"><span class='ocrx_word' id='word_1_247' title='bbox 167 4507 260 4555; x_wconf 86' lang='lat' dir='ltr'><strong>arma</strong></span> <span class='ocrx_word' id='word_1_248' title='bbox 284 4506 352 4553; x_wconf 93' lang='lat' dir='ltr'><strong>non</strong></span> <span class='ocrx_word' id='word_1_249' title='bbox 377 4484 529 4554; x_wconf 84' lang='lat' dir='ltr'><strong>texerint.</strong></span> <span class='ocrx_word' id='word_1_250' title='bbox 579 4485 760 4564; x_wconf 70' lang='lat' dir='ltr'><strong>Praeterea,</strong></span> <span class='ocrx_word' id='word_1_251' title='bbox 792 4482 936 4564; x_wconf 90' lang='lat' dir='ltr'><strong>milites,</strong></span> <span class='ocrx_word' id='word_1_252' title='bbox 972 4504 1039 4550; x_wconf 96' lang='lat' dir='ltr'><strong>non</strong></span> <span class='ocrx_word' id='word_1_253' title='bbox 1071 4479 1188 4550; x_wconf 92' lang='lat' dir='ltr'><strong>cadem</strong></span> <span class='ocrx_word' id='word_1_254' title='bbox 1213 4479 1308 4549; x_wconf 89' lang='lat' dir='ltr'><strong>nohis</strong></span> <span class='ocrx_word' id='word_1_255' title='bbox 1334 4489 1366 4548; x_wconf 90' lang='lat' dir='ltr'><strong>et</strong></span> 
     </span>
     <span class='ocr_line' id='line_1_32' title="bbox 168 4599 1365 4700; baseline -0.001 -24"><span class='ocrx_word' id='word_1_256' title='bbox 168 4608 233 4678; x_wconf 90' lang='lat' dir='ltr'><strong>illis</strong></span> <span class='ocrx_word' id='word_1_257' title='bbox 257 4607 465 4678; x_wconf 87' lang='lat' dir='ltr'><strong>necessitudo</strong></span> <span class='ocrx_word' id='word_1_258' title='bbox 482 4606 659 4700; x_wconf 90' lang='lat' dir='ltr'><strong>impendet.</strong></span> <span class='ocrx_word' id='word_1_259' title='bbox 697 4609 764 4678; x_wconf 92' lang='lat' dir='ltr'><strong>Nos</strong></span> <span class='ocrx_word' id='word_1_260' title='bbox 790 4599 850 4699; x_wconf 89' lang='lat' dir='ltr'><strong>pro</strong></span> <span class='ocrx_word' id='word_1_261' title='bbox 875 4606 999 4698; x_wconf 88' lang='lat' dir='ltr'><strong>patria,</strong></span> <span class='ocrx_word' id='word_1_262' title='bbox 1025 4627 1086 4697; x_wconf 89' lang='lat' dir='ltr'><strong>pro</strong></span> <span class='ocrx_word' id='word_1_263' title='bbox 1111 4604 1279 4686; x_wconf 89' lang='lat' dir='ltr'><strong>libertate,</strong></span> <span class='ocrx_word' id='word_1_264' title='bbox 1305 4627 1365 4697; x_wconf 89' lang='lat' dir='ltr'><strong>pro</strong></span> 
     </span>
     <span class='ocr_line' id='line_1_33' title="bbox 168 4729 1365 4824; baseline -0.003 -22"><span class='ocrx_word' id='word_1_265' title='bbox 168 4732 234 4802; x_wconf 81' lang='lat' dir='ltr'><strong>rita</strong></span> <span class='ocrx_word' id='word_1_266' title='bbox 260 4743 441 4812; x_wconf 88' lang='lat' dir='ltr'><strong>certamns;</strong></span> <span class='ocrx_word' id='word_1_267' title='bbox 469 4731 534 4801; x_wconf 90' lang='lat' dir='ltr'><strong>illis</strong></span> <span class='ocrx_word' id='word_1_268' title='bbox 547 4753 827 4824; x_wconf 88' lang='lat' dir='ltr'><strong>supervacaneum</strong></span> <span class='ocrx_word' id='word_1_269' title='bbox 854 4741 902 4799; x_wconf 92' lang='lat' dir='ltr'><strong>est</strong></span> <span class='ocrx_word' id='word_1_270' title='bbox 927 4752 987 4822; x_wconf 89' lang='lat' dir='ltr'><strong>pro</strong></span> <span class='ocrx_word' id='word_1_271' title='bbox 1012 4729 1158 4821; x_wconf 89' lang='lat' dir='ltr'><strong>potentia</strong></span> <span class='ocrx_word' id='word_1_272' title='bbox 1184 4751 1365 4819; x_wconf 91' lang='lat' dir='ltr'><strong>pancorum</strong></span> 
     </span>
    </p>
   </div>
   <div class='ocr_carea' id='block_1_5' title="bbox 0 0 1817 5592">
    <p class='ocr_par' dir='ltr' id='par_1_6' title="bbox 0 0 1817 5592">
     <span class='ocr_line' id='line_1_34' title="bbox 0 0 1817 5592; baseline 0 0"><span class='ocrx_word' id='word_1_273' title='bbox 0 0 1817 5592; x_wconf 95' lang='lat' dir='ltr'><strong> </strong></span> 
     </span>
    </p>
   </div>
  </div>
 </body>
</html>
