3582 5594
482 642 529 710 70

482 839 600 910 eadem
622 845 769 908 metuere
787 835 820 905 in
845 855 949 904 unum
967 832 1092 923 coegit:
1119 831 1176 902 sed
1202 830 1273 900 bec
1290 831 1375 900 inter
1391 829 1496 898 bonos
1521 827 1674 908 amicitia,

482 963 569 1032 inter
593 962 697 1032 malos
735 959 836 1030 factio
871 966 930 1026 est.
981 955 1079 1040 Quod
1117 955 1237 1024 sitam
1273 977 1332 1025 vos
1363 952 1526 1024 libertatis
1566 973 1675 1020 curam

483 1083 663 1164 haberetis,
698 1104 799 1174 quam
823 1079 873 1150 illi
907 1078 949 1150 ad
974 1077 1233 1148 dominationem
1259 1077 1391 1148 accensi
1415 1085 1508 1158 sunt,
1533 1075 1676 1168 proiecto

483 1229 592 1302 neque
616 1231 669 1279 res
693 1208 826 1302 publica
856 1205 952 1276 sicuti
985 1227 1073 1274 nunc
1106 1212 1288 1274 vastaretur
1321 1211 1353 1271 et
1386 1201 1549 1272 beneficia
1575 1211 1678 1270 vestra

484 1355 586 1426 penes
609 1342 760 1426 optumos
785 1353 850 1401 non
885 1327 1129 1400 audacissumos
1154 1328 1270 1398 forent.
1321 1327 1464 1398 Maiores
1495 1325 1597 1396 vestri
1621 1347 1679 1417 pa·

484 1454 579 1526 randi
605 1455 687 1524 iuris
711 1465 744 1525 et
767 1452 945 1524 maiestatis
970 1450 1202 1522 constituendae
1226 1451 1334 1542 gratia
1359 1450 1409 1521 bis
1434 1472 1495 1542 per
1520 1448 1680 1517 secessio-

484 1601 562 1650 nem
585 1577 703 1648 armati
728 1576 928 1648 Aventinum
952 1596 1172 1666 occupavere,
1206 1596 1263 1645 vos
1288 1597 1349 1667 pro
1373 1573 1547 1654 libertate,
1582 1594 1681 1664 qnam

486 1702 528 1772 ab
552 1701 619 1771 iilia
631 1700 818 1793 accepistis,
844 1719 954 1768 nonne
966 1718 1095 1767 summa
1113 1721 1175 1790 ope
1188 1698 1362 1770 nitemini?
1388 1707 1486 1790 atque
1512 1719 1554 1766 eo
1580 1695 1683 1766 vehe-

485 1825 638 1906 mentius,
662 1846 729 1916 quo
753 1823 861 1893 maius
885 1821 1028 1892 dedecus
1054 1832 1102 1892 est
1126 1833 1221 1916 parta
1244 1821 1395 1893 amittere
1420 1844 1522 1914 qnam
1548 1822 1684 1890 omnino

485 1973 552 2021 non
575 1949 755 2042 paravisse.
791 1947 888 2018 Dicet
904 1946 1043 2038 aliquisz
1069 1948 1149 2040 quid
1175 1946 1294 2038 igitur?
1320 1968 1434 2016 censes
1445 1944 1684 2016 vindicandum

486 2075 520 2144 in
546 2094 613 2156 eos,
638 2073 696 2165 qui
722 2071 807 2142 hosti
831 2069 1006 2164 prodidere
1031 2093 1103 2142 rem
1127 2070 1319 2164 publicam?
1350 2092 1417 2140 non
1443 2091 1548 2139 manu
1575 2091 1684 2160 neque

486 2199 535 2278 vi,
561 2196 651 2289 quod
675 2196 781 2288 magis
806 2218 867 2266 vos
893 2195 1010 2265 secisse
1026 2217 1127 2287 quam
1152 2194 1220 2264 iilis
1245 2193 1404 2264 accidisse
1421 2192 1601 2286 indignum
1626 2205 1683 2274 est,

354 2311 360 2324 '
486 2342 601 2392 verum
625 2318 862 2424 questionibus
887 2327 920 2386 et
944 2317 1068 2388 indicio
1094 2318 1196 2410 ipsius
1213 2317 1395 2409 iugurtha,
1423 2317 1481 2409 qui
1506 2317 1535 2386 si
1563 2317 1685 2388 dediti·

488 2448 558 2518 cius
576 2455 641 2527 est,
666 2445 812 2538 proiecto
838 2443 934 2514 iussis
957 2443 1075 2514 nostris
1100 2442 1259 2514 obediens
1285 2443 1364 2524 erit:
1390 2444 1443 2513 sin
1468 2465 1510 2512 ea
1534 2452 1687 2511 contem-

487 2571 554 2652 nit,
580 2569 706 2638 scilicet
731 2566 988 2648 existumabitis,
1014 2566 1123 2659 qualis
1148 2567 1207 2638 iila
1231 2589 1299 2660 pax
1324 2577 1381 2638 aut
1405 2566 1531 2637 deditio
1557 2567 1618 2650 sit,
1645 2589 1688 2634 ex

488 2715 555 2787 qua
586 2691 627 2764 ad
659 2691 850 2783 Iugurtham
881 2690 1042 2793 scelerum
1077 2690 1262 2784 inpunitas,
1301 2690 1342 2760 ad
1380 2713 1504 2784 paucos
1538 2699 1688 2782 potentes

488 2837 652 2888 maxume
678 2815 821 2896 divitiae,
855 2813 898 2884 ad
930 2836 1002 2885 rem
1031 2814 1200 2908 publicam
1234 2815 1355 2886 damna
1387 2825 1486 2910 atque
1521 2813 1690 2884 dedecora

487 2938 707 3033 pervenerint.
750 2939 821 3008 Nisi
845 2938 928 3010 forte
953 2938 1100 3010 nondum
1117 2940 1217 3010 etiam
1234 2962 1292 3008 vos
1309 2938 1545 3009 dominationis
1571 2961 1691 3008 eorum

488 3064 620 3136 satietas
643 3070 750 3144 tenet,
776 3071 808 3130 et
832 3062 891 3134 illa
915 3085 1014 3154 quam
1040 3062 1111 3133 bec
1135 3072 1285 3156 tempora
1301 3062 1409 3153 magis
1434 3063 1584 3156 placent,
1612 3085 1691 3132 cum

489 3208 611 3278 regna,
644 3185 842 3277 provincie,
879 3186 987 3277 leges,
1023 3187 1113 3268 iura,
1148 3186 1291 3268 indicia,
1324 3186 1415 3258 bella
1448 3196 1549 3280 atque
1574 3209 1691 3279 paces,

488 3321 654 3403 postremo
677 3308 789 3380 divina
821 3319 853 3379 et
887 3309 1032 3381 bumana
1057 3311 1170 3380 omnia
1203 3333 1305 3404 penes
1329 3333 1452 3404 pancos
1483 3321 1598 3392 erant;
1632 3333 1694 3382 vos

490 3443 617 3515 autem,
650 3431 714 3502 boc
744 3443 793 3502 est
824 3433 964 3526 populus
989 3435 1175 3514 Romanus,
1213 3434 1326 3504 invicti
1353 3434 1395 3504 ab
1420 3433 1588 3516 hostibus,
1625 3435 1695 3504 im-

489 3567 656 3652 peratores
680 3557 828 3626 omnium
853 3557 1020 3647 gentium,
1053 3557 1131 3628 satis
1155 3557 1329 3630 habebatis
1354 3558 1503 3630 animam
1527 3559 1694 3636 retinere;

489 3702 568 3750 uam
593 3680 783 3752 servitutem
799 3681 933 3773 quidem
952 3681 1026 3773 quis
1044 3693 1187 3752 vestrum
1204 3703 1357 3752 recusare
1374 3681 1540 3752 audebat?
1579 3683 1697 3774 Atque

491 3825 570 3894 ego,
609 3805 738 3874 tametsi
761 3805 834 3874 viro
859 3803 1163 3894 flagitiosissumum
1188 3806 1352 3876 existumo
1377 3806 1503 3899 inpune
1529 3805 1697 3876 iniuriam

491 3927 671 4020 accepisse,
697 3938 808 3998 tamen
824 3949 881 3997 vos
898 3926 1088 3998 hominibus
1105 3928 1376 4000 sceleratissumis
1393 3931 1585 4022 ignoscere,
1604 3951 1699 4021 quo-

491 4050 581 4119 niam
607 4050 693 4120 cives
718 4059 809 4133 sunt,
835 4071 930 4142 aequo
946 4051 1058 4121 animo
1083 4061 1224 4144 paterer,
1249 4053 1286 4121 ni
1303 4052 1533 4124 misericordia
1557 4054 1595 4122 in
1613 4077 1700 4146 per-

490 4172 612 4243 niciem
643 4195 758 4246 casura
788 4182 882 4242 esset.
932 4173 1016 4244 Nam
1054 4186 1087 4242 et
1119 4175 1205 4258 illis,
1243 4187 1405 4268 quantum
1443 4177 1700 4270 inportunitatis

491 4295 628 4377 babent,
662 4317 780 4388 parum
805 4304 854 4364 est
886 4294 1009 4386 inpune
1033 4296 1121 4368 male
1147 4297 1279 4380 iecisse,
1311 4299 1376 4372 nisi
1394 4299 1515 4370 deinde
1540 4301 1701 4372 faciundi

490 4420 625 4490 licentia
649 4419 800 4512 eripitur,
833 4429 865 4488 et
889 4419 981 4489 vobis
1006 4429 1129 4490 aterna
1153 4421 1340 4494 sollicitudo
1371 4424 1578 4507 remanebit,
1615 4448 1702 4496 cum

412 4623 414 4638 ,
491 4544 686 4636 intellegetis
703 4553 760 4614 aut
778 4543 989 4614 serviundum
1010 4567 1091 4628 esse,
1110 4558 1166 4617 aut
1182 4569 1243 4641 per
1258 4570 1378 4620 manus
1395 4549 1584 4620 libertatem
1612 4551 1703 4618 reti-

492 4668 644 4738 nendam.
695 4670 779 4740 Nam
815 4669 893 4740 [idei
924 4669 1056 4760 quidem
1090 4681 1146 4742 aut
1183 4673 1368 4743 concordiae
1402 4695 1478 4764 que
1512 4695 1592 4767 spes
1626 4677 1702 4744 esti
