3582 5594
1292 692 1340 760 77

134 905 168 961 ut
195 913 284 984 saepe
319 890 535 973 nobilitatem,
575 891 622 960 sic
657 911 698 960 ea
731 898 921 983 tempestate
950 889 1082 982 plebem
1114 912 1156 959 ex
1190 889 1343 960 secundis
1476 928 1480 934 ·

135 1017 235 1086 rebus
260 1015 437 1085 insolentia
462 1025 604 1108 ceperat.
652 1089 655 1095 ,

209 1161 278 1210 xnr.
330 1139 486 1211 Ceterum
510 1162 581 1209 mos
605 1138 750 1232 partium
775 1138 985 1232 popularium
1011 1149 1044 1208 et
1068 1147 1200 1209 senatus
1226 1140 1343 1211 lactio-

135 1287 217 1334 nnm
251 1287 291 1334 ac
324 1264 445 1334 deinde
469 1264 619 1334 omnium
651 1263 817 1334 malarum
846 1263 967 1334 artium
1000 1263 1113 1355 paucis
1148 1273 1222 1333 ante
1248 1265 1344 1334 annis

136 1389 252 1459 liomae
277 1399 368 1458 ortus
402 1399 450 1458 est
486 1389 553 1458 otio
582 1397 681 1482 atque
719 1386 924 1458 abundantia
962 1409 1076 1456 cuum
1102 1409 1229 1468 rerum,
1269 1409 1343 1480 quae

137 1513 247 1604 prima
271 1513 429 1583 mortales
454 1512 587 1583 ducunt.
638 1513 722 1583 Nam
753 1520 829 1582 ante
847 1511 1081 1604 Carthaginem
1113 1512 1256 1583 deletam
1282 1534 1344 1605 po-

136 1636 235 1728 pulus
265 1647 299 1706 et
326 1645 458 1706 senatus
483 1637 651 1706 Romanus
683 1635 812 1727 placide
848 1635 1059 1730 modesteque
1092 1636 1177 1707 inter
1208 1659 1242 1706 se
1273 1659 1344 1707 rem

138 1761 308 1852 publicam
321 1760 518 1843 tractabant,
545 1782 656 1858 neque
668 1758 783 1850 gloriae
801 1781 910 1852 neque
928 1760 1161 1830 dominationis
1179 1771 1345 1831 certamen

138 1885 224 1955 inter
250 1885 338 1955 cives
364 1896 448 1966 erat;
473 1894 580 1954 metus
606 1882 733 1954 hostilis
759 1883 906 1954 inbonis
931 1884 1055 1955 artibus
1074 1885 1240 1956 civitatem
1265 1885 1346 1956 reti-

138 2009 249 2080 nebat.
301 2010 366 2080 Sed
392 2009 450 2080 ubi
487 2010 546 2079 illa
571 2006 712 2078 formido
745 2007 910 2077 mentibus
943 2007 1100 2087 decessit,
1134 2009 1258 2079 scilicet
1294 2031 1344 2091 ea,

139 2157 213 2226 quae
240 2157 294 2205 rcs
329 2134 482 2204 secundae
519 2144 649 2214 amant,
687 2130 820 2201 lascivia
854 2143 953 2225 atque
985 2133 1139 2226 superbia
1170 2133 1345 2203 incessere.

139 2259 186 2326 lta
211 2256 302 2350 quod
324 2257 358 2326 in
376 2255 520 2326 advorsis
537 2255 636 2326 rehus
662 2264 863 2348 optaverant,
890 2255 1005 2338 otium,
1038 2269 1211 2349 postquam
1237 2256 1347 2349 adepti

140 2393 229 2461 sunt,
267 2380 417 2474 asperius
454 2379 672 2470 acerbiusque
711 2378 781 2449 fuit.
834 2381 986 2472 Namque
1024 2402 1154 2472 coepere
1192 2381 1347 2451 nobilitas

141 2506 353 2597 dignitatem,
396 2503 536 2596 populus
573 2502 757 2574 libertatem
800 2501 834 2570 in
869 2502 1049 2573 lubidinem
1090 2516 1237 2574 vertere:
1285 2506 1348 2578 sibi

146 2630 287 2723 quisque
312 2626 459 2709 ducere,
495 2625 647 2709 trabere,
682 2648 810 2718 rapere.
862 2628 909 2697 lta
935 2627 1047 2696 omnia
1072 2627 1106 2697 in
1132 2627 1213 2699 duas
1238 2640 1348 2723 partes

144 2753 307 2824 abstracta
332 2762 427 2834 sunt,
466 2749 694 2843 respublica,
734 2771 808 2844 quae
848 2750 958 2820 media
995 2752 1118 2832 luerat,
1158 2752 1347 2824 dilacerata.

144 2878 298 2948 Ceterum
331 2875 485 2947 nobilitas
515 2873 657 2944 lectione
689 2873 797 2966 magis
830 2875 991 2966 pollebat;
1026 2876 1134 2968 plebis
1168 2878 1217 2946 sis
1242 2879 1349 2948 soluta

143 3013 239 3095 atque
267 3001 414 3095 dispersa
432 3000 466 3068 in
483 2997 693 3069 multitudine
710 2996 820 3066 minus
838 3008 980 3090 poterat,
1006 3023 1186 3092 paucorum
1213 3001 1348 3071 arbitrio

143 3126 222 3197 belli
248 3124 408 3218 domique
434 3122 638 3213 agitabatur3
672 3143 775 3213 penes
801 3120 934 3190 eosdem
960 3123 1132 3206 aerarium,
1160 3126 1347 3217 provinciae,

144 3251 372 3342 magistratus,
405 3246 521 3338 gloriae
546 3243 773 3338 triumphique
798 3256 911 3326 erant,
941 3248 1082 3340 populus
1108 3249 1226 3319 militia
1252 3263 1350 3342 atque

145 3374 256 3466 inopia
291 3371 491 3463 urgebatur3
535 3367 662 3461 praedas
696 3367 830 3438 bellicas
870 3369 1083 3461 imperatores
1126 3396 1200 3442 cum
1237 3374 1351 3467 paucis

145 3495 357 3588 diripiebant.
409 3495 539 3564 interea
575 3502 727 3585 parentes
765 3503 822 3561 aut
855 3493 946 3584 parvi
982 3495 1079 3565 liberi
1103 3497 1265 3579 militum,
1304 3498 1352 3569 nti

149 3621 290 3714 quisque
314 3617 490 3710 potentiori
516 3616 654 3686 confinis
680 3624 767 3697 erat,
793 3615 926 3687 aedibus
940 3617 1157 3709 pellebantur.
1200 3622 1248 3691 lta
1274 3644 1352 3692 cum

146 3743 290 3836 potentia
330 3741 467 3812 avaritia
496 3739 566 3808 sine
599 3739 698 3810 modo
731 3739 957 3833 modestiaque
996 3742 1168 3824 invadere,
1203 3746 1352 3838 polluere

147 3879 180 3936 et
211 3878 342 3939 vastare
379 3864 511 3945 omnia,
544 3863 629 3934 nihil
658 3864 752 3956 pensi
786 3887 895 3957 neque
929 3866 1032 3936 saneti
1066 3866 1209 3952 babere,
1244 3869 1353 3962 quoad

146 4003 249 4061 semet
275 3991 382 4083 ipsam
407 3985 631 4081 praecipitavit.
675 3989 758 4057 Nam
785 3986 841 4056 ubi
867 3987 1011 4081 primum
1038 4013 1079 4060 ex
1103 3991 1273 4062 nobilitate
1297 4015 1354 4062 rs·

147 4115 233 4207 perti
258 4125 351 4194 sunt,
384 4111 442 4205 qni
468 4133 580 4182 veram
605 4109 747 4202 gloriam
774 4110 900 4182 iniuste
926 4115 1079 4206 potentia
1105 4127 1353 4209 anteponerent,

147 4239 274 4308 moveri
301 4236 415 4308 civitas
441 4245 473 4304 et
499 4232 659 4304 dissensio
684 4233 789 4304 civilis
820 4235 915 4328 quasi
947 4237 1123 4330 permixtio
1149 4251 1244 4310 terras
1274 4240 1354 4309 oriri

148 4363 259 4455 cupit.

224 4507 305 4556 xsu.
357 4487 442 4555 Nam
475 4493 650 4576 postquam
675 4481 827 4552 Tiberius
861 4493 893 4553 et
918 4483 957 4556 G.
991 4485 1178 4576 Gracchus,
1212 4509 1355 4580 quorum

147 4610 292 4680 maiores
322 4608 448 4677 Punico
482 4617 581 4700 atque
612 4605 687 4676 aliis
710 4605 809 4677 hellis
842 4607 983 4678 multum
1017 4609 1067 4678 rei
1090 4608 1232 4702 publica
1259 4611 1356 4682 addi-

149 4733 284 4814 derant,
319 4731 489 4803 vindieare
522 4731 656 4823 plebem
682 4729 716 4800 in
747 4731 933 4802 libertatem
968 4741 1001 4800 et
1024 4755 1206 4824 pancorum
1231 4736 1356 4808 scelera
