3576 5602
1312 649 1383 720 473

172 848 234 906 cati
256 851 288 906 et
309 846 467 907 obsecrati
488 845 543 906 cir.
561 865 605 906 ιιι.
626 849 674 906 21.
696 851 787 922 atque
809 863 849 907 co
869 848 901 906 iu
921 846 1040 906 ltaliam
1061 851 1201 908 evocato.
1224 847 1279 908 cir.
1293 867 1313 907 ι.
1335 851 1383 908 23.

174 973 318 1033 ,magnas
339 972 482 1015 numerus
504 957 637 1031 equitum
656 955 861 1016 Romanorum
876 960 908 1016 et
926 957 1132 1031 decurionum,
1157 974 1234 1032 quos
1255 970 1294 1014 ex
1315 973 1384 1014 mu-

172 1063 294 1139 nicipiis
308 1061 462 1122 Domitius
477 1055 697 1136 evocaverat;“
722 1062 765 1122 ita
781 1066 814 1121 at
835 1063 927 1123 etiam
948 1063 1006 1122 boc
1028 1065 1099 1124 locu
1121 1065 1251 1124 liberum
1272 1063 1314 1122 sit
1335 1061 1384 1122 in-

172 1166 294 1242 dicium,
330 1173 429 1227 atrum
462 1173 596 1227 eruamur
625 1168 738 1243 aliquis
765 1185 821 1244 pro
847 1169 1013 1246 participio
1040 1187 1078 1229 au
1107 1186 1163 1246 pru
1190 1169 1384 1228 substantivo

171 1273 288 1332 babere
303 1272 396 1332 malit
419 1273 479 1331 iam
494 1289 583 1332 nemo
599 1274 731 1349 negabit,
754 1273 842 1334 lectur
856 1281 883 1334 et
897 1281 1031 1335 monotes
1046 1275 1185 1351 separari
1200 1291 1259 1334 non
1273 1290 1382 1352 posse,

173 1379 262 1440 lectae
284 1397 378 1457 sopra
400 1378 539 1455 legimus,
570 1397 595 1438 o.
612 1382 659 1439 50.
690 1380 841 1454 „libertos
863 1398 945 1453 suos,
968 1381 1068 1441 lectos
1090 1384 1121 1441 et
1142 1381 1331 1442 exercitatos
1346 1379 1384 1438 in

172 1481 356 1563 audaciam,“
388 1489 435 1547 cui
457 1487 528 1548 luco
551 1490 657 1548 noster
677 1489 864 1564 simillimus;
896 1491 1031 1567 scriptor
1051 1491 1140 1566 onim,
1161 1491 1189 1549 si
1210 1495 1344 1549 eeocatm
1365 1505 1383 1547 a

172 1593 401 1652 centurionibus
424 1593 584 1654 seiunctim
605 1593 764 1654 nominare
784 1594 945 1670 voluisset,
968 1595 1034 1655 sine
1056 1594 1149 1656 dubio
1171 1599 1198 1654 et
1218 1595 1383 1656 omisisset.

173 1697 305 1760 Catilina
335 1701 429 1777 igitur
455 1718 561 1761 omnes
591 1703 796 1778 centuriones,
829 1704 880 1777 qui
909 1704 983 1762 lecti
1013 1708 1045 1763 et
1071 1704 1195 1763 evocati
1224 1707 1319 1776 erant,
1353 1702 1383 1760 io

172 1807 301 1882 primam
323 1809 420 1867 aciem
437 1809 590 1868 subduxit.
620 1809 700 1869 laisa
724 1811 876 1886 scriptura
899 1813 949 1869 est
968 1814 1145 1870 centurionis
1165 1811 1195 1869 in
1217 1809 1383 1869 Bas.m.1.

173 1914 205 1970 et
225 1911 319 1988 paulo
342 1912 420 1971 inira
442 1914 571 1973 eoloniie.
603 1915 713 1974 muniti
733 1915 801 1974 Tur.
824 1933 861 1974 m.
881 1934 927 1994 pr.
950 1915 1110 1974 confirmat
1131 1914 1247 1976 Nonius
1268 1933 1297 1993 p.
1313 1916 1382 1974 too.

173 2035 261 2094 quam
277 2019 398 2093 quidem
418 2020 547 2080 turmam
563 2021 681 2096 Plauto,
705 2022 858 2098 Terentio,
879 2022 987 2097 Accio,
1008 2020 1116 2097 Ennio,
1141 2022 1281 2098 Afranio,
1303 2022 1383 2081 'lur-

172 2123 248 2202 pilio
276 2129 454 2202 usurpatam
475 2126 572 2186 luisse
594 2128 674 2188 satis
696 2131 826 2188 constat.
851 2129 908 2188 alr.
938 2128 1015 2188 Non.
1040 2129 1060 2187 l.
1083 2128 1102 2186 l.
1126 2134 1204 2206 etp.
1226 2130 1383 2188 tectim

173 2232 283 2292 eodem
303 2233 375 2294 luco
397 2233 472 2295 Non.
500 2235 597 2296 babet
619 2235 783 2297 lectionem
803 2239 834 2295 in
856 2238 991 2314 frontem.

252 2357 277 2399 c.
299 2343 346 2401 60.
367 2343 443 2402 unde
454 2344 625 2420 snmuariic
642 2343 710 2402 Bas.
733 2345 848 2403 omissa
861 2345 1080 2420 praepositione
1101 2359 1127 2418 a,
1153 2360 1220 2418 quae
1235 2342 1295 2402 hoo
1311 2343 1382 2417 qui-

173 2446 241 2506 dem
270 2447 342 2508 loco
368 2450 547 2510 necessaria
571 2454 631 2524 est;
664 2455 770 2510 contra
796 2448 931 2510 Einsied.
968 2451 1045 2510 unde
1069 2466 1088 2508 a
1108 2451 1260 2528 rianiseric
1278 2449 1383 2524 seren-

172 2557 265 2630 tariic,
288 2572 354 2630 quae
376 2556 482 2632 glossa
503 2556 622 2615 librarii
645 2560 701 2630 est,
722 2557 892 2632 ferentariis
914 2555 993 2615 male
1014 2557 1256 2633 interpretantis.
1279 2571 1384 2615 ocem·

170 2677 237 2720 cere
258 2661 328 2720 Bas.
351 2665 498 2721 ocoernre
518 2662 586 2721 Par.
608 2678 762 2721 arcessere
781 2659 864 2721 Eius.
893 2662 962 2720 Tur.
992 2663 1146 2740 Postquam
1172 2664 1260 2739 tiarae
1290 2679 1384 2739 super

171 2767 283 2826 linteam
305 2784 380 2826 man.
405 2785 467 2826 rec.
498 2767 623 2828 Catilina
641 2767 711 2827 Bas.
733 2771 765 2826 et
786 2784 861 2827 sane
883 2767 971 2827 initio
993 2785 1101 2828 nomen
1121 2784 1181 2827 non
1198 2767 1294 2828 minos
1311 2771 1383 2846 apte

172 2889 261 2948 qoam
284 2872 343 2932 ine
364 2873 515 2932 orationis
536 2873 668 2950 ponitur.
695 2875 820 2950 positio,
849 2891 916 2949 quaa
938 2873 1038 2934 adbuc
1054 2875 1195 2950 obtinuit,
1217 2874 1288 2934 inde
1304 2877 1387 2953 orta,

173 2979 255 3055 quod
276 2995 386 3040 nomen
408 2998 465 3041 suo
486 2981 556 3040 loco
579 2983 724 3042 omissum
745 2982 846 3041 alieno
869 2982 987 3042 illatum
1009 2986 1067 3042 est.

254 3104 279 3146 o.
295 3090 342 3148 61.
365 3093 473 3165 quanm
494 3091 537 3146 eir
559 3092 648 3148 aniani
660 3087 731 3147 Bas.
757 3088 814 3147 sed
830 3107 886 3166 que
907 3089 989 3164 quod
1011 3089 1151 3166 primitus
1167 3089 1232 3164 luit,
1254 3107 1385 3150 erasum.

172 3197 261 3252 marni
285 3197 328 3253 eie
353 3195 452 3254 Paris.
481 3213 563 3272 ᾳιιιιιι
589 3199 709 3272 querque
737 3199 818 3255 maur
841 3195 1001 3272 paenando
1023 3196 1114 3256 iocum
1137 3197 1282 3274 optimum
1309 3213 1385 3256 ver-

172 3301 281 3361 borum
306 3301 446 3361 ordinem
476 3301 604 3362 exhibet
630 3301 700 3361 Bas.
729 3305 761 3360 et
788 3301 885 3361 Paris.
908 3320 978 3378 nna.
1006 3302 1059 3361 toc.
1094 3307 1176 3362 ainus
1204 3302 1287 3362 Eius.
1314 3305 1383 3363 Τιιι.

173 3411 271 3466 meina
291 3411 401 3467 amissa
423 3407 494 3468 Bas.
515 3425 570 3468 arn.
592 3425 639 3466 an.
660 3409 780 3483 reliqui.
809 3411 858 3486 qui
878 3426 894 3466 e
915 3412 1021 3468 casim
1040 3407 1111 3468 Bas.
1131 3409 1168 3467 de
1187 3427 1211 3468 a.
1233 3409 1385 3469 vetustis·

174 3515 243 3575 simi
265 3515 397 3588 Gruteri,
421 3532 500 3591 quus
514 3533 603 3574 nemo
619 3515 713 3575 novit.
735 3518 857 3574 ornicum
878 3515 930 3574 olii
949 3516 1086 3589 bannilem
1106 3514 1176 3574 Bas.
1201 3533 1267 3591 quae
1289 3516 1384 3576 lectio
1501 3569 1504 3576 .

174 3624 314 3698 qumvis
346 3622 421 3683 terri
451 3630 572 3701 posset,
601 3625 763 3683 dummodo
791 3626 861 3682 ante
891 3623 942 3682 atii
969 3624 1250 3700 interpungeretor,
1283 3629 1384 3684 numen

173 3727 203 3787 io
224 3731 311 3789 tanta
328 3730 537 3807 exemplorum
558 3730 657 3806 copia,
681 3730 734 3789 ubi
757 3746 832 3804 para
854 3735 885 3788 et
906 3729 957 3788 alii
978 3731 1202 3817 componuntnr
1222 3729 1277 3790 cir.
1299 3730 1331 3790 0.
1354 3735 1382 3792 2.

173 3834 195 3893 l.
212 3838 260 3896 13.
276 3837 364 3896 urbes
378 3841 484 3910 partun
505 3840 533 3896 ei
553 3837 636 3896 aliae.
660 3839 708 3898 38.
731 3840 778 3895 51.
806 3852 881 3911 para
902 3835 1005 3895 cedere
1025 3835 1077 3895 alii
1098 3839 1218 3913 insequi.
1240 3840 1289 3897 83.
1308 3855 1383 3912 nro-

55 3987 63 4006 .
172 3943 245 4004 dare
265 3947 381 4019 parda,
415 3946 474 4004 alia
499 3946 642 4018 abnuam
674 3947 722 4004 50.
752 3945 800 4004 66.
829 3943 999 4018 multi-pura
1024 3946 1088 4002 100.
1110 3946 1157 4003 to.
1183 3948 1384 4020 penu-nura

174 4052 227 4126 ⁶⁰5
258 4056 290 4110 et
318 4067 384 4110 oum
406 4049 475 4110 lias.
504 4049 571 4110 lere
601 4050 687 4109 aolus
710 4067 784 4126 parc
805 4051 935 4125 omittat,
967 4056 1013 4110 tot
1039 4050 1178 4111 codicum
1204 4050 1383 4111 auctoritati

174 4159 270 4235 cessi;
299 4159 354 4218 sed
381 4158 440 4218 buc
462 4158 586 4218 silentio
610 4174 668 4218 non
690 4157 992 4235 praetermittendum,
1021 4175 1060 4216 cx
1082 4158 1194 4232 multis,
1223 4174 1291 4232 quae
1315 4156 1383 4216 lao-

174 4265 245 4326 davi
273 4264 362 4340 loeis,
397 4281 435 4324 ne
464 4280 553 4324 unum
584 4264 707 4341 quidem
736 4266 872 4338 eundem,
908 4281 996 4339 qrrem
1026 4263 1087 4323 boc
1116 4263 1186 4324 loco
1218 4263 1383 4322 verborum

174 4373 312 4432 ordinem
337 4374 463 4432 habere.
506 4372 607 4441 Quare
633 4374 826 4450 probabilius
856 4373 969 4448 aliquis
999 4389 1070 4432 esse
1096 4371 1218 4446 dixerit,
1251 4372 1300 4432 bis
1331 4371 1384 4431 alii

173 4483 305 4559 positum
328 4482 435 4558 inisse,
456 4483 536 4544 unde
560 4484 653 4543 etiam
675 4483 798 4543 facilius
820 4483 888 4542 lieri
910 4483 1046 4558 patuerit
1078 4484 1111 4540 ut
1131 4481 1263 4541 alterum
1285 4478 1379 4539 omit-

174 4595 300 4650 teretur.

661 4747 887 4756 ----—-———
