3702 5600
1383 606 1454 675 5t5

251 799 309 859 lter
342 800 382 859 ad
416 797 497 858 Flor.
530 818 571 858 nr.
609 803 636 858 3.
676 799 853 877 docuerunt,
897 803 1082 880 praenomina
1110 803 1240 863 Murcum
1276 809 1307 864 et
1339 805 1456 866 coron

252 906 319 964 sive
348 905 451 982 potius
473 905 511 962 tt.
533 907 564 962 et
586 905 636 965 Cn.
659 907 771 982 saepius
804 914 932 984 propter
959 908 1107 983 quandam
1136 911 1285 969 tractuum
1310 909 1456 971 similitu·

252 1011 351 1072 dinem
374 1013 403 1072 io
424 1013 513 1072 libris
534 1013 617 1073 MSS.
640 1014 795 1089 conlundi,
817 1017 893 1076 satis
916 1017 1079 1094 explicant,
1102 1018 1184 1093 quod
1205 1035 1264 1078 non
1279 1018 1375 1078 solum
1398 1019 1457 1080 boc

251 1117 322 1176 loco
338 1118 367 1176 iu
389 1119 512 1196 optimis
531 1125 563 1177 et
579 1121 719 1180 omnibus
741 1119 809 1181 iere
830 1122 929 1196 libris,
952 1121 1009 1181 sed
1030 1124 1122 1182 ctiam
1137 1123 1168 1182 in
1181 1122 1279 1182 Taciti
1295 1122 1456 1185 Germania

251 1240 275 1283 c.
298 1227 337 1282 ³7
359 1227 390 1284 et
411 1225 491 1303 apud
512 1225 690 1304 Eutropium
720 1227 755 1286 V.
778 1246 798 1287 1.
831 1232 1008 1288 constanter
1028 1231 1065 1288 tt.
1085 1229 1211 1288 dioniius
1238 1231 1384 1307 scriptum
1406 1231 1456 1291 sit.

249 1331 289 1391 Et
311 1334 394 1408 quod
414 1335 466 1393 alii
487 1335 647 1409 lactarunt,
671 1337 795 1396 decreto
816 1338 918 1412 gentis
932 1335 1053 1396 llanliae
1072 1341 1192 1396 cautum
1205 1336 1311 1413 tuisse,
1333 1337 1455 1412 nequis

250 1438 362 1498 deindo
382 1441 419 1498 M.
439 1441 565 1500 Mondou
587 1447 751 1502 vocaretur
771 1440 836 1501 Liv.
858 1461 898 1502 vr.
921 1443 960 1501 20
981 1442 1014 1501 id
1043 1441 1083 1514 ad
1105 1442 1191 1502 solos
1212 1442 1359 1519 patricios
1379 1459 1455 1521 per·-

250 1544 335 1620 tinet,
357 1550 437 1604 teste
459 1544 607 1604 Cicerone
630 1546 708 1605 Phil.
722 1565 742 1606 1.
761 1549 805 1606 13.
828 1545 883 1606 cfr.
905 1546 1059 1606 Plutarch.
1081 1546 1191 1615 Queat.
1213 1547 1296 1606 Rom.
1318 1550 1366 1608 91.
1397 1549 1455 1608 bio

250 1649 375 1711 Cassius
405 1653 512 1730 fragm.
540 1652 674 1712 Peiresc.
700 1655 747 1712 31.
790 1653 925 1714 Fuerunt
954 1659 1055 1714 autem
1079 1654 1194 1732 plebeii
1219 1654 1325 1714 lilanlii
1346 1656 1456 1716 Acidim

249 1763 281 1817 et
301 1760 427 1818 Mancini
448 1759 502 1818 cir.
526 1759 585 1819 Cic.
610 1761 729 1820 Verrin.
750 1779 769 1819 1.
794 1762 838 1819 10.
860 1760 972 1820 Ascon.
994 1779 1022 1837 p.
1045 1762 1092 1822 to.
1108 1763 1156 1820 52.
1179 1759 1227 1820 ed.
1249 1761 1300 1820 Or.
1323 1762 1383 1821 lam
1402 1764 1455 1822 vix

249 1864 344 1922 ullum
367 1882 506 1940 umquam
530 1871 590 1925 tam
612 1865 757 1925 audacem
780 1865 848 1926 sore
871 1866 1049 1942 putaverim,
1081 1867 1133 1942 qui
1156 1883 1230 1926 casu
1252 1865 1363 1928 iactum
1386 1875 1453 1954 ste·

249 1976 324 2050 tuat,
353 1979 386 2032 ut
408 1973 436 2031 in
463 1974 559 2032 tribus
581 1975 785 2050 scriptoribus
813 1974 892 2033 idem
914 1990 1022 2033 nomen
1044 1990 1152 2035 errore
1177 1975 1374 2035 librariorum
1396 1992 1454 2035 eo-

248 2079 317 2138 dem
339 2080 432 2139 modo
455 2080 601 2157 scriptum
624 2081 672 2139 sit.
709 2079 785 2148 Quin
815 2080 904 2140 immo
926 2083 1032 2141 nostro
1054 2080 1120 2141 iuro
1142 2081 1211 2140 inde
1233 2082 1381 2160 colligere
1404 2083 1453 2142 vi-

248 2186 362 2262 demur,
393 2187 452 2247 iam
474 2189 552 2264 apud
575 2191 700 2247 veteres
723 2188 782 2248 boo
808 2205 916 2248 nomen
943 2188 1065 2248 multum
1087 2188 1286 2249 dubitationis
1308 2190 1454 2249 babuisse

247 2301 279 2354 et
299 2294 338 2354 ab
359 2295 430 2354 aliis
446 2310 618 2371 pronomen
634 2296 773 2368 Marcum,
795 2295 833 2354 ab
851 2294 922 2354 aliis
940 2296 1056 2354 coeam
1071 2294 1218 2372 scriptum
1235 2293 1344 2372 laisum
1372 2296 1453 2372 quod

247 2419 285 2462 ec
306 2403 429 2462 facilius
455 2402 523 2462 fiori
549 2403 657 2480 potuit,
689 2403 771 2478 quod
791 2420 966 2479 praenomen
987 2405 1105 2463 Murcus
1126 2403 1197 2463 huic
1218 2405 1339 2478 quidem
1360 2402 1453 2462 fami-

246 2509 297 2568 liae
319 2513 447 2570 maxime
468 2514 613 2572 usitatum
641 2512 708 2572 fuit
742 2516 912 2573 contremuit
938 2513 1010 2573 Bas.
1038 2517 1062 2572 1.
1096 2513 1164 2573 Par.
1185 2530 1276 2572 cna.
1313 2511 1403 2572 Febr.
1427 2517 1452 2572 t.

247 2616 345 2676 Goeli.
363 2622 385 2676 t.
408 2636 475 2694 qum
497 2618 579 2678 baud
599 2619 693 2679 dubie
708 2621 906 2696 praestantior
924 2625 974 2680 est
994 2621 1099 2696 lectio:
1122 2619 1452 2697 plusquamperfectum

246 2727 285 2786 ub
296 2727 335 2786 iis
351 2729 515 2803 inventum,
530 2728 582 2804 qui
597 2728 656 2788 boc
671 2735 742 2789 ante
759 2728 873 2788 factum
889 2745 959 2788 esse
975 2728 1035 2788 sibi
1053 2735 1279 2806 persuaserant.
1295 2727 1351 2786 sed
1367 2730 1452 2786 recte

247 2833 389 2894 videntur
419 2833 565 2892 statuisse
594 2834 791 2911 interpretes,
823 2834 932 2895 eodem
962 2851 1040 2894 auno
1071 2839 1103 2894 et
1130 2832 1283 2892 Romanos
1316 2851 1452 2911 magnam

246 2939 329 2998 illam
350 2941 468 3002 cladem
489 2960 508 3001 a
529 2941 659 3002 Cimbris
679 2947 712 3002 ct
731 2943 875 3002 Teutonis
895 2943 1063 3018 accepisse,
1085 2947 1117 3002 et
1134 2941 1311 3018 Iugurtham
1332 2945 1451 3019 captum

245 3063 262 3104 a
284 3046 408 3106 Boccho
423 3046 516 3106 Sulla
538 3048 683 3107 traditum
698 3049 804 3108 luisse.
826 3047 915 3108 Nulla
938 3049 1034 3125 igitur
1048 3048 1125 3108 satis
1147 3049 1258 3108 idonea
1280 3055 1451 3123 causaest,

245 3169 301 3211 cur
325 3153 656 3231 plusquamperfectum
682 3162 822 3232 ponatur.
859 3155 961 3232 Illique
988 3147 1092 3215 cinnes
1120 3153 1209 3222 libri;
1241 3155 1335 3232 ibique
1355 3171 1451 3232 nuper

244 3260 284 3320 ab
306 3261 425 3321 editore
447 3279 485 3322 cx
508 3263 684 3322 coniectura
706 3263 847 3339 positum.
870 3262 951 3338 quod
972 3263 1100 3323 monstri
1121 3264 1218 3322 instar
1240 3267 1298 3322 est.
1319 3261 1451 3338 Negavit

245 3367 324 3426 enim
346 3369 540 3430 acutissimos
568 3371 732 3447 interpres,
758 3370 801 3430 iili
825 3370 864 3430 de
885 3369 1059 3430 hominibus
1080 3369 1165 3430 illius
1186 3371 1286 3429 aetatis
1308 3369 1369 3429 dici
1389 3385 1450 3446 po·

243 3477 349 3536 tuisse.
389 3477 434 3538 De
456 3495 514 3554 qua
536 3497 571 3538 rc
594 3495 651 3555 per
672 3483 718 3540 tot
746 3478 857 3538 saccula
883 3495 971 3538 nemo
999 3495 1037 3538 nc
1059 3478 1212 3538 dubitavit
1232 3476 1364 3553 quidem,
1389 3476 1450 3535 boc

244 3581 297 3642 ille
313 3581 449 3643 Latinum
471 3601 542 3644 esse
563 3585 697 3662 negavit.
732 3583 794 3646 Sed
811 3603 853 3644 em
866 3586 917 3645 iiio
939 3588 972 3644 ut
992 3585 1030 3643 de
1052 3589 1189 3661 tempore
1209 3583 1367 3660 praeterito
1387 3581 1449 3641 dici

243 3690 352 3765 possit,
374 3691 464 3750 nobis
485 3691 649 3768 concedet;
675 3708 774 3768 neque
795 3692 847 3752 iiio
866 3699 937 3752 ctos
950 3690 1088 3750 latinum
1111 3707 1182 3750 esse
1203 3689 1371 3768 negaverit
1393 3686 1448 3748 cll.

243 3794 328 3872 Virg.
351 3795 427 3856 Aen.
449 3815 479 3855 ιι.
503 3799 568 3856 169.
593 3797 685 3874 Ριορ.
713 3817 744 3856 ιι.
766 3799 814 3858 22.
844 3803 922 3858 extr.
949 3802 980 3857 et
1008 3796 1147 3873 quidde
1175 3814 1231 3856 usu
1259 3795 1447 3874 pronominis

243 3901 389 3963 iudicabit
409 3904 489 3980 apud
503 3901 622 3963 Livium
637 3923 697 3963 ιιι.
720 3907 747 3964 7.
772 3906 822 3980 „et
838 3909 943 3982 patres
958 3907 1091 3979 vestros,
1113 3903 1301 3981 asperrimos
1321 3901 1394 3962 illos
1408 3900 1447 3960 ad

242 4006 447 4069 conditionem
469 4011 563 4086 pacis,
590 4011 710 4089 legatos
737 4013 838 4070 tamen
868 4011 1058 4088 captivorum
1082 4007 1326 4068 redimendorum
1347 4006 1447 4084 gratia

242 4115 404 4176 Tarentum
436 4111 575 4176 misisse“
611 4135 679 4176 num
709 4118 748 4177 ab
778 4118 930 4178 eiusmodi
961 4117 1040 4176 locis
1072 4115 1219 4192 temporis
1244 4113 1330 4173 notio
1356 4113 1447 4190 plane

242 4222 344 4283 aliena
365 4223 437 4282 esti
462 4222 524 4282 Sed
546 4241 597 4282 res
622 4228 682 4283 tam
703 4229 820 4302 aperta,
844 4228 877 4282 ut
896 4224 986 4300 plura
1006 4223 1122 4283 addere
1144 4239 1203 4281 uon
1225 4238 1302 4297 opus
1323 4220 1373 4278 sit.
1394 4219 1447 4280 lu-

240 4329 372 4405 qurtdum
400 4331 517 4390 Rorncm
546 4336 667 4391 cinctum
696 4332 800 4392 eddom
826 4331 868 4391 ita
895 4331 983 4391 codd.
1011 4329 1067 4390 sed
1088 4345 1185 4407 nuper
1202 4329 1317 4386 mutato
1340 4325 1446 4386 ordine

241 4441 363 4496 cinctum
377 4437 481 4497 adduct
494 4439 619 4514 Romam,
641 4440 722 4515 quod
743 4443 775 4498 ut
797 4443 902 4498 contra
924 4438 1022 4496 libros
1044 4440 1100 4512 est,
1121 4436 1166 4494 ita
1187 4450 1306 4494 omnem
1327 4431 1446 4493 oratio-

242 4543 288 4601 nis
313 4561 467 4604 numerum
493 4545 652 4621 pervertit.
691 4545 742 4604 Ec
761 4563 797 4604 eo
818 4550 980 4620 tenpestate
999 4541 1071 4602 Bas.
1098 4545 1124 4600 1.
1146 4545 1179 4601 et
1208 4540 1298 4617 longe
1326 4539 1447 4617 plurimi

241 4650 326 4724 libri;
351 4651 395 4710 lio
417 4657 578 4726 tempestate
599 4651 668 4711 Par.
689 4653 718 4711 b.
738 4671 765 4710 z.
787 4650 893 4710 lirano.
915 4649 1003 4709 Fabr.
1029 4651 1052 4708 1.
1075 4648 1183 4708 incert.
1212 4646 1313 4706 Guelf.
1337 4647 1382 4705 10.
1397 4647 1444 4704 12.

1226 4757 1264 4812 :ta
