3576 5602
1289 658 1362 729 307

157 857 294 927 hamulis
322 855 475 928 hahuisse
507 867 720 938 memoratur,
759 880 844 950 quae
876 879 918 926 ex
950 857 1007 927 illo
1036 869 1183 950 tempore
1213 857 1356 927 Troiana

156 983 379 1074 appellantur.
421 982 550 1051 Seruius
574 983 618 1050 od
646 983 736 1072 Verp.
762 983 838 1050 Aen.
860 978 895 1062 3,
922 978 1005 1052 349.
1054 977 1106 1065 [ln
1134 979 1252 1074 Epiro]
1280 1003 1361 1050 con·

156 1118 217 1176 stat
243 1106 328 1179 olim
352 1128 466 1197 rogem
494 1105 628 1176 nomine
650 1105 811 1198 Campum
838 1105 938 1175 luisse
1041 1117 1073 1176 et
1098 1106 1238 1198 Epirum
1260 1106 1360 1176 Cam-

156 1231 292 1322 paniam
317 1241 468 1300 vocahm
491 1282 499 1299 .
522 1229 686 1300 ..Varro
714 1228 816 1299 filiam
843 1229 961 1321 Campi
986 1230 1199 1321 Campaniam
1227 1228 1358 1310 dictam,

157 1355 246 1425 unde
271 1355 463 1449 provinciae
488 1375 628 1436 nomeu;
661 1365 733 1446 post
759 1377 837 1422 vero
952 1352 1135 1424 Chaoniam
1162 1355 1204 1424 ah
1230 1354 1359 1422 Heleno

155 1481 375 1572 appellatam,
414 1478 472 1571 qui
501 1479 633 1548 tratrem
668 1501 763 1548 suum
796 1479 982 1558 Chaonem,
1018 1478 1072 1547 vel
1105 1487 1139 1548 ut
1163 1479 1220 1548 alii
1246 1478 1360 1547 dicunt

156 1604 325 1684 comitem,
345 1601 423 1672 dum
438 1613 614 1674 venaretur
628 1601 801 1672 occiderat.
836 1603 964 1672 Sarius
977 1605 1020 1672 ud
1037 1606 1125 1694 Vcrp.
1139 1606 1215 1672 Aen.
1226 1600 1260 1682 3,
1273 1598 1357 1673 334.

155 1723 487 1814 [Palladium],cnm
518 1737 631 1819 postea
660 1726 837 1797 Diomedes
873 1725 1008 1796 haberet
1034 1782 1041 1795 .
1064 1780 1100 1796 ..
1127 1727 1214 1820 quod
1251 1729 1359 1796 Varro

154 1852 347 1945 plenissime
380 1850 474 1932 dicit,
513 1849 651 1920 credens
689 1849 751 1919 sihi
788 1873 852 1919 non
888 1873 958 1920 esse
993 1862 1105 1942 aptum
1136 1863 1270 1944 propter
1299 1873 1358 1920 sua

153 1976 322 2068 pericula,
364 1973 485 2068 quihus
518 1996 700 2066 numquam
734 1974 912 2044 cariturum
951 1975 1117 2067 responsis
1148 1987 1358 2064 cognoverat,

153 2100 221 2170 nisi
247 2099 400 2170 Troianis
425 2099 610 2170 Palladium
637 2099 843 2177 reddidisset,
878 2099 1058 2169 transeunti
1085 2121 1145 2191 per
1169 2099 1357 2170 Calabriam

153 2225 293 2294 Aeneae
325 2223 445 2294 offerre
480 2233 614 2292 conatus
648 2233 707 2291 est.
756 2223 820 2293 Sed
850 2245 926 2293 oum
960 2245 995 2292 se
1027 2223 1084 2293 ille
1114 2224 1220 2293 velato
1252 2223 1358 2314 capite

153 2346 347 2417 saomficans
378 2345 607 2426 convertisset,
646 2347 769 2416 Nautes
804 2348 938 2440 quidam
973 2348 1099 2440 accepit
1124 2347 1356 2425 simulacrum

153 2473 244 2544 unde
269 2471 438 2542 Minervae
463 2493 556 2540 sacra
589 2492 656 2539 non
681 2471 766 2541 lulia
797 2495 879 2562 gens
906 2472 1034 2553 hahuit,
1067 2473 1123 2542 sed
1151 2471 1356 2543 Nautiorum.

153 2597 285 2668 Seruius
317 2597 362 2665 od
392 2597 483 2686 Verp.
516 2597 595 2664 Aen.
619 2593 654 2675 2,
684 2593 764 2666 166.
813 2593 969 2684 [Nautes]
1004 2598 1143 2666 Romam
1173 2595 1356 2666 Palladium

154 2720 289 2802 detulit,
330 2718 419 2789 unde
453 2719 649 2790 Nautiorum
685 2720 810 2790 familia
848 2721 1017 2792 Minervae
1054 2744 1147 2792 sacra
1183 2721 1355 2792 retinebat.

153 2844 253 2929 Quod
284 2844 383 2915 etiam
416 2845 522 2914 Varro
555 2844 651 2914 docet
682 2844 716 2913 in
749 2846 842 2916 libris
872 2869 954 2938 quos
980 2846 1020 2916 de
1048 2845 1181 2915 familiis
1207 2845 1357 2915 Troianis

154 2971 296 3063 scripsit.
341 2970 470 3038 Seruius
501 2971 545 3038 od
577 2971 666 3060 Verp.
692 2971 769 3038 Aca.
803 2967 836 3050 5,
869 2968 952 3041 704.
998 2971 1128 3041 Dicitur
1154 2995 1196 3040 ex
1222 2971 1357 3040 oraculo

153 3094 334 3165 Diomedes
361 3090 560 3179 [Anchisae]
586 3116 660 3162 ossa
684 3117 796 3162 secum
830 3105 991 3184 portasse;
1026 3118 1112 3184 quae
1142 3107 1254 3185 postea
1280 3094 1357 3164 red·

152 3219 237 3290 didit
261 3220 410 3299 Aeneae,
437 3241 512 3288 cum
540 3219 642 3288 multa
667 3217 807 3288 advorsa
830 3218 990 3310 perferret
1006 3271 1013 3286 .
1032 3272 1040 3287 .
1057 3271 1064 3286 .
1084 3220 1260 3290 Sciendum
1278 3242 1357 3289 sane

152 3345 340 3414 Varronem
365 3342 488 3422 dicere,
522 3342 717 3413 Diomedem
744 3353 836 3412 eruta
862 3342 1027 3411 Anchisae
1052 3367 1125 3413 ossa
1151 3344 1219 3414 filio
1245 3346 1358 3417 reddi·

152 3469 250 3548 disse,
290 3468 449 3538 Catonem
481 3479 591 3538 autem
626 3467 802 3538 adfirmare
834 3467 922 3559 quod
957 3466 1119 3537 Anchises
1153 3469 1195 3540 ad
1229 3471 1355 3540 ltaliam

152 3594 295 3664 venerit:
323 3605 412 3663 tanta
439 3604 487 3663 est
512 3594 598 3662 inter
626 3595 711 3685 ipsos
735 3593 875 3664 varietas
901 3605 932 3664 et
960 3593 1172 3664 historiarum
1198 3594 1357 3664 conlusio.

152 3719 282 3788 Seuius
308 3719 351 3786 od
381 3720 468 3809 Verp.
495 3720 572 3787 Aen.
600 3715 635 3797 4,
662 3716 745 3788 427.
789 3719 895 3788 Varro
921 3719 968 3788 ait
993 3743 1059 3789 non
1088 3721 1262 3798 Didonem,
1300 3720 1355 3789 sed

152 3845 285 3914 Annam
312 3864 426 3912 amoro
448 3845 583 3912 Aeneae
610 3843 785 3935 impulsam
812 3865 846 3913 so
872 3865 971 3935 super
996 3867 1113 3936 rogum
1142 3846 1356 3914 interemisse.

153 3967 283 4036 Seruius
308 3967 352 4036 ud
381 3968 470 4056 Vcrp.
497 3969 574 4036 Aen.
593 3963 628 4046 4,
656 3964 739 4038 682.
767 3965 800 4049 5,
827 3966 861 4038 4.
966 3969 1021 4038 19.
1047 3971 1179 4038 Aeneas
1205 3993 1281 4039 cum
1306 3969 1357 4036 vi-

154 4089 238 4180 ginti
264 4092 460 4162 navibus..
481 4093 513 4161 in
540 4091 669 4162 ltaliam
695 4093 795 4174 venit,
823 4105 982 4185 regnante
1008 4096 1054 4164 ihi
1072 4095 1192 4164 Latino
1218 4107 1249 4163 et
1270 4094 1356 4186 apud

152 4213 375 4285 Athenienses
400 4213 603 4296 Menestheo,
629 4215 717 4307 apud
744 4215 913 4308 Sicyonios
935 4217 1127 4310 Polyphide.
1161 4218 1358 4307 dupustiuus

152 4339 190 4408 dc
209 4340 271 4408 cio.
304 4340 357 4407 dei
386 4336 441 4417 18,
471 4335 527 4407 19.
576 4339 721 4409 Ornatus
752 4339 892 4409 Romani
926 4341 1090 4410 exercitus
1119 4338 1357 4431 antiquissimis

152 4461 357 4554 temporibus
384 4460 438 4530 hic
465 4461 543 4530 tuit:
577 4461 675 4553 galea
700 4483 810 4542 aerea,
837 4461 940 4532 lorica
966 4463 1074 4532 anulis
1098 4476 1259 4544 conserta,
1283 4463 1357 4552 gla-

151 4586 225 4658 dius
252 4587 336 4658 latus
362 4611 401 4657 ac
427 4587 536 4657 brevis
563 4587 597 4657 in
620 4587 753 4657 sinistro
769 4588 891 4656 lemine
909 4588 1067 4681 pendens,
1095 4589 1204 4658 iacula
1222 4588 1254 4658 in
1273 4588 1356 4656 dex-

151 4721 201 4780 tra
232 4733 333 4780 manu
365 4710 432 4780 duo
466 4710 601 4802 cuspide
628 4713 703 4792 lata,
740 4711 893 4781 tibiarum
921 4723 1111 4804 tegumenta
1136 4721 1223 4780 texta
1250 4711 1354 4801 nigra,
