3576 5602
1289 663 1360 733 389

149 855 255 935 dedit,
282 866 317 924 nt
341 854 456 925 scribit
481 855 585 926 lulius
611 857 733 926 Caesar
760 858 817 928 lib.
838 861 879 928 ll.
923 861 1071 929 ,iurrlius
1095 861 1196 930 Victor
1220 865 1258 932 dr
1278 865 1360 953 erip.

150 1005 182 1071 p.
204 982 245 1050 ll.
273 978 328 1061 18,
358 980 392 1049 5.
495 980 528 1050 8.
556 981 705 1052 Primum
731 981 835 1072 igitur
859 984 1011 1055 Amulius
1036 1008 1097 1055 rex
1131 995 1168 1055 ut
1198 986 1362 1079 comperit

151 1105 285 1174 Rheam
314 1104 452 1174 Silvium
474 1105 679 1174 sacerdotem
705 1106 872 1199 peperisse
894 1108 1056 1199 geminos,
1084 1109 1231 1202 protinus
1252 1110 1361 1203 impe-

150 1231 237 1298 ravit
259 1229 425 1322 deportari
451 1229 493 1298 ad
524 1252 644 1323 aquam
670 1230 893 1322 profluentem
917 1245 1017 1326 atque
1046 1257 1086 1303 eo
1111 1233 1224 1304 abiici.
1274 1235 1358 1305 Tum

152 1353 215 1433 illi,
243 1353 363 1446 quibus
394 1353 427 1422 id
455 1352 654 1447 imperatum
687 1365 769 1436 erat,
808 1356 1100 1449 impositosalveo
1124 1379 1246 1450 pueros
1271 1357 1360 1428 circa

151 1479 283 1548 radices
306 1480 426 1549 montis
452 1479 572 1549 Palatii
599 1480 632 1548 iu
658 1479 822 1561 Tiberim,
857 1482 1012 1573 quitum
1043 1482 1173 1574 magnis
1198 1481 1360 1552 imbribus

151 1614 372 1694 stagnaverat,
410 1603 614 1685 abiecerunt,
652 1603 790 1696 eiusque
824 1605 971 1696 regionis
1001 1607 1157 1676 subulcus
1184 1606 1359 1676 Faustulus

152 1728 341 1820 speculatus
365 1740 579 1822 exponentes,
611 1741 647 1799 ut
671 1729 753 1799 vidit
784 1730 953 1800 relabente
979 1731 1116 1801 llumine
1143 1731 1290 1810 alveum,
1324 1731 1357 1800 in

152 1879 221 1947 quo
241 1855 337 1956 pueri
359 1865 463 1935 erant,
489 1854 679 1926 obhaesisse
699 1855 742 1924 ad
764 1856 917 1926 arborem
939 1855 1005 1937 fici,
1031 1878 1277 1948 puerorumque
1300 1879 1360 1924 va-

153 1979 223 2070 gitu
246 1979 362 2069 lupam
387 1978 543 2059 excitam,
574 2002 662 2072 quae
685 1991 821 2070 repente
843 1980 981 2060 exierat,
1007 1980 1116 2072 primo
1142 1979 1280 2050 lambitu
1304 2001 1359 2048 eos

153 2103 340 2185 detersisse,
363 2103 441 2172 dein
462 2102 678 2175 levandorum
696 2103 836 2174 uberum
854 2103 960 2194 gratia
975 2126 1136 2174 mammas
1151 2103 1357 2196 praebuisse:

153 2225 323 2296 descendit
345 2249 386 2296 ac
404 2227 534 2298 sustulit
554 2227 815 2321 nutriendosque
837 2231 945 2299 Accae
967 2228 1141 2297 Larentiae
1163 2228 1258 2298 uxori
1278 2249 1358 2298 suae

153 2349 255 2434 dedit,
283 2362 320 2422 ut
345 2352 493 2422 scribunt
517 2353 645 2423 Ennius
671 2352 730 2423 lib.
757 2354 772 2422 l
797 2361 830 2421 et
853 2352 974 2422 Caesar
1006 2353 1046 2423 ll.
1080 2353 1228 2422 Aurelius
1258 2353 1360 2421 Victor

152 2478 190 2546 dc
206 2477 291 2567 erip.
313 2500 345 2568 9.
368 2479 407 2546 li.
433 2476 493 2558 20,
519 2475 555 2548 2.
582 2474 616 2547 3.
716 2475 751 2548 9.
778 2476 968 2546 Secundum
984 2477 1157 2570 Polybium
1182 2475 1359 2547 Marcellus

152 2601 437 2672 Hannibalemne
454 2602 558 2671 semel
584 2601 719 2694 quidem
744 2600 923 2694 superavit,
943 2653 951 2669 .
972 2652 979 2668 .
1006 2600 1065 2669 sed
1086 2623 1146 2670 uos
1163 2599 1258 2671 Livio
1284 2622 1360 2669 cre·

153 2726 275 2806 dimus,
302 2725 448 2806 Caesari,
475 2725 593 2817 Nepoti
619 2736 651 2794 et
675 2747 694 2792 e
721 2725 857 2794 Graecis
884 2724 998 2805 lubae,
1028 2725 1086 2817 qui
1113 2725 1262 2794 Poenum
1295 2725 1360 2794 ali-

153 2852 282 2945 quoties
310 2873 331 2919 a
357 2850 516 2921 Marcello
538 2848 662 2919 victum
687 2859 719 2918 et
740 2849 889 2940 iugatum
912 2847 1128 2919 tradiderunt.
1174 2849 1360 2918 Plutarchus

153 2999 251 3068 comp.
278 2977 382 3068 Pelop.
406 2999 431 3045 c.
453 2976 601 3047 Marcello
622 2974 653 3047 1.
694 2977 727 3044 Is
751 2976 877 3058 Gueacr,
896 2977 966 3054 uisi
992 2975 1186 3045 Octauianus
1212 2990 1265 3056 cst,
1289 2999 1359 3044 rum

153 3102 314 3192 asperiore
334 3103 570 3193 couiuuprudcs
592 3102 661 3171 crit.
706 3101 767 3172 Sed
792 3103 920 3193 quaudo
941 3103 996 3170 ille
1022 3102 1150 3181 uruit,
1178 3103 1243 3171 siue
1263 3101 1359 3170 Ocius

152 3228 215 3316 fuit
234 3227 301 3295 sior
320 3227 444 3306 Lucius,
469 3250 534 3296 uon
559 3226 655 3296 babeo
676 3240 873 3318 compertum.
917 3226 1014 3295 Estne
1038 3225 1075 3295 C.
1095 3225 1197 3295 lulius
1215 3233 1357 3304 senator,

152 3348 210 3440 qui
235 3349 362 3420 Graece
386 3371 439 3419 res
459 3348 627 3419 Romanas
651 3349 780 3440 scripsit
800 3373 832 3418 o.
851 3345 942 3418 613?
968 3353 1025 3441 cfr.
1046 3371 1144 3441 supro
1159 3372 1191 3440 p.
1212 3346 1296 3429 265,
1326 3345 1356 3418 1.

635 3665 876 3672 .-.m—...—

399 3877 576 3962 mvut
624 3879 666 3963 Ι
695 3875 919 3962 mutum
948 3875 1096 3960 tamo.

227 4095 273 4164 Μ.
305 4094 404 4163 Varro
435 4107 530 4162 uatus
555 4114 586 4162 u.
618 4088 702 4169 638,
737 4105 878 4160 mortuus
910 4113 941 4158 c.
975 4087 1058 4168 728,
1093 4088 1190 4157 libros
1216 4088 1359 4157 historici

156 4220 336 4311 crpumcuti
360 4220 589 4309 secepeuorius
613 4221 678 4309 fere
704 4218 790 4286 edere
815 4216 923 4306 coepit.
965 4215 1062 4283 (brius
1087 4237 1156 4282 cum
1187 4213 1358 4304 separatim

154 4345 271 4414 iustum
294 4344 480 4435 plerumque
503 4344 676 4433 imcpiusm
707 4341 897 4410 adumbmc
934 4340 1147 4429 librorumque
1179 4338 1358 4428 deperdito·

153 4489 224 4535 rum
247 4467 402 4559 reliquias
428 4468 569 4535 munium
594 4488 773 4558 componere
796 4463 1037 4542 instituerimus,
1064 4461 1122 4529 boc
1145 4461 1211 4529 loco
1226 4462 1358 4530 Ιιίεεονί-

155 4613 206 4660 ccs
230 4613 280 4660 res
305 4612 327 4659 a
354 4590 485 4682 reliquis
518 4604 694 4680 seprcputus
720 4601 746 4657 ct
771 4588 865 4678 quasi
889 4607 944 4678 per
970 4597 1112 4654 saturum
1143 4583 1282 4654 coruum
1306 4606 1357 4652 re-

154 4721 295 4807 [aeuus.
