3610 5592
1054 641 1078 688 X

467 821 631 890 Praeterea
656 819 775 890 multos
801 840 901 917 novos
918 817 1021 904 lilrros
1042 817 1182 910 inspexi,
1208 838 1290 910 qnos
1312 835 1508 886 enumerare
1529 813 1659 924 longum

468 971 527 1042 est,
553 983 662 1054 neque
687 981 797 1052 operae
823 959 966 1053 pretium
993 958 1088 1039 duco,
1116 959 1238 1053 quippe
1269 980 1311 1027 ex
1336 956 1456 1050 quibus
1481 954 1564 1025 nihil
1589 954 1660 1024 novi

466 1101 646 1172 adiumenti
678 1100 721 1171 ad
750 1099 991 1170 emendandum
1026 1098 1203 1169 Salustium
1241 1097 1425 1168 accesserit.
1482 1097 1519 1167 ld
1559 1097 1660 1166 solum

468 1241 728 1323 lucrifecimus,
755 1252 790 1313 ut
814 1239 903 1334 quod
928 1241 995 1311 iam
1020 1241 1100 1310 olim
1125 1240 1280 1333 suspicati
1305 1261 1448 1320 eramus,
1482 1238 1575 1308 novis
1599 1237 1662 1308 uti-

469 1404 534 1474 que
565 1383 768 1474 argumentis
800 1382 1063 1462 confirmaretur,
1096 1379 1253 1452 codicem
1277 1379 1492 1450 Basiliensem
1523 1377 1662 1470 primum

468 1522 617 1594 omnium
636 1523 796 1594 librorum
815 1523 1129 1616 manuscriptorum
1146 1522 1244 1612 longe
1261 1543 1332 1590 esse
1348 1519 1662 1614 prestantissimum.

469 1663 535 1734 Sed
564 1675 599 1735 ut
630 1674 719 1734 certa
753 1664 807 1734 via
840 1675 938 1756 atque
971 1663 1099 1734 ratione
1131 1684 1213 1755 opus
1241 1660 1478 1740 institueretur,
1521 1659 1663 1752 primum

469 1825 544 1896 quae
570 1803 610 1873 de
636 1803 769 1874 Salustii
799 1805 865 1874 vita
896 1816 929 1875 et
953 1805 1081 1898 scriptis
1115 1801 1272 1874 constanti
1306 1801 1508 1895 antiquitatis
1540 1821 1665 1868 memo-

468 1943 520 2014 ria
545 1954 577 2013 et
601 1943 790 2013 certissimis
815 1953 962 2014 veterum
996 1943 1193 2038 scriptorum
1225 1941 1418 2013 testimoniis
1447 1941 1523 2014 satis
1547 1940 1663 2032 explo-

469 2095 541 2156 rata
564 2085 769 2166 videbantur,
794 2085 937 2156 breviter
962 2085 1099 2178 exposui
1124 2084 1252 2154 omissis
1276 2082 1441 2165 omnibus,
1468 2103 1542 2174 quae
1567 2079 1666 2150 meris

470 2226 709 2319 suspicionibus
742 2237 774 2296 et
802 2225 997 2296 coniecturis
1029 2225 1248 2296 continentur.
1298 2223 1496 2314 lmportunis
1521 2223 1609 2292 enim
1636 2231 1667 2290 et

470 2351 650 2438 audacibus
681 2366 831 2457 argutiis,
862 2367 983 2460 quibus
1014 2367 1109 2438 multi
1140 2367 1333 2459 interpretes
1361 2365 1537 2457 scriptores
1563 2361 1667 2452 magis

470 2517 650 2578 onerarunt
686 2529 787 2598 quam
825 2507 1040 2587 illustrarunt,
1073 2506 1149 2578 linis
1180 2506 1360 2606 aliquupdo
1395 2505 1566 2598 ponendus
1607 2515 1667 2575 est.

471 2647 595 2719 Contra
613 2647 733 2718 melina
755 2647 864 2722 nsum
881 2647 1003 2719 iudicia
1023 2658 1173 2718 veterum
1185 2646 1484 2720 Grammaticorum
1506 2646 1667 2724 intexere,

471 2786 592 2880 quippe
607 2809 650 2857 ex
667 2787 788 2881 quihus
805 2797 838 2860 et
855 2787 1069 2860 certissimam
1086 2813 1236 2860 nmmum
1256 2798 1354 2880 atque
1375 2787 1526 2880 regulam
1551 2809 1669 2858 eruere

471 2928 587 3021 possis,
613 2929 655 3002 ad
680 2953 782 3022 wem
806 2931 913 3002 omnis
939 2930 980 3000 de
1005 2930 1190 3001 Salustiana
1210 2929 1359 3000 oratione
1378 2927 1561 3022 disquisitio
1584 2927 1670 2997 diri·

469 3081 578 3161 gatur,
605 3082 636 3141 et
660 3070 783 3164 optime
808 3071 983 3163 intelligas,
1009 3093 1108 3165 wem
1128 3070 1295 3162 dignitatis
1312 3070 1422 3140 locum
1446 3068 1586 3162 scriptor
1611 3068 1671 3139 ille

471 3217 506 3288 in
534 3218 650 3290 litteris
675 3219 801 3290 Latinio
831 3220 984 3291 tenuerit.
1034 3219 1096 3288 llis
1124 3219 1302 3312 premissis
1325 3219 1558 3312 omnibusque,
1593 3239 1671 3310 quae

470 3359 511 3430 ad
528 3359 648 3429 rectius
665 3358 705 3429 de
727 3361 870 3430 Salustio
891 3360 1081 3430 laciendum
1102 3359 1260 3430 iudicium
1278 3361 1444 3452 pertinere
1461 3361 1671 3438 videbantur,

468 3499 646 3592 diligenter
662 3501 828 3593 expositis,
854 3502 945 3594 ipsos
965 3502 1108 3572 auctoris
1125 3501 1237 3582 libros,
1255 3503 1442 3584 Catilinam,
1463 3501 1672 3593 iugurtham,

469 3649 568 3732 atque
593 3641 768 3712 Orationes
800 3653 832 3712 et
856 3643 1021 3736 Epistulas
1054 3666 1098 3713 ex
1122 3643 1345 3714 Historiarum
1378 3642 1471 3714 libris
1497 3654 1673 3736 excerptas

469 3780 674 3852 emendatius
698 3782 798 3852 edidi.
838 3783 902 3854 Sed
928 3806 971 3852 ne
989 3783 1069 3877 quid
1086 3784 1340 3866 desideraretur,
1366 3785 1455 3879 quod
1475 3795 1532 3855 aut
1550 3785 1591 3854 ad
1605 3785 1673 3853 Sa-

468 3921 557 3992 lustii
581 3923 765 3992 orationem
797 3924 1025 3995 illustrandam
1050 3924 1173 3996 autad
1199 3925 1269 3996 eius
1295 3926 1467 4016 ingenium
1492 3947 1674 4018 moresque

470 4061 697 4154 explanandos
710 4065 818 4135 facere
836 4065 1014 4148 videretur,
1039 4067 1204 4160 Epistolas
1221 4088 1303 4160 quas
1320 4067 1481 4138 Salustius
1497 4068 1539 4138 ed
1557 4068 1674 4139 Caesa·

468 4227 542 4276 rem
558 4228 673 4277 senem
689 4205 731 4275 de
744 4205 931 4277 ordinanda
956 4229 993 4276 re
1018 4207 1150 4300 publica
1167 4208 1334 4301 scripsisse
1351 4209 1465 4292 fertur,
1492 4209 1534 4278 ad
1552 4229 1675 4278 exem-

465 4348 539 4440 plur
551 4348 746 4419 Vaticanum
772 4369 954 4440 expressus,
979 4359 1137 4441 praeterea
1163 4347 1345 4418 invectivus
1362 4347 1531 4418 Ciceronis
1555 4359 1588 4418 et
1606 4349 1674 4416 Sa·

466 4488 567 4570 lustii,
581 4509 658 4580 qne
668 4487 835 4570 dicuntur,
853 4489 1024 4581 ipsamque
1038 4491 1144 4560 Porcii
1157 4489 1319 4570 Latronis,
1337 4500 1374 4559 ut
1385 4489 1469 4559 lalso
1482 4489 1675 4582 perhibeat,

465 4629 751 4700 Declamatioaem
776 4629 809 4699 in
828 4629 1006 4702 Catilinam
1024 4631 1142 4700 iterum
1163 4631 1248 4724 typis
1270 4629 1518 4701 exscribendam
1541 4629 1674 4698 curavi.
