3576 5602
1333 675 1404 744 tob

195 859 390 944 ἐλλείπομεν.
439 868 535 928 Recte
569 869 662 946 igitur
687 868 861 928 Priscianus
891 873 976 928 cuius
1012 873 1057 928 rei
1079 871 1308 946 interpretatur,
1338 871 1405 931 hmo

197 977 277 1036 enim
298 977 487 1054 pronominis
509 977 557 1036 vis
579 979 637 1052 est,
660 978 741 1052 quod
764 979 795 1036 et
817 979 1053 1037 contemtionem
1075 979 1216 1056 exprimit
1235 981 1267 1038 et
1283 995 1404 1040 omnem

196 1087 367 1143 contortam
389 1083 625 1160 explicationem
652 1087 801 1144 removet.
843 1082 960 1144 Eodem
986 1085 1077 1145 modo
1105 1086 1297 1163 participium
1317 1088 1402 1164 sutr-

196 1207 261 1250 rom
281 1191 343 1249 vim
364 1191 549 1252 substantivi
575 1191 677 1250 babet.
705 1191 767 1250 Sal.
791 1192 852 1268 lug.
876 1194 949 1251 100:
979 1192 1113 1270 Vigilias
1136 1193 1203 1270 ipse
1231 1193 1400 1270 circumire,

196 1313 257 1356 non
278 1295 448 1356 diffidentia
470 1297 574 1371 loturi,
597 1315 665 1373 quae
689 1299 914 1374 imperavisset.
949 1296 1124 1375 Eademque
1144 1300 1274 1377 genitivi
1287 1318 1399 1377 gerun-

196 1400 241 1460 dii
260 1403 318 1476 vis,
340 1403 392 1478 qui
413 1403 493 1479 apud
518 1403 668 1478 Plautum,
695 1405 877 1481 Terentium,
902 1404 1076 1466 Lucretium
1102 1405 1262 1482 ipsumque
1282 1405 1401 1467 Livium

195 1509 318 1587 legitur.
340 1510 395 1571 eir.
410 1510 508 1571 Plaut
526 1512 611 1588 Capt.
633 1531 673 1571 xv.
696 1515 723 1571 2.
747 1515 800 1571 72:
823 1511 1005 1572 Nominandi
1027 1514 1155 1573 istorum
1176 1515 1231 1574 tibi
1253 1514 1313 1574 erit
1335 1531 1401 1573 ma·

196 1618 244 1694 gis
265 1635 355 1694 qnam
376 1618 488 1678 edundi
510 1621 606 1696 copia.
629 1620 721 1679 Immo
744 1621 827 1684 dicat
849 1620 962 1695 aliquis
985 1622 1077 1680 etiem
1097 1621 1267 1697 genitivum
1285 1637 1401 1698 prono·-

197 1723 287 1783 minis
308 1725 354 1784 bie
376 1727 504 1785 eandem
529 1727 589 1786 vim
611 1728 690 1787 tueri
712 1727 743 1786 in
765 1728 819 1787 illa
842 1728 963 1788 dicendi
992 1728 1133 1804 formula,
1161 1746 1229 1804 quae
1251 1729 1300 1787 est
1321 1727 1402 1805 apud

196 1829 368 1891 Terentium
389 1833 522 1911 Adelph.
544 1853 573 1896 n.
599 1837 622 1892 l.
646 1835 672 1894 8.
697 1834 758 1908 „Tu
774 1833 856 1910 qood
872 1839 904 1893 te
920 1835 1076 1911 posterius
1089 1851 1212 1911 purges,
1234 1835 1319 1894 butue
1342 1851 1401 1894 non

196 1931 334 1998 laciam.“
360 1940 389 1998 in
406 1941 591 2000 nominativo
607 1940 750 2000 similiter
765 1945 798 2000 ut
811 1941 966 2018 quodcum
981 1941 1119 2018 genitivo
1133 1941 1316 2001 substantivi
1332 1942 1402 2001 iun-

195 2045 292 2122 gitur:
315 2046 374 2106 bec
388 2047 546 2120 commodi,
569 2047 643 2122 quid
664 2047 723 2107 boc
738 2048 837 2106 morbi
851 2051 909 2122 est,
928 2047 988 2106 boc
1009 2048 1165 2124 copiarum
1180 2049 1210 2106 in
1224 2047 1400 2125 Hispaniam

196 2159 350 2230 portatum
366 2159 422 2213 est.
438 2153 503 2213 Liv.
518 2173 587 2214 xum
605 2157 649 2214 18.
665 2153 811 2229 quidhoc
826 2153 1027 2213 bominisest.
1042 2155 1110 2213 Ter.
1127 2152 1200 2213 lien.
1217 2156 1244 2212 3.
1259 2156 1287 2213 4.
1301 2157 1328 2214 8.
1344 2154 1401 2214 cir.

195 2261 230 2318 id
252 2262 362 2337 aetatis,
385 2263 531 2324 locorum:
554 2263 758 2338 auctoritatis,
781 2261 916 2336 honoris,
943 2262 1061 2323 virium.
1086 2268 1118 2322 et
1137 2262 1203 2322 Liv.
1224 2281 1298 2322 xxxx.
1321 2267 1348 2323 t.
1369 2263 1401 2322 id

196 2371 310 2429 tanturn
326 2371 467 2446 bostium,
491 2371 573 2447 quod
590 2388 629 2431 ex
646 2371 781 2431 adverso
797 2376 873 2448 crat,
894 2372 1026 2450 aspexit.
1062 2372 1134 2440 Quae
1154 2371 1253 2432 omnia
1276 2371 1318 2429 ita
1332 2375 1402 2430 sunt

196 2481 382 2553 comparata,
405 2481 437 2537 ut
450 2478 632 2554 pronomina
653 2479 764 2555 saepius
784 2479 846 2537 vim
868 2479 1127 2538 substantivorum
1140 2479 1279 2538 obtinere
1294 2483 1401 2537 osten-

196 2582 277 2642 dant.
300 2599 367 2659 quau
397 2584 535 2658 quamvis
558 2584 589 2643 in
610 2584 799 2643 nominativo
821 2587 853 2644 et
873 2585 1052 2643 accusativo
1079 2584 1119 2643 sit
1141 2582 1401 2659 frequentissima,

195 2692 296 2750 tamen
320 2691 373 2749 vel
401 2673 441 2750 ad
466 2691 636 2768 genitivum
662 2688 826 2750 transferri
854 2707 958 2766 posse,
990 2708 1049 2751 uon
1077 2694 1126 2750 est
1147 2689 1228 2766 quod
1249 2705 1400 2766 negemus.

277 2813 301 2856 c.
324 2799 371 2856 57.
400 2801 576 2874 pictoriocen
602 2827 641 2838 -
667 2797 833 2873 presidebat
863 2833 900 2842 -
927 2803 1023 2873 utpote
1048 2798 1117 2856 lect.
1144 2814 1209 2855 var.
1235 2795 1301 2856 cod.
1329 2795 1400 2855 Bas.
1486 2840 1490 2851 .

195 2905 244 2979 pei
264 2920 368 2981 οοοροο
389 2909 520 2965 exercite
549 2905 620 2965 lecte
641 2905 816 2982 aptioribus
840 2905 990 2980 capeditoe
1009 2908 1040 2963 in
1059 2906 1133 2981 fupo
1154 2909 1329 2981 sequeretur.
1357 2903 1400 2961 ita

196 3027 303 3071 omnes
319 3012 391 3071 iibri
407 3012 464 3071 nisi
486 3012 568 3087 qnod
589 3013 619 3069 in
635 3010 726 3070 Febr.
741 3030 759 3069 1.
775 3011 848 3071 clim
863 3011 1013 3085 expedites
1029 3011 1094 3086 luit,
1116 3027 1184 3085 quae
1199 3010 1292 3069 lectio
1308 3011 1401 3069 etiam

197 3118 228 3177 in
247 3117 373 3185 ΜΗ
394 3122 506 3178 exstat.
528 3117 687 3176 confirmat
708 3117 836 3176 eandem
857 3116 1022 3176 lectionem
1043 3117 1191 3176 Priscian.
1212 3135 1296 3175 xvrn.
1312 3133 1336 3174 c.
1353 3118 1400 3175 25.

197 3243 224 3302 p.
246 3226 315 3283 240.
338 3223 391 3284 ubi
411 3224 604 3300 nuperrimos
626 3223 729 3284 editor
750 3229 866 3284 temere
883 3225 1033 3299 expeditus
1054 3223 1199 3298 correxit,
1221 3226 1328 3300 utpote
1350 3223 1400 3298 qui

196 3331 284 3392 codd.
313 3331 477 3391 lectionem
499 3329 609 3390 salsam
638 3347 709 3390 esse
742 3347 840 3405 neque
867 3331 982 3407 regulae
1008 3348 1025 3389 a
1049 3329 1208 3389 Prisciano
1234 3331 1401 3407 propositae

196 3455 366 3516 congruere
385 3440 542 3498 statueret.
573 3435 664 3514 Fugit
685 3436 764 3496 enim
786 3436 910 3496 doctum
931 3437 1092 3510 hominem,
1115 3437 1180 3495 baec
1202 3453 1219 3496 a
1242 3435 1400 3495 Prisciano

196 3547 311 3605 tantum
333 3563 371 3607 eo
392 3543 522 3604 consilio
546 3541 643 3603 luisse
665 3543 798 3616 laudata,
825 3545 858 3602 ut
880 3541 986 3602 (iraeca
1008 3531 1052 3617 dg
1072 3529 1262 3628 ποιήσοντες
1282 3541 1400 3602 Latinis

195 3658 290 3728 upote
304 3656 353 3730 poi
366 3652 522 3713 redderet.
554 3650 635 3710 Male
650 3649 717 3710 baeo
733 3651 812 3710 inter
827 3667 862 3709 se
885 3655 1061 3727 comparata
1076 3667 1147 3709 esse
1162 3665 1248 3709 nemo
1270 3667 1327 3709 non
1352 3650 1400 3708 in-

196 3759 317 3837 telligit
340 3759 397 3818 sed
417 3760 518 3836 agitur
538 3759 578 3817 de
600 3757 732 3817 consilio
758 3759 903 3816 auctoris.
938 3755 1001 3816 lam
1030 3773 1135 3816 omnes
1165 3755 1231 3815 lere
1260 3754 1400 3816 editores

196 3883 255 3926 nno
277 3866 378 3924 animo
394 3873 661 3941 consurrexerunt,
682 3868 715 3923 ut
737 3862 900 3922 lectionem
919 3863 1069 3937 expeditos
1082 3862 1284 3938 expellerent,
1307 3879 1400 3937 cepe·

195 3973 270 4033 ditm
290 3976 485 4049 reponerent.
527 3970 636 4048 Operm
657 3969 750 4046 igitur
771 3969 901 4046 pretium
924 3973 972 4028 est
995 3969 1075 4028 bunc
1103 3969 1201 4028 locum
1223 3967 1315 4046 paulo
1346 3985 1400 4028 ac-

196 4079 330 4140 curatius
345 4078 499 4154 inspicere
509 4077 693 4152 illorumque
709 4081 887 4153 argumenta
901 4077 1078 4154 diligentius
1094 4075 1275 4136 examinare.
1295 4075 1401 4152 Scrip-

196 4189 245 4246 tor
271 4193 376 4246 narrat
399 4185 560 4246 Catilinam
588 4185 689 4261 lugam
716 4183 746 4242 in
768 4181 897 4242 Galliam
919 4183 1149 4260 Transalpinam
1174 4199 1311 4260 parasse,
1344 4183 1401 4241 sed

196 4293 257 4352 boc
272 4293 434 4352 consilium
449 4292 575 4366 exsequi
590 4308 649 4351 non
664 4290 812 4366 potuisse,
829 4289 941 4366 quoda
958 4289 1060 4349 fronte
1075 4289 1217 4349 Metellus
1229 4287 1320 4348 Celer
1333 4306 1400 4347 cnm

196 4402 294 4461 tribus
316 4399 491 4477 legionibus
519 4400 600 4459 viam
628 4398 657 4457 ei
679 4398 846 4474 praeclusit,
882 4417 901 4458 a
922 4403 1010 4474 tergo
1040 4415 1107 4457 cum
1130 4413 1240 4472 magno
1262 4395 1401 4454 exercitu

195 4508 346 4568 Antonius
372 4507 514 4567 instabat.
556 4505 642 4574 Quod
671 4522 731 4580 quo
759 4505 850 4565 modo
877 4504 988 4564 iactum
1019 4503 1067 4579 sit,
1096 4503 1229 4581 scriptor
1258 4501 1399 4578 explieat.

195 4613 293 4694 Supra
314 4632 380 4692 cap.
397 4615 443 4673 36.
467 4614 526 4672 iam
547 4615 672 4672 senatus
693 4614 851 4672 decretum
872 4615 1172 4686 commemoraverat
1194 4614 1226 4670 ut
1248 4609 1400 4670 Antonius

195 4739 262 4782 cum
285 4723 424 4783 exercitu
446 4720 607 4780 Catilinam
629 4721 774 4796 persequi
796 4724 970 4778 maturaret.
