3576 5602
1275 637 1346 705 lt'l'l

140 849 206 891 mus
228 818 315 891 Catil.
346 833 374 890 l.
404 830 461 906 „de
489 831 575 890 ouius
599 830 733 891 hominis
762 830 897 890 moribus
924 847 1022 907 pauca
1047 830 1132 907 prius
1155 833 1349 909 explananda

141 942 220 1012 sunt,
250 956 338 1013 qnam
360 938 477 998 initium
502 937 646 997 narrandi
675 931 810 998 laoiam.“
846 936 1021 1014 Explicatio
1049 938 1131 998 modi
1160 941 1348 1000 ooniunotivi

141 1046 289 1105 laellima:
325 1042 514 1120 Exprimitnr
546 1043 690 1102 indicium
725 1043 903 1120 scriptoris,
938 1044 990 1119 qui
1023 1061 1089 1103 cum
1118 1049 1276 1122 statueret,
1305 1047 1351 1106 rei

142 1151 258 1210 initium
280 1151 420 1227 expediri
439 1168 498 1210 nnn
520 1167 623 1226 posse,
658 1150 718 1209 nisi
739 1167 838 1227 pauoa
859 1151 943 1227 prius
966 1150 1130 1226 explanata
1152 1155 1267 1228 essent,
1299 1153 1351 1212 di-

142 1258 333 1332 gressionem
358 1255 432 1315 leoit
453 1257 491 1315 de
513 1257 676 1316 Masinissa
699 1260 732 1315 et
752 1255 791 1315 de
813 1256 878 1314 eius
899 1253 1026 1314 familia.

225 1367 349 1424 animno
377 1363 447 1423 Bas.
469 1364 537 1424 Par.
570 1364 640 1434 alii;
670 1381 737 1440 quae
764 1364 858 1422 leotio
884 1362 966 1423 lalsa
987 1363 1244 1442 interpretatione
1266 1381 1352 1424 oom-

144 1469 249 1544 pendii
270 1470 432 1547 scripturae
460 1470 491 1528 in
520 1469 618 1529 libros
645 1470 781 1546 irrepsit
820 1468 889 1528 Etsi
909 1471 988 1528 enim
1011 1470 1093 1547 apud
1115 1469 1255 1530 Ovidium
1277 1473 1354 1531 satis

145 1574 291 1651 frequens
313 1580 362 1636 est
382 1580 537 1637 struotura
563 1576 719 1653 participii
739 1583 871 1652 reeeplna
893 1593 960 1636 oum
981 1577 1129 1652 ablativo,
1152 1595 1189 1638 ea
1212 1581 1314 1638 tamen
1336 1597 1354 1638 a

146 1681 273 1742 Salustii
295 1684 435 1742 oratione
457 1683 558 1742 aliena
580 1686 636 1757 est
659 1681 716 1742 olr.
739 1682 836 1742 lland.
858 1683 898 1741 ad
919 1682 991 1742 llor.
1014 1684 1146 1744 Turseli.
1170 1703 1213 1742 ιιι.
1234 1700 1264 1760 p.
1286 1687 1355 1745 295.

148 1795 180 1850 et
194 1793 300 1848 nostro
316 1789 438 1865 quidem
452 1790 521 1849 loeo
537 1799 665 1866 propter
685 1789 838 1848 adiectum
852 1806 872 1848 o
885 1789 917 1850 P.
931 1792 1064 1865 Scipione
1075 1771 1155 1850 'lerri
1168 1809 1228 1851 non
1242 1796 1357 1868 potest

230 1897 425 1973 aiplocaBas.
435 1897 559 1974 appium
569 1897 637 1956 Tur.
650 1897 745 1974 eifoca
758 1893 824 1954 Ein.
839 1898 943 1973 anfora
952 1896 1021 1955 Par.
1037 1915 1103 1973 quae
1123 1899 1245 1973 quidem
1257 1897 1356 1958 lorma

150 2005 222 2062 milri
237 2005 377 2080 proxime
392 2006 431 2064 ad
448 2003 632 2063 Salustianae
652 2002 881 2080 orthographia
896 2003 1048 2062 rationem
1062 2005 1214 2064 aoeedere
1226 2004 1358 2065 videtur.

230 2109 351 2168 lrlenmol
369 2109 439 2170 Bas.
461 2108 529 2168 Par.
552 2111 673 2187 saepius,
701 2108 845 2184 litterap
867 2109 990 2169 omissa.

232 2233 258 2275 o.
274 2216 301 2273 6.
323 2221 350 2273 et
364 2218 508 2274 minimum
521 2213 591 2274 Bas.
604 2221 632 2273 el
644 2213 727 2290 qnod
738 2230 843 2273 omnes
856 2214 923 2273 lere
935 2214 1007 2273 libri
1020 2218 1151 2290 tuentur,
1169 2215 1275 2292 plures
1290 2215 1360 2276 edi·

152 2325 237 2380 tores
265 2322 432 2394 eiecerunt,
463 2320 544 2395 quod
565 2319 688 2396 vulgari
712 2320 933 2379 antithetorum
962 2321 1179 2396 compositioni
1200 2339 1259 2381 non
1282 2323 1360 2382 satis

152 2426 342 2503 respondere
370 2427 505 2502 videtum
534 2428 590 2486 sed
617 2427 798 2503 significatio
829 2426 989 2502 partioulae
1015 2433 1043 2485 el
1067 2434 1195 2504 propter,
1227 2445 1362 2504 sequens

152 2537 335 2596 vocabulum
350 2536 509 2615 paulisper
530 2539 662 2595 mutatur
683 2539 715 2594 et
736 2552 796 2594 non
818 2535 924 2595 minuit
945 2535 1001 2594 sed
1014 2542 1107 2612 anget
1121 2535 1360 2614 oppositionem.

150 2647 252 2718 pronis
274 2645 331 2721 apl.
350 2649 452 2720 porois
473 2645 543 2704 Bas.
566 2645 602 2704 ot
622 2645 677 2703 lmo
698 2644 789 2703 idem.

234 2769 260 2811 e.
283 2755 310 2810 7.
346 2756 411 2829 puis
432 2752 519 2811 rebor
541 2752 606 2810 Par.
632 2752 735 2828 quidne
756 2750 827 2810 Bas.
849 2767 916 2810 oum
938 2750 1092 2810 Salustius
1114 2754 1273 2827 utramque
1294 2749 1365 2810 lor-

156 2875 232 2917 marn
255 2859 457 2936 usurpaverit
481 2858 548 2918 sola
570 2859 677 2935 optimi
700 2857 846 2932 oniasque
868 2857 984 2918 oodiois
1006 2857 1174 2917 auotoritas
1196 2874 1254 2935 pro
1277 2861 1366 2917 eerta

157 2983 262 3025 norma
284 2965 425 3024 habenda
447 2969 503 3024 est

238 3089 262 3132 o.
278 3073 305 3131 8.
327 3071 450 3130 oddneit
460 3069 543 3146 quod
555 3070 662 3148 optimi
676 3070 747 3128 lilrri
762 3075 894 3146 tuentur,
915 3087 975 3130 non
991 3072 1082 3132 modo
1094 3072 1175 3132 hano
1188 3073 1228 3131 ob
1244 3090 1368 3133 oausam

157 3180 356 3258 praestantior
374 3178 468 3237 lentio
488 3178 639 3252 habenda,
661 3177 719 3237 sed
740 3179 832 3237 etiam
847 3182 977 3256 propter
998 3179 1253 3256 significationem
1270 3181 1368 3256 magis

158 3289 317 3366 probanda
339 3304 430 3362 quam
448 3287 576 3361 obduxit,
598 3287 682 3362 quod
703 3289 757 3345 ant
778 3285 944 3346 ohsoenum
966 3290 1023 3364 est,
1045 3293 1098 3348 aut
1118 3289 1156 3348 ad
1171 3289 1234 3346 vim
1248 3290 1370 3363 spectat

241 3413 265 3454 o.
287 3396 314 3454 9.
350 3401 430 3454 certo
451 3394 522 3454 Bas.
544 3395 613 3454 Par.
642 3399 720 3452 certe
745 3391 812 3452 liin.
840 3394 909 3452 Tur.
932 3394 1015 3469 quod
1043 3395 1109 3468 luit,
1144 3395 1193 3470 qul
1216 3394 1277 3455 hoo
1298 3393 1370 3454 loeo

160 3501 329 3578 praelerrot.
351 3503 383 3562 et
403 3519 478 3560 sane
500 3519 592 3578 supra
611 3499 699 3560 Catil.
716 3503 764 3559 51.
780 3499 850 3558 Bas.
872 3507 950 3559 certe
964 3504 1026 3560 seio
1046 3501 1182 3576 exhibet
1205 3505 1237 3560 et
1250 3502 1370 3560 utrum-

161 3626 219 3683 que
242 3614 326 3668 reolo
349 3609 467 3668 dieitur.
499 3608 559 3667 hoo
585 3608 646 3666 vim
672 3605 885 3666 affirmationis
915 3613 1016 3684 anget,
1049 3607 1126 3668 illud
1153 3625 1214 3668 non
1241 3608 1371 3685 proprio

162 3715 285 3789 iudioio,
311 3717 366 3774 sed
387 3715 488 3792 ipsius
508 3716 555 3774 rei
577 3715 711 3774 veritate
733 3713 824 3772 iidem
847 3711 930 3772 laoit.

244 3839 268 3882 o.
292 3824 339 3880 10.
372 3823 512 3899 lnpnrllrn
540 3828 567 3880 la
594 3820 664 3881 Bas.
691 3819 773 3879 Eius.
802 3819 869 3878 Par.
898 3825 925 3878 la
949 3821 1010 3898 lup.
1042 3821 1110 3880 Vat.
1140 3821 1208 3879 Tur.
1237 3820 1373 3897 priorem

163 3929 326 3988 leotionem
348 3930 493 4006 praelero,
518 3930 589 4005 quia
616 3929 787 3988 orationem
814 3927 912 4002 magis
934 3928 1024 3987 acuit.
1046 3931 1073 3985 si
1093 3927 1161 3986 moll
1181 3925 1251 3986 Bas.
1274 3926 1328 3986 sed
1354 3943 1375 3986 n

164 4053 240 4094 am.
262 4053 324 4095 seo.
347 4053 477 4110 erasnm,
498 4051 662 4112 perperam
683 4033 712 4092 si
733 4033 806 4110 quid
829 4034 932 4094 video.
954 4036 1018 4094 alin
1040 4033 1119 4093 enim
1143 4045 1191 4094 est
1210 4033 1289 4093 ratio
1312 4032 1376 4093 looi

165 4143 337 4220 superioris
359 4140 422 4203 Cat.
446 4144 484 4202 59
508 4146 535 4200 ιι
555 4148 630 4202 errore
651 4143 833 4200 cesserimus.
859 4141 902 4198 ibi
924 4141 1003 4200 euim
1025 4141 1086 4200 duo
1108 4141 1256 4200 orationis
1279 4155 1375 4198 mem-

166 4250 222 4308 bra
247 4249 344 4326 magis
366 4248 521 4308 disiuncta
536 4253 614 4308 sunt.
636 4247 698 4308 Sed
714 4247 842 4307 diffiteri
858 4248 939 4324 nolo,
961 4248 1026 4306 haee
1043 4248 1144 4306 omnia
1159 4245 1269 4306 melius
1285 4262 1378 4305 sensu

165 4357 304 4432 iudicari,
327 4373 416 4431 quam
437 4356 476 4414 ad
497 4359 613 4414 certam
635 4354 789 4431 quandam
810 4371 947 4414 normam
968 4353 1070 4431 dirigi.

248 4479 272 4520 e.
296 4466 342 4520 11.
371 4461 641 4538 nepertia-nieman
659 4462 729 4521 Bas.
747 4461 982 4521 amministranda
1003 4462 1093 4521 idem.
1107 4461 1153 4519 lie
1166 4459 1256 4519 traina
1267 4460 1378 4534 prori-

167 4573 220 4629 rm'a
240 4567 310 4628 Bas.
335 4569 380 4628 Ιιὶι
406 4587 464 4628 em.
492 4568 558 4629 Ein.
586 4570 654 4628 Tur.
687 4570 717 4628 in
744 4570 811 4628 Par.
843 4568 919 4646 supl.
947 4567 1028 4627 unde
1055 4567 1169 4627 loetum
1195 4568 1302 4625 estut
1329 4563 1379 4622 in·

168 4679 323 4752 terpretes
344 4691 512 4753 pronomen
534 4681 587 4734 aut
608 4675 758 4736 eiioerent
774 4679 836 4736 'aut
858 4679 1104 4753 transponerent.
1136 4672 1194 4732 sad
1211 4685 1381 4750 pronomen
