3576 5602
384 627 456 696 aaa

463 841 489 883 o.
511 825 559 884 53.
590 826 683 882 amau
711 823 855 882 mamm
884 820 981 880 Paris.
1007 819 1125 880 llinsid.
1152 821 1361 880 Primanus
1387 823 1432 880 14.
1469 839 1495 898 p.
1524 823 1597 881 πθ.

383 932 479 991 invito
502 929 573 990 Bas.
595 947 631 988 ao
650 934 735 990 sirati
761 931 846 1006 effeta
868 935 1022 1004 pareatum
1050 944 1110 1003 quo
1139 927 1171 988 in
1197 929 1268 988 loao
1290 929 1362 988 olim
1385 928 1471 987 multi
1493 928 1597 987 ullen-

381 1039 499 1114 derant,
531 1039 610 1097 bene
640 1054 676 1098 se
707 1037 831 1096 habent.
865 1052 904 1095 ex
934 1036 1077 1109 sequenti
1109 1036 1189 1095 enim
1220 1034 1297 1093 nihil
1326 1033 1410 1094 alind
1438 1051 1530 1109 quam
1552 1039 1600 1092 est

382 1145 592 1223 supplendum,
611 1147 644 1203 et
658 1143 811 1204 sententia
826 1144 892 1202 hae
908 1146 972 1202 est:
996 1142 1095 1218 qualis
1109 1141 1199 1200 elleta
1215 1144 1383 1217 parentum,
1403 1141 1477 1200 talis
1498 1141 1599 1199 Roma

382 1253 461 1313 inter
482 1252 573 1312 urbes
595 1250 661 1326 luit,
683 1251 765 1326 qnod
788 1250 841 1309 illa
862 1265 915 1309 res
937 1249 1069 1325 publiea,
1092 1251 1126 1307 ut
1146 1248 1310 1325 Augustini
1332 1249 1441 1308 verbis
1464 1249 1535 1308 utar
1555 1247 1598 1307 de

382 1357 446 1418 civ.
487 1356 543 1417 llei
573 1374 602 1414 v.
637 1359 691 1432 12,
727 1373 787 1416 non
822 1355 929 1416 habuit
959 1372 1140 1431 quamquam
1172 1356 1287 1414 virtute
1316 1371 1466 1432 magnum.
1518 1355 1598 1414 'lota

382 1464 547 1530 diffieultas
568 1463 663 1541 igitur
683 1464 714 1521 in
737 1479 776 1523 eo
804 1466 957 1536 versatur,
990 1461 1073 1538 qued
1101 1465 1132 1522 in
1163 1463 1263 1522 altero
1284 1463 1434 1523 orationis
1457 1461 1596 1522 membro

382 1573 478 1631 Reasa
501 1587 562 1630 non
583 1570 771 1630 nominativo
794 1587 866 1630 oasa
886 1571 1021 1647 positum
1043 1574 1101 1644 est,
1124 1569 1181 1630 sed
1202 1574 1330 1647 prepter
1349 1571 1411 1628 vim
1432 1569 1598 1629 sententiae

382 1683 532 1757 quisqam
552 1681 656 1737 uirtute
680 1693 803 1754 maqnus
823 1677 958 1753 priorem
981 1677 1080 1736 loourn
1103 1677 1244 1737 obtinuit.

464 1803 491 1845 a.
505 1787 552 1844 54.
567 1785 647 1844 illam
658 1785 865 1861 assequebatur
877 1781 947 1842 Bas.
958 1783 1025 1842 Tur.
1037 1781 1134 1841 Paris.
1143 1800 1181 1841 m.
1194 1799 1255 1841 ser.
1266 1781 1352 1841 Leid.
1365 1781 1444 1841 illum
1458 1783 1521 1840 ads.
1533 1780 1597 1840 Pa-

382 1893 436 1951 ris.
458 1909 495 1951 m.
518 1896 544 1950 1.
566 1891 644 1952 illum
665 1891 837 1968 sequebatur
851 1887 967 1949 Einsid.
987 1907 1022 1948 eo
1044 1888 1122 1948 illum
1136 1893 1229 1966 maqir
1243 1890 1417 1966 sequebatur
1432 1888 1597 1966 Angustia.

383 1999 400 2057 l.
424 1999 442 2057 l.
464 1997 665 2058 Reaentiores
687 1997 825 2056 editores
847 1997 1021 2073 reputatur
1042 1996 1203 2072 corrigunt
1224 1998 1256 2054 et
1275 1995 1354 2056 atum
1375 1999 1429 2054 aut
1452 1994 1598 2053 omittunt

383 2110 435 2166 aut
455 2104 572 2165 unoinis
586 2103 750 2163 inoludunt.
785 2100 945 2179 Expressi,
968 2103 1050 2178 quod
1073 2103 1102 2161 in
1124 2102 1248 2180 optimis
1269 2101 1358 2160 libris
1381 2103 1439 2160 est.
1473 2099 1514 2160 Et
1527 2099 1597 2178 pri·

382 2229 461 2272 mum
491 2211 611 2286 quidem
640 2209 712 2268 ialsi
734 2213 805 2270 sunt
825 2210 856 2281 ii,
887 2209 939 2285 qui
967 2212 1080 2284 negant
1101 2225 1159 2268 nes
1183 2211 1301 2285 assequi
1324 2223 1421 2284 posse
1447 2224 1514 2282 quae
1535 2223 1597 2266 non

382 2319 595 2396 petiverimus.
630 2317 725 2376 Multa
741 2317 821 2376 enim
835 2316 975 2376 homines
998 2320 1115 2392 assequi
1136 2315 1246 2390 solent,
1266 2331 1393 2389 quorum
1415 2315 1532 2372 nullum
1554 2313 1597 2372 iis

383 2425 441 2485 linit
456 2425 596 2484 studium.
619 2441 645 2484 e.
659 2442 704 2502 gr.
720 2424 819 2493 Quint.
834 2443 897 2482 vnn
914 2427 940 2484 6.
957 2426 1005 2484 ib.
1021 2424 1103 2482 risus
1119 2453 1158 2465 —
1172 2423 1312 2482 stultitiae
1326 2439 1436 2481 nemen
1451 2420 1597 2496 assequi-

382 2535 439 2592 tur.
462 2531 524 2591 Cio.
547 2531 586 2591 de
607 2530 641 2590 N.
660 2527 696 2590 b.
719 2549 749 2590 n.
773 2532 820 2590 19.
842 2531 1057 2591 maturitatem.
1088 2529 1201 2606 sapius
1223 2531 1303 2589 enim
1328 2529 1421 2606 plane
1443 2529 1525 2588 idem
1546 2531 1599 2586 est

383 2640 465 2714 quod
487 2638 629 2715 adipisci,
651 2655 815 2712 exaequare
837 2655 862 2696 e.
880 2655 925 2715 gr.
948 2638 1061 2697 nullam
1086 2637 1196 2696 ridear
1217 2641 1335 2712 partem
1356 2639 1478 2695 tuorum
1500 2634 1598 2693 mari·

382 2749 481 2805 torum
495 2749 664 2804 asseoutus.
701 2743 777 2803 Plio.
793 2743 868 2820 Epp.
884 2763 924 2802 rv.
940 2746 968 2802 8.
991 2744 1144 2819 ingenium
1166 2742 1296 2803 alieuius
1317 2743 1421 2818 aliqua
1444 2747 1598 2819 exparte.

382 2851 444 2912 Sed
467 2851 589 2911 etiamsi
609 2849 696 2909 notio
719 2849 815 2908 studii
836 2867 895 2909 non
918 2850 1010 2927 plane
1031 2852 1179 2928 perierat,
1202 2851 1261 2911 hae
1290 2851 1359 2927 ipsa
1380 2867 1417 2909 re
1440 2849 1598 2926 elegantia

382 2959 487 3018 iudiaii
504 2957 638 3017 araturis
661 2955 805 3030 cernitur,
828 2957 910 3031 quod
933 2975 999 3016 oum
1020 2957 1053 3016 in
1074 2959 1214 3017 externis
1234 2958 1327 3016 rebus
1348 2957 1417 3016 lieri
1438 2972 1498 3014 non
1519 2971 1598 3032 pus-

383 3067 432 3142 sit,
453 3070 488 3125 ut
500 3063 617 3140 aliquid
639 3079 849 3138 assequamur,
874 3063 956 3138 quad
976 3079 1036 3122 non
1058 3069 1215 3140 petamus,
1242 3063 1302 3122 hoo
1315 3062 1441 3122 Catonis
1461 3063 1598 3122 moribus

382 3175 473 3250 plane
495 3171 682 3233 eontrarium
705 3169 820 3229 lautum
843 3174 900 3228 est.
921 3173 983 3229 tum
999 3169 1166 3247 Augustini
1181 3171 1358 3231 auctoritati
1378 3187 1442 3230 non
1455 3171 1501 3230 ita
1515 3170 1599 3230 mul·

383 3297 432 3340 nm
458 3278 625 3352 tribuerim,
656 3293 756 3352 neque
784 3277 862 3335 satis
893 3279 1022 3352 eonstat,
1054 3293 1121 3352 quae
1149 3276 1243 3336 lertio
1271 3277 1312 3336 sit
1333 3276 1484 3336 aodiounn
1534 3277 1599 3335 lam

382 3387 590 3464 assequebatur
610 3385 702 3445 etiam
724 3383 783 3443 hae
804 3383 843 3442 de
864 3399 959 3443 eausa
982 3384 1080 3460 magis
1100 3383 1263 3460 probabile
1280 3388 1338 3458 est,
1361 3382 1445 3457 quod
1465 3382 1598 3443 subirati

383 3493 466 3554 nulla
482 3495 530 3552 est
543 3492 680 3552 mutatio.
717 3491 811 3559 Quam
833 3491 861 3549 si
876 3491 944 3566 quis
968 3493 1091 3564 statuat,
1114 3506 1244 3550 neeesse
1259 3493 1317 3564 est,
1342 3494 1376 3550 ut
1390 3490 1442 3549 illa
1463 3489 1596 3568 legatur,

383 3608 417 3660 ut
438 3602 488 3659 est
508 3601 538 3658 in
552 3599 649 3658 Paris.
669 3599 697 3657 d.
714 3615 760 3674 ap.
787 3595 932 3656 Burneul.
968 3594 1008 3655 Et
1023 3597 1084 3657 heo
1099 3613 1250 3657 conoesso
1265 3597 1358 3656 facile
1373 3598 1467 3656 etiam
1483 3597 1598 3673 aliquis

384 3709 504 3782 deoeat,
520 3706 655 3783 priorem
668 3705 820 3780 syllabam
833 3703 864 3762 in
879 3703 1095 3780 assequebatur.
1114 3720 1209 3780 posse
1222 3703 1332 3777 deleri,
1348 3703 1461 3780 quippe
1477 3720 1544 3778 quae
1558 3721 1599 3763 ex

383 3817 443 3875 line
454 3809 944 3892 priorisvoeabuliiueritalliota.
960 3808 1022 3868 lam
1032 3809 1598 3887 illapropronominetertiaepersonae

383 3922 590 3999 positumounn
602 3935 711 3996 magna
721 3917 752 3976 vi
763 3917 929 3992 notionem,
939 3932 1006 3991 quae
1017 3916 1196 3991 antoeessit,
1204 3918 1328 3994 repetit.
1352 3917 1500 3995 ltasupra
1511 3935 1536 3977 c.
1547 3921 1598 3978 51·

387 4025 1136 4105 ,maioresnostri-audaoiaenumquameguere,
1154 4016 1349 4098 nequeuus.“
1372 4027 1404 4083 et
1417 4027 1598 4102 sempervis

384 4133 590 4214 oppositionis
605 4132 721 4201 subest,
738 4147 805 4205 quae
819 4147 858 4190 ne
868 4135 975 4190 nostro
992 4129 1114 4204 quidem
1128 4130 1198 4189 loeo
1213 4129 1417 4189 desideratur.
1445 4129 1510 4190 Sed
1531 4130 1599 4191 baa

385 4243 485 4303 omnia
517 4244 634 4300 tantum
655 4237 716 4298 iooi
740 4254 832 4297 eausa
857 4237 925 4311 lusi,
956 4240 990 4296 ut
1011 4237 1151 4314 exemplo
1174 4236 1305 4312 quedam
1326 4236 1479 4310 dooerom,
1504 4238 1598 4297 multa

384 4351 461 4410 satis
485 4346 689 4426 probabiliter
711 4323 863 4421 disputari
883 4360 985 4421 posse,
1011 4360 1077 4419 quae
1099 4361 1117 4402 a
1136 4344 1269 4404 veritate
1290 4344 1469 4420 longissime
1484 4345 1597 4404 absint.

384 4457 485 4525 Quare
507 4457 537 4516 in
559 4455 693 4516 leotione
716 4453 897 4530 optimorum
919 4453 1059 4512 oedioum
1080 4453 1336 4528 acquiescendum
1364 4468 1435 4511 esse
1456 4457 1542 4529 puto.

466 4583 490 4624 o.
507 4569 555 4625 55.
576 4567 681 4622 tuaeta.
698 4559 768 4620 Bas.
778 4560 879 4620 omnia
894 4577 961 4634 quae
976 4559 1015 4618 ad
1025 4560 1238 4619 auctoritatem
1250 4560 1397 4619 leotionis
1408 4562 1504 4619 amata
1519 4575 1597 4620 aon-

384 4672 559 4733 firmandam
580 4671 752 4742 laudantur,
774 4669 814 4728 ad
836 4669 973 4728 nostrum
996 4667 1096 4728 laeum
1117 4667 1331 4728 illustrandum
1354 4667 1396 4726 nil
1417 4667 1542 4727 iaoiunt.
1564 4671 1598 4725 et
