3610 5592
510 677 553 746 ld

507 887 604 969 atque
638 874 726 945 idem
754 876 859 958 nolle,
894 875 1091 947 cadomum
1131 875 1226 944 tinne
1258 873 1401 942 amicitia
1431 883 1488 938 est.
1541 871 1603 938 Sed
1638 893 1696 960 ego

508 1023 583 1094 quat
607 1009 718 1070 mente
743 1001 881 1090 agitari,
910 1022 1024 1070 omnes
1049 1000 1114 1069 iam
1141 1009 1236 1070 autea
1262 996 1382 1067 divorsi
1408 995 1553 1063 audistis.
1605 996 1697 1063 Cete-

507 1147 583 1196 rum
612 1123 694 1196 milri
726 1123 760 1194 iu
794 1124 864 1194 dies
890 1125 995 1215 magis
1021 1123 1150 1194 animus
1176 1121 1381 1200 accenditur,
1419 1143 1494 1188 cum
1520 1120 1697 1195 considero,

507 1270 582 1343 quae
607 1249 757 1320 condicio
789 1249 863 1319 vitae
889 1249 998 1319 lutura
1022 1249 1080 1328 sit,
1115 1247 1177 1317 uisi
1202 1260 1330 1318 nosmet
1355 1247 1415 1340 ipsi
1440 1247 1643 1316 vindicamus
1668 1247 1698 1312 in

507 1373 703 1444 libertatem.
743 1375 828 1444 Nam
845 1383 1016 1466 postquam
1041 1374 1243 1465 respublica
1269 1372 1302 1442 in
1320 1393 1499 1465 paucorum
1524 1371 1700 1464 potentium

507 1497 558 1567 ius
590 1507 689 1590 etque
718 1495 883 1566 dicionem
916 1496 1093 1575 concessit;
1124 1517 1255 1590 snper
1291 1499 1356 1567 illis
1385 1518 1498 1588 reges,
1533 1493 1701 1564 tetrarcha

507 1621 685 1712 vectigales
724 1642 811 1701 esse;
851 1619 979 1712 populi,
1018 1620 1166 1691 annones
1204 1622 1365 1714 stipendia
1402 1621 1566 1714 pendere,
1606 1616 1701 1686 ceteri

432 1822 436 1839 ,
508 1766 639 1826 omnes,
665 1743 806 1825 snonui,
832 1743 926 1822 boni,
952 1743 1083 1814 nobiles
1108 1757 1207 1838 atque
1221 1746 1398 1835 ignobiles,
1424 1747 1540 1837 volgus
1572 1741 1702 1818 fuimus,

430 1848 434 1869 ¹
507 1867 726 1960 sinegundis,
755 1866 826 1937 sine
851 1867 1058 1945 auctoritate,
1086 1863 1136 1932 his
1161 1862 1309 1942 obnoxii,
1336 1863 1473 1955 quibus,
1510 1863 1539 1932 si
1565 1887 1617 1933 res
1642 1889 1705 1957 pu-

508 1992 595 2064 bliea
610 1991 748 2073 valeret,
768 1989 936 2061 formidini
955 2011 1112 2059 essemus.
1143 1989 1257 2082 ltaque
1274 1987 1381 2056 omnis
1402 1988 1524 2079 gratia,
1550 1991 1704 2081 potentia,

510 2117 628 2198 honos,
663 2113 786 2186 divitiae
816 2115 903 2206 apud
937 2113 1011 2183 illos
1044 2124 1139 2194 sunt,
1178 2123 1234 2182 aut
1265 2111 1322 2181 ulri
1355 2111 1404 2181 illi
1438 2113 1574 2192 voluut;
1612 2113 1706 2183 nobis

509 2241 677 2335 reliquere
702 2238 869 2332 pericula,
905 2238 1072 2329 repulsas,
1110 2236 1247 2318 iudicia,
1274 2246 1462 2326 egestatem.
1514 2236 1597 2320 Quae
1623 2261 1708 2330 quo-

509 2387 615 2459 usque
648 2363 782 2434 undem
813 2361 983 2455 patiemini
1013 2359 1190 2430 fortissumi
1227 2359 1311 2430 viril
1361 2361 1477 2430 Nonne
1507 2361 1611 2430 emori
1648 2385 1708 2454 per

510 2489 663 2560 virtutem
688 2498 834 2580 praestat,
859 2507 960 2578 quam
986 2485 1084 2555 vitam
1102 2485 1256 2554 miseram
1274 2494 1371 2577 atque
1398 2483 1625 2562 inhonestam,
1652 2486 1708 2555 ubi

510 2611 629 2682 alienae
655 2611 816 2703 superbia
834 2607 977 2680 ludibrio
993 2607 1110 2689 tueris,
1137 2607 1354 2700 perdedemus
1372 2608 1546 2678 amittere?
1584 2611 1708 2680 Verum

511 2734 600 2804 enim
626 2755 704 2803 vero
728 2755 790 2826 pro
820 2732 919 2802 deum
944 2741 1043 2824 atque
1068 2731 1238 2802 lrominum
1264 2731 1363 2801 fidem
1388 2732 1525 2801 victorie
1550 2732 1583 2802 in
1610 2757 1711 2803 mauu

511 2857 606 2928 nobis
631 2867 699 2937 est;
733 2856 822 2947 viget
846 2866 939 2934 aetas,
967 2855 1096 2926 enimus
1122 2855 1225 2926 valete
1260 2865 1373 2924 contra
1400 2855 1465 2925 illis
1491 2857 1585 2926 annis
1611 2869 1712 2950 utque

511 2981 633 3052 divitiis
657 2980 768 3050 omnia
793 2989 1046 3050 consenuerunt.
1098 2979 1337 3049 Tantummodo
1362 2978 1491 3072 incepto
1527 3003 1610 3073 opus
1644 2994 1712 3058 est;

512 3115 622 3175 cetera
646 3127 698 3174 res
733 3103 896 3197 expediet
946 3101 1079 3173 Etenim
1105 3103 1178 3195 quis
1211 3103 1414 3185 mortalium,
1449 3105 1502 3174 cni
1537 3106 1633 3176 virile
1660 3107 1715 3175 iu-

511 3229 647 3320 genium
688 3239 755 3308 est,
804 3228 945 3297 tolerare
976 3235 1100 3318 potest,
1147 3225 1212 3295 illis
1246 3225 1375 3296 divitias
1408 3251 1584 3320 superare,
1632 3255 1716 3324 quas

512 3350 711 3444 profundant
736 3352 770 3420 in
796 3350 979 3420 extruendo
1004 3351 1087 3420 mari
1120 3361 1153 3418 et
1178 3350 1343 3420 montibus
1367 3353 1592 3444 coaequandis,
1619 3356 1717 3425 nobis

512 3499 583 3546 rem
609 3475 807 3546 familiarem
841 3475 940 3544 etiam
971 3473 1014 3544 ad
1039 3473 1226 3544 necessaria
1258 3472 1396 3544 doesnel
1429 3475 1503 3545 illos
1526 3476 1634 3546 linas
1661 3491 1719 3548 aut

513 3599 655 3692 amplius
681 3598 794 3668 domos
820 3597 1030 3679 continuare,
1066 3596 1161 3666 uobis
1191 3598 1294 3667 larem
1327 3599 1523 3669 familiarem
1548 3623 1717 3695 nusquam

514 3723 619 3794 ullum
651 3723 749 3792 esse‘l
799 3723 884 3793 Cum
918 3723 1063 3802 tabulas,
1096 3721 1209 3813 signa,
1245 3733 1430 3792 toreumata
1462 3735 1594 3805 emunt,
1630 3749 1719 3798 nova

514 3845 663 3928 dintuut,
699 3847 765 3917 alia
799 3846 983 3927 edificant,
1016 3857 1182 3938 postremo
1215 3846 1368 3916 omnibus
1402 3849 1508 3918 modis
1537 3851 1718 3941 pecuniam

514 3969 670 4051 uehunt,
695 3980 832 4050 vexant3
867 3980 977 4040 tamen
1003 3987 1132 4040 summa
1157 3967 1305 4040 lubidine
1329 3970 1458 4040 divitias
1483 3994 1557 4041 suas
1581 3973 1721 4044 vincere

514 4105 695 4187 nequeunt.
745 4095 788 4165 At
812 4093 907 4164 nobis
925 4103 973 4162 est
997 4093 1086 4162 domi
1104 4094 1235 4186 inopie,
1262 4081 1345 4162 loris
1366 4117 1411 4164 tes
1436 4095 1600 4178 alienum,
1627 4102 1719 4168 mala

514 4242 590 4300 res,
625 4241 699 4310 spes
736 4218 840 4288 multo
877 4217 1048 4308 asperior3
1095 4215 1238 4309 denique
1277 4217 1357 4310 quid
1395 4219 1517 4312 reliqui
1554 4220 1721 4292 habemus

514 4355 636 4438 preter
665 4344 819 4412 miseram
853 4339 1018 4410 animam‘l
1068 4338 1158 4423 Quin
1193 4341 1293 4431 igitur
1324 4343 1614 4434 expergiscimini?
1667 4349 1720 4416 En

515 4469 589 4550 illa,
627 4468 706 4548 illa,
740 4487 840 4559 quam
875 4485 962 4555 saepe
1000 4465 1153 4555 onustis,
1192 4465 1340 4547 libertas,
1379 4478 1539 4557 preterea
1581 4469 1721 4548 divitiae,

384 4599 392 4632 ¹
515 4592 632 4674 decus,
659 4591 766 4681 gloria
792 4589 826 4658 in
852 4587 958 4656 oculis
975 4585 1037 4656 sita
1062 4588 1156 4658 suutl
1184 4589 1314 4659 fortuna
1334 4591 1447 4658 omnia
1472 4614 1512 4660 ea
1537 4591 1722 4662 victoribus

515 4715 653 4808 praemia
678 4713 796 4806 posuit.
847 4713 931 4791 lles,
958 4721 1101 4803 tempus,
1128 4711 1294 4803 pericula,
1330 4723 1477 4804 egestas,
1505 4716 1584 4785 belli
1611 4719 1722 4808 spolia
