3526 5604
443 626 516 695 312

407 827 415 878 ³·
445 824 547 896 Gaius
565 824 729 894 Fannius:
758 823 849 893 ‘baec
874 819 1073 915 apiscuntur'
1099 821 1238 913 passive.
1280 819 1468 889 Priscianus
1482 814 1517 898 8,
1534 813 1567 898 4,
1587 817 1638 889 15.
1733 801 1734 878 1

445 951 480 1020 3.
505 952 544 1022 C.
559 949 705 1020 Fannius
729 950 762 1018 in
779 950 856 1020 Vlll
881 947 996 1018 annali
1021 950 1213 1040 Drepanum
1240 944 1351 1027 modo,
1377 943 1478 1016 modo
1493 945 1641 1035 Drepana
1733 1005 1734 1020 ,

445 1075 601 1168 appellat.
634 1071 762 1141 Scholia
779 1073 967 1141 Verossnssia
982 1072 1026 1140 od
1046 1073 1136 1161 Vcrp.
1154 1072 1231 1139 Aen.
1250 1066 1285 1150 3,
1304 1064 1390 1140 707.
1489 1066 1523 1135 l.
1547 1065 1640 1136 Biher
1733 1167 1734 1186 χ

444 1197 485 1274 cd
507 1211 592 1274 πιεῖν
626 1196 665 1265 G.
692 1195 838 1265 Fannius
869 1193 1041 1264 annalium
1074 1203 1208 1264 octavo:
1247 1191 1383 1262 domina
1417 1190 1488 1261 eius
1518 1189 1572 1260 ubi
1603 1187 1640 1257 ad

446 1316 559 1387 villam
593 1329 748 1397 venerat,
787 1315 923 1386 iubebat
960 1315 1056 1386 biber
1089 1315 1173 1386 dari.
1220 1315 1386 1385 Charisius
1413 1312 1454 1395 l,
1491 1312 1555 1395 21,
1585 1311 1638 1383 46.
1733 1333 1734 1336 ’

447 1441 481 1509 5.
507 1441 618 1510 Prima
636 1441 761 1511 Tiberii
780 1440 923 1511 Gracchi
948 1427 1079 1510 militia'
1093 1441 1154 1510 sub
1172 1440 1302 1510 minore
1316 1439 1471 1532 Scipione
1487 1439 1522 1508 in
1538 1439 1640 1510 Africa

446 1568 508 1636 luit
527 1621 534 1636 .
555 1621 562 1636 .
584 1619 591 1635 .
617 1566 810 1660 primusque
835 1567 986 1636 omnium
1011 1589 1144 1636 murum
1165 1567 1307 1636 hostiurn
1326 1566 1484 1646 ascendit,
1509 1576 1545 1634 nt
1558 1565 1639 1633 Fan·

447 1691 522 1760 nius
538 1701 684 1772 testatur,
711 1690 770 1782 qui
788 1711 823 1758 se
841 1711 975 1783 quoque
1000 1712 1066 1759 una
1092 1712 1167 1760 cum
1193 1689 1328 1759 Tiberio
1348 1687 1533 1760 ascendisse
1550 1698 1638 1778 atquc

448 1815 519 1885 eius
544 1816 672 1886 virtutis
697 1815 891 1908 participem
918 1815 1018 1886 luisse
1045 1815 1102 1884 ait.
1145 1817 1332 1886 Plutarchus
1360 1815 1429 1884 Tib.
1455 1815 1587 1884 Gractlm
1605 1809 1637 1882 4.
1733 1813 1734 1826 ’

449 1941 483 2008 6.
510 1941 653 2032 Insignis
679 1941 713 2008 in
741 1940 902 2032 Hispania
929 1939 966 2010 C.
992 1940 1112 2011 Fannii
1138 1939 1241 2010 virtus
1266 1939 1383 2022 extitit,
1409 1940 1467 2032 qui
1489 1941 1524 2010 C.
1543 1937 1639 2009 Laelii

449 2071 554 2154 gener
571 2065 604 2133 in
617 2065 713 2135 Fabii
731 2064 910 2135 Serviliani
928 2065 1044 2134 castus
1059 2065 1232 2134 militabat.
1258 2066 1427 2158 Appianas
1438 2065 1569 2157 Hispan.
1586 2061 1636 2133 61.

450 2191 484 2257 7.
511 2188 595 2258 Vide
616 2211 751 2282 quaeso,
778 2191 818 2258 L.
841 2188 937 2270 Lihc,
964 2189 1021 2258 ille
1046 2190 1103 2280 qui
1129 2189 1170 2258 de
1192 2189 1263 2258 Ser.
1282 2189 1400 2268 Galba,
1426 2190 1636 2260 Censorinone

450 2328 482 2385 et
506 2315 655 2398 Manilio,
682 2340 725 2386 an
752 2317 791 2387 T.
818 2316 975 2400 Quinctio
1002 2319 1056 2387 Μ’.
1079 2303 1189 2387 Acilio
1214 2316 1407 2387 consulibus
1432 2315 1577 2389 tribunus
1598 2312 1637 2405 pl.

450 2440 558 2510 fuerit.
603 2442 785 2513 Conturbat
810 2443 900 2511 euim
926 2465 980 2512 me
1007 2443 1150 2535 epitome
1175 2442 1269 2514 Bruti
1295 2443 1468 2513 Fanniana
1498 2465 1538 2512 an
1556 2438 1637 2511 Bruti

451 2567 594 2666 epitoma
620 2569 879 2638 Fannianorum.
923 2569 1046 2661 Scripsi
1077 2569 1166 2661 quod
1193 2569 1262 2638 eral
1287 2570 1322 2638 in
1352 2578 1521 2649 extremo,
1552 2564 1637 2657 idque

451 2715 515 2783 ego
540 2704 670 2762 secutus
697 2691 785 2762 bunc
810 2693 992 2774 Fannium,
1031 2691 1089 2784 qui
1118 2694 1248 2786 scripsit
1272 2693 1460 2773 historiam,
1495 2709 1636 2782 generum

452 2839 522 2885 csse
548 2817 743 2910 scripseram
769 2817 894 2896 Laelii;
929 2816 987 2887 sed
1013 2828 1047 2886 tu
1073 2840 1126 2887 me
1159 2828 1379 2917 yewpscpmatg
1405 2817 1584 2894 refelleres,
1609 2821 1635 2879 te

453 2949 562 3008 autem
588 2962 676 3009 nunc
701 2941 821 3011 Brutus
847 2948 879 3008 et
903 2939 1062 3010 Fannius.
1105 2941 1179 3032 Ego
1205 2950 1315 3010 tamen
1343 2940 1384 3010 de
1410 2940 1498 3010 bona
1523 2949 1636 3008 aucune

451 3061 632 3131 Hortensio
658 3061 706 3132 sic
732 3085 937 3154 acceperam,
974 3073 1010 3133 ut
1035 3064 1122 3156 apud
1147 3065 1287 3134 Brutum
1313 3072 1372 3132 est.
1423 3064 1522 3132 Hunc
1552 3061 1637 3152 igitur

453 3185 563 3256 locum
583 3188 751 3282 expedies.
793 3189 899 3258 Cicero
917 3191 961 3260 ad
984 3192 1121 3259 Atticum
1145 3188 1202 3270 12,
1229 3187 1264 3269 5,
1291 3187 1326 3259 3.
1365 3190 1453 3258 ldcn
1471 3189 1517 3258 dl.
1534 3189 1635 3257 nnnc

453 3312 604 3404 epitomas
629 3315 728 3386 Caelii
753 3333 780 3387 ct
809 3317 936 3407 Polpdii
959 3318 1154 3410 conanipsit,
1179 3319 1237 3408 cfr.
1260 3315 1365 3384 chro
1383 3316 1428 3385 ad
1450 3318 1512 3384 An.
1537 3311 1586 3392 13,
1605 3307 1634 3380 8.

453 3439 640 3510 Plutarchus
665 3443 701 3510 in
727 3443 828 3510 Bruto
848 3439 884 3512 4.
987 3442 1020 3512 8.
1047 3442 1090 3525 Ο.
1108 3440 1233 3512 Metelli
1259 3433 1491 3529 [Macedonici]
1517 3449 1547 3508 et
1564 3435 1635 3505 aliae

452 3572 530 3631 sunt
553 3565 734 3646 orationes,
770 3578 803 3636 et
829 3577 943 3637 contra
973 3567 1045 3637 Tib.
1078 3565 1265 3637 Gracchum
1294 3566 1442 3659 exposita
1472 3575 1518 3635 est
1548 3565 1579 3632 in
1605 3559 1634 3629 C.

454 3689 573 3760 Fannii
600 3689 789 3760 annalibus.
834 3691 939 3761 Cicero
963 3694 998 3760 in
1025 3693 1126 3760 Bncto
1150 3689 1210 3772 21,
1236 3688 1296 3762 81.
1397 3691 1431 3760 9.
1461 3693 1565 3780 Aegre
1593 3696 1636 3754 tu·

453 3813 530 3884 lisse
560 3814 597 3882 P.
625 3816 795 3908 Rupilium
820 3817 931 3888 fratris
956 3818 1124 3909 repulsam
1151 3817 1351 3898 consulatus,
1386 3815 1540 3908 scriptum
1562 3805 1635 3904 apud

453 3937 616 4008 Fannium
636 3949 701 4018 est;
728 3939 785 4010 sed
811 3949 922 4009 minen
949 3941 1104 4010 transisse
1129 3940 1258 4010 ridetur
1282 3939 1430 4021 modurn,
1456 3938 1568 4031 quippe
1589 3931 1636 4026 qui

454 4063 497 4132 ob
524 4085 597 4132 eam
625 4085 759 4134 causam
784 4087 803 4132 a
830 4065 896 4134 vita
921 4065 1107 4134 recesserit.
1151 4064 1256 4134 Cicero
1279 4060 1499 4144 Tusculand,
1518 4053 1635 4139 1140.

457 4188 513 4258 10.
540 4186 824 4268 Dissimulatione,
853 4211 954 4281 11111
980 4187 1097 4257 Graeci
1122 4195 1286 4288 εἰρωνείαν
1316 4196 1453 4266 vocant;
1486 4179 1636 4279 quamsit

453 4311 554 4382 etiam
576 4313 610 4382 in
632 4313 790 4383 Africano
816 4315 916 4384 luisse
935 4313 1094 4394 Fannius,
1121 4314 1222 4406 idque
1246 4322 1423 4406 propterea
1447 4312 1588 4382 vitiosum
1609 4305 1635 4374 iu

453 4435 513 4506 illo
538 4459 603 4506 non
629 4438 823 4528 putandum,
848 4438 939 4530 quod
966 4438 1054 4509 idem
1080 4437 1232 4508 fueritin
1254 4437 1403 4508 Socrate.
1441 4429 1634 4548 Oicnodcad.

452 4563 554 4652 prior.
580 4560 615 4642 2,
643 4562 677 4645 5,
707 4561 764 4634 15.
814 4565 962 4635 Fannius
991 4565 1025 4633 in
1052 4564 1226 4634 annalibus
1254 4564 1322 4634 suis
1346 4563 1537 4635 Africanum
1563 4557 1635 4628 hunc

454 4686 765 4757 Aemilianum...
793 4689 919 4758 Graeco
944 4689 1046 4759 verbo
1071 4689 1216 4782 appellat
1240 4699 1366 4787 εἴρωνα,
1409 4688 1513 4758 acero
1528 4687 1635 4755 111111-
1733 4737 1734 4752 .
