3582 5594
472 647 520 716 et

471 845 592 917 liarnm
618 842 811 937 imperatori
835 863 912 914 cnm
936 863 998 913 auo
1021 840 1148 912 anxilio
1172 863 1286 936 ponae
1307 851 1413 936 petat:
1441 841 1611 912 bominem
1628 841 1668 911 ob

471 971 602 1043 morbos
626 969 739 1040 animo
768 991 883 1064 parum
910 967 1020 1040 valido
1044 965 1188 1038 secunde
1219 967 1368 1037 oratione
1395 966 1538 1037 extollit:
1573 966 1669 1036 illum

470 1117 596 1188 regem,
622 1095 790 1187 ingentem
814 1093 933 1175 virum,
959 1091 1140 1164 Masinissae
1165 1101 1318 1184 nepotem
1344 1113 1429 1160 ease:
1456 1090 1484 1158 ei
1509 1089 1671 1181 Iugurtha

471 1229 584 1313 captos
608 1225 666 1289 aut
690 1216 816 1287 occisus
842 1215 937 1297 soret,
968 1214 1144 1307 imperium
1168 1214 1332 1286 Numidiae
1358 1214 1428 1284 sine
1454 1236 1545 1283 mora
1571 1213 1671 1283 babi-

470 1353 598 1414 turnma
633 1340 667 1411 id
700 1340 785 1411 adeo
809 1349 937 1411 mature
961 1361 1057 1432 posse
1082 1338 1227 1418 evenire,
1261 1339 1289 1408 si
1322 1338 1392 1431 ipse
1417 1339 1533 1408 consol
1566 1339 1670 1409 adid

470 1465 596 1536 bollum
621 1463 740 1534 missus
765 1464 859 1532 leret.
901 1462 1016 1553 ltaque
1041 1471 1075 1530 et
1096 1459 1191 1532 illum
1217 1469 1249 1530 et
1278 1460 1405 1554 equites
1431 1463 1598 1532 Romanos
1627 1457 1671 1552 [et

470 1584 603 1680 milites]
629 1601 662 1660 et
686 1588 909 1682 negotiatores
925 1587 1008 1658 alios
1032 1588 1113 1680 ipse,
1138 1588 1316 1679 plerosque
1341 1587 1430 1679 pacis
1455 1609 1529 1681 spes
1549 1587 1671 1681 impel-

470 1714 520 1794 lit,
552 1713 602 1784 uti
627 1713 766 1782 Romam
799 1711 841 1781 ad
874 1732 951 1781 suos
983 1710 1186 1782 necessarios
1218 1733 1334 1803 aspere
1368 1709 1403 1781 iu
1428 1711 1598 1782 lletellum
1629 1711 1670 1780 de

444 1801 561 1910 ebeno
585 1837 742 1919 scribant,
767 1833 911 1908 llarium
936 1835 1169 1928 imperatorem
1195 1844 1340 1928 poseant
1383 1835 1439 1905 Sic
1455 1834 1504 1905 illi
1522 1857 1541 1905 a
1559 1835 1671 1905 moltis

470 1961 664 2034 mortalibus
680 1959 921 2031 honestissuma
936 1958 1168 2051 suffragatione
1194 1960 1382 2031 consulatus
1407 1959 1596 2052 petebatur;
1623 1961 1670 2029 si·

469 2087 541 2158 mul
566 2109 606 2156 ea
631 2093 820 2178 tempestate
838 2083 943 2176 plebe,
970 2083 1139 2154 nobilitate
1164 2083 1237 2154 tusa
1262 2105 1322 2176 per
1346 2084 1456 2176 legem
1473 2083 1669 2164 Mamiliam,

469 2233 572 2282 novos
597 2209 787 2281 extollebat.

543 2355 633 2406 exva.
685 2334 735 2403 lta
748 2332 856 2406 llario
878 2341 995 2403 cuncta
1020 2329 1211 2424 procedere.
1254 2331 1389 2400 Interim
1406 2331 1564 2422 iugurtha
1579 2345 1670 2425 post·

468 2481 570 2552 quam
595 2457 716 2528 omissa
749 2455 915 2527 deditione
939 2455 1066 2524 bellom
1091 2453 1218 2546 incipit,
1251 2475 1327 2524 cum
1353 2474 1472 2544 magna
1504 2477 1585 2526 cura
1609 2479 1671 2549 pa·

468 2607 545 2655 rare
570 2582 695 2662 omnia,
721 2581 888 2661 festinare,
914 2602 1034 2672 cogere
1060 2579 1261 2660 exercitum
1287 2579 1445 2660 civitates,
1472 2603 1547 2672 quae
1572 2579 1615 2649 ab
1634 2601 1669 2648 se

467 2709 669 2790 deiecerant,
704 2707 879 2778 formidine
908 2717 965 2777 aot
988 2704 1182 2776 ostentando
1205 2705 1343 2798 premia
1368 2704 1541 2776 affectare:
1576 2729 1668 2776 oom-

469 2833 601 2903 munire
626 2853 701 2903 euos
726 2833 829 2912 locos,
856 2853 958 2912 arma,
985 2831 1060 2911 tela,
1087 2830 1232 2922 aliaque,
1260 2852 1335 2923 que
1360 2851 1418 2923 spe
1440 2829 1529 2922 pecie
1547 2831 1670 2900 amise-

469 2966 531 3038 rat,
557 2956 695 3027 reficere
721 2967 778 3026 aot
802 2955 1029 3036 commercari,
1062 2953 1193 3025 servitia
1218 2955 1441 3025 Romanorum
1467 2953 1613 3025 adlicere
1638 2970 1670 3026 et

469 3080 650 3174 scalpros,
685 3080 803 3173 quiin
830 3078 990 3172 presidiis
1015 3089 1120 3158 eraut,
1154 3079 1296 3171 pecunia
1320 3088 1496 3172 temptare;
1536 3103 1669 3171 prorsus

470 3205 554 3276 nihil
586 3205 744 3275 intactum
776 3227 884 3299 neque
918 3203 1065 3296 quietum
1100 3203 1186 3295 pati,
1225 3215 1343 3274 cuncta
1379 3205 1514 3297 agitare.
1565 3207 1671 3297 lgitur

469 3333 664 3411 Vaccenses,
690 3351 757 3422 quo
773 3329 926 3401 lletellos
951 3327 1046 3398 initio
1071 3326 1231 3420 iugurtha
1257 3327 1452 3421 pacificante
1478 3331 1669 3423 praesidiom

470 3455 669 3548 inposuerat,
697 3454 822 3545 fatigati
839 3454 928 3546 regis
953 3453 1121 3546 suppliciis
1146 3475 1256 3546 neque
1282 3463 1376 3524 antea
1401 3455 1567 3526 voluntate
1584 3456 1670 3525 alie-

469 3579 550 3661 nati,
588 3575 753 3671 principes
779 3575 917 3646 civitatis
950 3575 1035 3646 inter
1066 3597 1100 3644 ee
1127 3576 1318 3645 coniurant:
1356 3600 1432 3647 nam
1457 3579 1585 3671 volgus,
1622 3581 1668 3649 uti

469 3703 666 3796 plerumque
691 3701 784 3782 solet,
811 3710 843 3769 et
869 3721 1023 3770 maxume
1044 3699 1273 3781 Numidarum,
1300 3701 1435 3792 ingenio
1459 3702 1586 3782 mobili,
1615 3727 1670 3772 se-

469 3827 621 3897 ditiosum
652 3835 750 3917 atque
785 3823 1022 3895 discordiosum
1055 3835 1136 3904 erat,
1175 3824 1332 3916 cupidum
1358 3848 1518 3896 novarum
1544 3849 1669 3906 rerum,

469 3951 572 4044 quieti
597 3959 629 4020 et
654 3949 719 4020 otio
744 3948 937 4019 advorsum:
974 3946 1061 4029 dein,
1102 3947 1289 4041 compositis
1314 3948 1400 4018 inter
1426 3973 1462 4020 se
1487 3949 1596 4030 rebus,
1635 3953 1670 4020 in

469 4074 557 4144 diem
591 4071 724 4143 tertium
758 4070 970 4152 constituunt,
1010 4070 1098 4163 qood
1131 4071 1158 4140 is
1195 4071 1295 4140 leatus
1327 4072 1577 4167 celebratusque
1610 4099 1671 4168 per

467 4220 600 4268 omnem
616 4195 765 4267 Africam
791 4193 905 4264 ludum
931 4202 965 4262 et
992 4193 1160 4263 lasciviam
1193 4194 1299 4286 magis
1329 4217 1430 4286 qoam
1458 4196 1668 4269 formidinem

469 4321 663 4393 ostentabat.
706 4318 770 4390 Sed
796 4318 855 4388 ubi
878 4327 1007 4410 tempus
1033 4317 1105 4399 luit,
1132 4319 1339 4389 centuriones
1364 4319 1579 4416 tribunosque
1604 4326 1671 4393 nri·

469 4447 579 4516 litores
605 4453 637 4514 et
661 4443 769 4536 ipsum
794 4441 986 4533 praefectum
1010 4440 1135 4533 oppidi,
1162 4440 1273 4511 Titum
1299 4442 1482 4536 Turpilium
1505 4445 1668 4527 Silanum,

468 4567 553 4638 aliua
577 4567 680 4638 alium
707 4565 823 4635 domos
843 4585 918 4633 suas
939 4562 1087 4646 inritant,
1115 4585 1171 4632 eoe
1191 4565 1308 4647 omnis,
1334 4576 1454 4658 praeter
1470 4567 1669 4661 Turpilium,

468 4691 554 4762 inter
570 4691 685 4783 epulas
701 4690 911 4762 obtruncant:
929 4697 1041 4780 postea
1057 4687 1179 4759 milites
1195 4688 1354 4781 palantes,
1372 4689 1527 4773 inermos,
1545 4691 1670 4785 quippe
