3554 5600
435 655 507 723 200

436 853 573 922 catervis
598 853 804 924 exoletorum
829 876 975 936 snorum,
1003 877 1091 925 nnnc
1116 876 1195 925 vero
1221 851 1424 945 gladiatoriis
1451 853 1625 946 agminibus

436 1001 495 1070 per
526 999 586 1048 ora
619 977 711 1068 vulgi
746 978 856 1070 palam
890 977 1090 1048 obvolitare:
1135 979 1166 1047 si
1199 979 1409 1049 manifestam
1447 988 1496 1047 est
1525 989 1627 1047 noctes

437 1125 555 1173 omnes
579 1112 635 1172 ant
660 1103 695 1174 in
721 1102 831 1172 lustris
855 1111 1038 1172 scortorum
1063 1113 1121 1173 ant
1144 1103 1176 1172 in
1200 1103 1301 1172 antris
1318 1104 1363 1173 bl.
1382 1106 1488 1174 Laecae
1505 1101 1627 1182 ducere,

436 1225 501 1295 viri
526 1236 583 1295 tuo
607 1223 732 1295 indicio
757 1247 823 1295 non
848 1223 1056 1296 abhorrentis
1081 1249 1101 1296 a
1127 1225 1176 1296 rei
1206 1223 1349 1319 publice
1379 1225 1531 1296 canate:
1558 1226 1628 1318 quid

438 1351 599 1443 estquod
626 1351 720 1421 illum
750 1351 959 1422 obversatum
993 1350 1083 1422 dicas
1113 1353 1148 1422 in
1176 1361 1335 1443 perpetua
1367 1350 1629 1444 custodiantque

437 1475 543 1546 oculis
577 1477 795 1547 senatorum?
829 1478 893 1547 nisi
918 1477 1002 1547 lorte
1028 1478 1212 1548 custodiam
1237 1477 1438 1546 senatoriam
1463 1499 1561 1546 vocas
1583 1477 1631 1546 rel

439 1601 595 1691 exiguam
620 1622 748 1669 moram
775 1600 809 1670 in
834 1600 938 1692 ipsius
963 1601 1064 1671 curie
1091 1600 1240 1671 conciliis
1264 1598 1436 1670 obeundis.

511 1746 634 1794 xxxam
686 1721 786 1808 Quod
809 1745 889 1794 vcro
914 1725 1057 1816 pertinet
1081 1725 1122 1794 ad
1147 1725 1250 1817 ipsius
1272 1724 1437 1818 Caepionis
1467 1723 1633 1793 familiari-
1757 1733 1758 1758 ¹

438 1858 539 1918 tatem
567 1847 733 1918 assiduam
757 1848 1090 1941 benevolentiamque
1112 1849 1329 1940 singularem,
1366 1847 1450 1918 nibil
1476 1847 1632 1939 estquod
1757 1923 1758 1944 p

438 1973 675 2044 insimulationi
692 1983 812 2042 nostrae
829 1972 1060 2064 derogandum
1087 1995 1157 2042 esse
1183 1971 1344 2042 indicetis.
1382 1971 1537 2042 Diximus
1554 1971 1634 2040 enin

438 2097 588 2190 superins
622 2097 746 2187 ingenii
774 2097 925 2168 Catilina
956 2097 1059 2167 miros
1092 2109 1191 2191 atque
1222 2096 1461 2167 occultissimos
1491 2119 1563 2166 esse
1587 2119 1635 2166 re-
1757 2191 1758 2198 ἵ

438 2243 561 2302 cessus,
599 2245 662 2291 nec
694 2221 751 2313 qui
786 2222 941 2314 cognosci
979 2245 1037 2291 seu
1072 2222 1264 2315 perlustrari
1297 2221 1466 2292 facillime
1496 2232 1634 2314 possent
1757 2313 1758 2318 ἵ

439 2347 559 2437 Vigeut
584 2347 675 2415 enim
701 2346 735 2416 in
762 2345 819 2416 illa
845 2345 939 2416 clade
965 2369 1018 2416 res
1043 2345 1273 2416 diversissimas
1299 2347 1433 2438 pariter,
1468 2345 1636 2416 contineu-

437 2469 484 2538 tia
508 2479 542 2538 et
566 2468 681 2539 libido.
724 2469 816 2539 Nibil
841 2469 901 2540 illo
925 2491 1072 2564 persepe
1098 2469 1232 2539 affinius
1256 2469 1298 2539 ad
1324 2468 1464 2539 colenda
1480 2468 1635 2539 bonorum

438 2594 614 2675 consortia,
641 2593 726 2686 nibil
750 2595 916 2665 sollertius
934 2595 976 2665 ad
994 2596 1061 2666 illis
1080 2594 1322 2676 insidiandum:
1348 2593 1443 2664 nibil
1461 2593 1552 2664 illins
1569 2615 1638 2661 mu·

439 2715 606 2786 nilicentia
629 2717 802 2809 insignius,
828 2718 912 2788 nibil
934 2717 1063 2789 avidius
1080 2718 1275 2810 rapacitate;
1301 2715 1386 2786 nihil
1412 2717 1543 2787 acutius
1564 2739 1639 2786 con·

438 2839 525 2920 silio,
543 2839 625 2910 nibil
642 2841 827 2911 temeritate
843 2841 1133 2934 contemptibilius.
1160 2841 1244 2925 Quae
1262 2863 1338 2910 cnm
1356 2839 1400 2909 ita
1417 2839 1495 2921 sint,
1514 2838 1638 2931 Caepio-

439 2986 517 3033 nem
543 2965 784 3037 admirabimur
809 2967 842 3036 in
868 2967 966 3038 tantis
989 2968 1120 3038 viarum
1138 2966 1336 3057 ambagibus
1354 2965 1542 3035 erravisse?
1579 2965 1637 3041 lle,

439 3111 505 3170 me,
531 3088 679 3181 inquam,
704 3091 818 3174 fateor,
845 3092 985 3174 ludices,
1011 3093 1228 3163 vetustissima
1254 3089 1396 3185 quadam
1423 3087 1640 3160 familiaritate

440 3211 591 3283 Catilina
617 3215 841 3296 coniunctum,
867 3238 1015 3308 persaepe
1041 3215 1231 3286 deliravisse
1257 3213 1350 3283 miris
1374 3211 1640 3306 perplexionibus

439 3335 544 3416 illins,
583 3359 692 3431 neque
718 3361 877 3431 nmquam
912 3340 994 3410 certi
1022 3339 1203 3432 quicquam
1233 3337 1267 3406 in
1302 3336 1359 3406 illo
1384 3335 1522 3427 ingenio
1555 3357 1641 3404 com·

439 3461 647 3555 prehendere
678 3464 835 3555 potuisse.
890 3464 983 3536 Nibil
1012 3465 1112 3557 igitur
1146 3465 1209 3534 erit
1234 3463 1321 3544 miri,
1355 3462 1383 3530 si
1414 3461 1526 3532 virum
1561 3461 1641 3529 inte·

439 3587 620 3678 gemimnm
647 3589 837 3681 Caepionem
870 3589 1086 3660 versutissimi
1118 3588 1262 3659 bominis
1296 3587 1362 3657 doli
1398 3597 1496 3680 atque
1528 3585 1643 3654 incon·

440 3713 629 3783 stantissimi
658 3737 766 3784 mores
792 3714 990 3785 lelellernnt.

513 3857 634 3907 xxxiv.
685 3837 758 3908 Non
785 3838 848 3908 erit
869 3838 981 3931 itaque
1003 3861 1112 3930 neque
1139 3837 1324 3930 prudentiae
1347 3846 1412 3907 tnae
1438 3855 1550 3924 neque
1568 3855 1645 3923 gra·

438 3960 558 4042 vitatis,
592 3963 760 4044 Hortensi,
798 3963 1067 4034 candidissimam
1093 3985 1190 4056 opem
1217 3959 1432 4031 hamanitatis
1456 3967 1523 4026 tuae
1551 3979 1643 4026 sum·

439 4107 596 4177 mamque
626 4085 757 4157 dicendi
787 4087 917 4179 copiam
947 4087 1095 4158 sontibus
1129 4087 1207 4179 ipsis
1237 4083 1411 4178 polliceri:
1454 4091 1513 4152 ant
1546 4101 1643 4173 quam

438 4208 578 4279 bestiam
603 4210 765 4281 irretitam
782 4210 907 4281 indicio
923 4221 1087 4294 tenemus,
1113 4208 1305 4279 dissolutam
1324 4217 1423 4302 atque
1440 4205 1642 4274 exaltantem

439 4332 489 4403 rei
515 4333 657 4426 publicae
675 4335 863 4406 immittere.
904 4334 1000 4418 Quod
1024 4345 1056 4404 te
1073 4354 1258 4427 numquam
1275 4333 1528 4402 commissurum
1545 4328 1645 4399 luisse

440 4457 631 4540 arbitrarer,
665 4459 729 4528 nisi
756 4461 811 4550 qui
837 4483 892 4530 me
918 4483 1039 4541 mores,
1073 4459 1175 4529 iidem
1209 4469 1241 4528 te
1267 4455 1419 4527 Catilinas
1447 4454 1520 4523 sinc
1546 4451 1645 4523 dnbio

440 4582 640 4653 fefellerant.
668 4582 752 4651 Satis
766 4593 943 4652 ostentatas
961 4585 1052 4653 vobis
1070 4592 1236 4676 putamus,
1254 4581 1394 4661 ludices,
1412 4589 1483 4649 tnm
1500 4578 1645 4647 rationes

441 4707 579 4799 periculi
614 4707 729 4788 nostri,
765 4718 834 4777 tnm
867 4707 966 4778 buius
1002 4707 1231 4778 immanissimi
1264 4705 1398 4774 sceleris
1430 4701 1643 4773 atrocitatem.
