3576 5602
1268 667 1339 740 383

131 870 270 964 impulsi
296 879 395 962 etque
421 869 547 941 incensi
573 891 696 940 snmus.
746 869 851 939 diemo
875 869 976 938 Bruto
998 867 1032 948 5.
1059 867 1114 939 tu.
1160 869 1344 959 Cognoscat

132 996 234 1065 etiem
262 991 404 1081 [orator]
434 1002 740 1085 rerumgestarum
767 1003 799 1060 et
827 993 1010 1061 memoriae
1036 992 1155 1062 vetoris
1180 991 1343 1072 ordinem,

133 1119 283 1189 maxime
308 1118 434 1190 seilicet
459 1127 590 1188 nostrae
617 1116 770 1197 civitatis,
796 1116 853 1186 sed
880 1117 978 1188 etiem
1006 1115 1256 1209 imperiosorum
1284 1139 1344 1209 po-

132 1244 292 1337 pulorum
327 1252 360 1310 et
392 1264 511 1332 regum
543 1239 733 1311 illustrium.
793 1239 900 1322 Quem
936 1239 1082 1308 loborem
1117 1239 1213 1308 nobis
1246 1239 1343 1310 Attici

134 1367 239 1438 nostri
258 1367 379 1436 levavit
395 1366 501 1448 labor,
526 1365 584 1458 qui
602 1364 800 1436 conservetis
817 1365 1002 1454 notatisque
1019 1363 1235 1457 temporibus,
1261 1362 1344 1434 nibil

135 1513 213 1560 eum
242 1491 369 1560 illustre
394 1487 680 1581 praetermitteret,
718 1509 881 1558 annorum
911 1486 1191 1581 septingentorum
1218 1510 1346 1557 memo-

135 1617 224 1686 riam
251 1637 318 1686 uno
340 1613 425 1684 libro
448 1612 626 1705 colligavit.
671 1613 776 1682 (deero
793 1613 829 1680 in
846 1627 969 1682 oratore
991 1608 1050 1692 34,
1076 1611 1156 1683 120.
1192 1613 1245 1682 Au
1264 1611 1346 1682 mibi

137 1739 256 1832 potuit,
283 1739 430 1829 inquom,
459 1730 577 1825 [Cicero
592 1735 747 1828 loquitor]
774 1758 846 1804 esse
873 1749 928 1806 eut
955 1735 1081 1825 gratior
1105 1736 1174 1806 ulle
1195 1737 1346 1806 salutatio

139 1874 197 1933 eut
223 1862 266 1933 nd
293 1861 356 1931 boe
383 1874 511 1954 tempus
536 1861 642 1954 optior
668 1882 767 1954 quem
790 1859 879 1929 illius
896 1859 984 1940 libri,
1013 1881 1079 1951 quo
1106 1882 1159 1928 me
1185 1859 1240 1929 bic
1265 1859 1347 1930 effe·

140 1999 193 2058 tus
219 1986 314 2079 quusi
341 1986 504 2056 iacentem
526 1984 699 2054 excitavit?
735 1975 778 2072 [a.
803 1978 899 2073 707]
935 1981 1021 2052 Tum
1043 1982 1100 2052 ille
1118 1985 1245 2077 Nempe
1270 2006 1348 2054 eum

139 2111 236 2192 dicis,
264 2111 385 2204 iuquit,
424 2132 490 2202 quo
519 2110 577 2180 iste
603 2131 735 2178 omnem
769 2129 880 2178 rernm
909 2107 1104 2178 memorium
1135 2108 1279 2178 breviter
1304 2120 1347 2188 et,

139 2250 178 2309 ut
203 2234 291 2304 mibi
317 2233 452 2325 quidem
471 2233 576 2304 visum
593 2244 653 2312 est,
679 2229 917 2326 perdiligenter
937 2233 1130 2321 complexus
1156 2244 1205 2302 est
1227 2283 1263 2301 ..
1289 2232 1349 2302 Li-

138 2361 201 2430 ber
228 2360 288 2428 iste
315 2411 322 2426 .
346 2411 354 2426 .
379 2359 439 2428 llle
465 2380 544 2427 vero
570 2367 719 2436 elnone,
747 2355 894 2448 inquom,
921 2354 1003 2423 mibi
1029 2355 1163 2447 quidem
1190 2356 1293 2426 multe
1318 2366 1350 2424 et

139 2507 216 2556 eam
244 2483 418 2554 utilitntern
444 2504 545 2573 quam
572 2480 798 2572 requirebam,
825 2488 861 2548 ut
886 2479 1056 2571 explicetis
1077 2479 1248 2550 ordinibus
1264 2489 1350 2548 tem-

139 2631 261 2704 porum
288 2629 355 2678 uuo
382 2606 416 2675 iu
442 2616 620 2697 conspectu
645 2605 758 2674 omnin
783 2602 949 2681 viderem3
990 2626 1076 2695 quse
1106 2626 1181 2673 cum
1208 2604 1351 2673 studiose

140 2743 283 2804 tractare
310 2730 491 2822 coepissem
518 2738 579 2797 etc.
624 2728 729 2798 acero
752 2728 854 2797 bruto
878 2725 912 2807 3,
943 2723 987 2798 13
1009 2751 1075 2819 epp.
1111 2723 1272 2815 [Atticus]
1297 2750 1350 2796 me

141 2855 364 2928 inllamrnevit
401 2852 508 2923 studio
549 2851 728 2922 illustrium
767 2851 940 2923 bominum
978 2862 1100 2922 estates
1134 2863 1166 2921 et
1202 2862 1351 2944 temporo

141 2979 376 3076 persequendi.
420 2979 526 3048 aomo
542 2978 643 3046 Bruto
668 2974 724 3057 19,
748 2972 806 3046 74.
853 2973 1082 3068 Suppeditebit
1106 2974 1201 3045 uobis
1227 2975 1352 3046 Atticus

142 3115 257 3178 noster
279 3105 320 3174 de
339 3101 502 3172 tbcsnmis
521 3101 588 3170 suis
608 3123 691 3194 qnos
713 3110 745 3168 et
767 3111 907 3192 quantos
936 3100 1035 3171 viros.
1079 3101 1183 3170 Cicero
1214 3102 1252 3169 de
1275 3100 1352 3192 fini-

143 3231 202 3300 bru
214 3227 250 3310 2,
269 3225 329 3308 21,
349 3224 407 3297 67.
511 3225 546 3292 2.
572 3224 680 3293 Varro
698 3276 706 3292 .
722 3275 731 3291 .
749 3223 850 3294 refert
865 3225 1001 3294 Aenean
1019 3275 1050 3294 ..
1069 3235 1198 3317 petrem
1211 3245 1351 3294 suum..

146 3377 187 3424 uc
212 3353 293 3423 deos
319 3351 460 3420 Penates
488 3399 528 3416 ..
563 3372 578 3416 e
606 3347 703 3416 Troia
727 3348 891 3418 abstulisse
922 3363 950 3419 et
982 3351 1019 3418 io
1041 3349 1177 3422 nauibus
1199 3349 1351 3442 posuisse.

144 3479 271 3550 Meus
297 3475 338 3544 de
363 3484 456 3567 petre
481 3471 654 3550 consentit,
681 3471 722 3540 de
747 3471 798 3542 dis
818 3471 992 3543 Penatibus
1009 3483 1121 3565 neget,
1147 3471 1205 3544 sed
1232 3495 1275 3542 ex
1292 3473 1354 3540 Su-

144 3601 327 3673 motbrncie
354 3599 388 3668 in
413 3597 542 3670 ltnlinm
567 3595 731 3675 devectos,
761 3606 1000 3690 contraquam
1026 3596 1219 3689 opinionem
1246 3596 1354 3667 reler-

146 3738 201 3798 tnr
224 3727 324 3818 fuisse
349 3723 518 3794 simulacre
553 3722 674 3791 Vestae
704 3720 848 3792 incensis
882 3720 964 3816 deae
991 3721 1062 3792 eius
1089 3721 1155 3790 eris
1181 3743 1222 3790 ex
1247 3719 1353 3791 ruinis

147 3851 277 3921 Troicis
307 3848 459 3918 liberate.
510 3845 638 3914 Scholia
673 3846 861 3915 Veronensic
895 3848 938 3915 ed
970 3847 1060 3935 Verp.
1093 3846 1170 3914 Aeo.
1202 3843 1237 3925 2,
1269 3842 1352 3914 717.

148 3973 183 4046 3.
209 3971 392 4065 Pomponio
417 3970 526 4041 Attico
552 3978 584 4038 et
609 3970 654 4040 bl.
681 3968 790 4038 Tullio
816 3968 1011 4062 olympiadis
1036 3981 1149 4038 sextne
1173 3991 1261 4038 enno
1285 3981 1355 4037 ter·

149 4099 195 4170 tio
221 4098 376 4182 [Romam
403 4096 512 4187 pleeet
536 4085 727 4181 conditum]
766 4091 895 4160 Solinus
911 4093 1017 4183 polyb.
1035 4091 1070 4164 2.
1171 4093 1205 4160 l.
1232 4094 1267 4161 Ρ.
1286 4093 1355 4162 Ve-

123 4237 127 4246 '
154 4223 239 4294 lerio
265 4221 376 4290 Volesi
404 4219 475 4288 lilio
501 4216 691 4288 Publicolae
723 4215 854 4285 aedium
887 4216 982 4308 repul
1101 4238 1176 4285 cum
1202 4216 1262 4286 sub
1288 4219 1356 4287 Ve-

150 4347 201 4427 lis,
228 4346 285 4417 ubi
313 4368 402 4415 nunc
429 4343 519 4412 eedis
536 4341 701 4412 Victoriae
727 4350 786 4418 est,
813 4340 971 4432 populum
998 4363 1041 4409 ex
1066 4340 1141 4432 lege
1165 4363 1266 4433 quem
1286 4342 1355 4432 ipse

151 4471 273 4542 tulerat
299 4469 501 4539 concessisse
528 4465 670 4544 trudunt,
703 4475 736 4533 et
760 4463 915 4534 Antiochi
948 4464 1038 4556 regis
1066 4465 1136 4535 filio
1162 4464 1267 4534 obsidi
1295 4465 1357 4534 do-

149 4619 242 4667 mum
272 4594 405 4687 publice
432 4590 651 4668 aedificatum,
685 4587 770 4655 inter
795 4609 877 4678 quos
904 4588 1031 4658 Atticus
1057 4588 1091 4658 in
1118 4573 1241 4668 enneli,
1270 4611 1357 4681 quae

148 4731 265 4813 postes
292 4719 413 4788 dicitur
439 4715 535 4785 Lucii
564 4708 736 4796 [Lucr'lis‘l]
763 4721 877 4802 postue
904 4711 1015 4780 luisse.
1059 4714 1212 4782 Asconius
1231 4714 1275 4781 od
1293 4712 1355 4781 Gir.
