3526 5604
1277 623 1349 692 373

147 819 193 892 ab
224 830 342 890 natura
373 819 490 890 tradita
524 819 705 901 videretur,
741 821 848 913 primo
874 829 949 889 ante
975 819 1170 890 testudinem
1197 822 1348 904 constitit,

146 943 269 1015 deinde
302 944 389 1036 apud
421 946 589 1015 consulem
622 967 754 1016 causam
787 956 885 1038 atque
912 945 1157 1015 excusationem
1183 945 1349 1039 praeferre

147 1063 337 1162 [prosmc‘l]
371 1069 490 1162 coepit.
515 1067 632 1162 p.58,
658 1067 703 1140 14
823 1093 942 1162 agmen
972 1072 1197 1164 perturbatum
1229 1070 1348 1164 peditis

150 1191 318 1264 insinuant
348 1215 387 1262 ac
420 1193 492 1261 loco
523 1201 730 1264 conmovent.
753 1218 788 1286 p.
813 1191 872 1276 58,
900 1193 945 1264 19
1063 1195 1142 1264 dum
1173 1196 1347 1288 pristinum

150 1318 261 1388 riuum
286 1319 374 1411 apud
400 1319 513 1411 ignem
538 1341 598 1411 per
622 1319 776 1389 sudorem
806 1344 943 1414 corpore
974 1321 1207 1392 exhauserunt.
1232 1346 1264 1413 p.
1286 1319 1345 1402 68,

150 1440 195 1514 15
216 1494 224 1510 .
244 1495 253 1512 .
274 1493 282 1510 .
301 1443 411 1535 itaque
428 1453 559 1534 postero
580 1443 740 1534 deligatus
767 1439 835 1526 [die
854 1443 1007 1534 lcpotos‘l]
1032 1445 1184 1536 Iguvium
1201 1446 1347 1515 redeun-

146 1569 187 1640 tis
223 1568 391 1662 apiscitur.
424 1593 458 1661 p.
486 1567 544 1650 68,
570 1568 618 1640 23
731 1569 992 1663 inpedimentum
1023 1595 1122 1642 omne
1156 1572 1197 1642 de
1223 1569 1346 1640 cunctis

147 1691 320 1761 itineribus
345 1693 558 1763 amoliuntur.
580 1718 616 1787 p.
636 1690 694 1775 73,
718 1691 789 1765 15.
811 1694 928 1786 ..ipsi
951 1689 1049 1786 legati
1067 1696 1228 1765 concubia
1250 1704 1345 1764 nocte

145 1815 268 1908 oppido
303 1813 442 1905 digressi
481 1816 547 1886 iam
585 1839 686 1909 supra
721 1817 863 1887 bostium
897 1817 1116 1888 munitionem
1154 1817 1344 1888 succedunt.
1472 1807 1477 1816 ’

143 1963 177 2031 p.
201 1938 261 2020 91,
279 1937 328 2009 22
354 1991 420 2008 ...
447 1939 610 2030 cistasque
635 1962 720 2032 quae
747 1952 840 2010 erant
866 1943 977 2032 legum
1005 1943 1214 2012 ferendarum
1240 1941 1345 2033 gratia

145 2073 238 2155 parta
264 2063 454 2134 deiecerant
485 2057 642 2156 [perorna
669 2062 878 2152 deieceraot‘l]
906 2091 938 2157 p.
963 2063 1023 2147 91,
1050 2064 1099 2137 24
1129 2119 1195 2134 ...
1226 2067 1344 2159 puppis

144 2199 237 2258 aceto
265 2187 457 2258 madefactis
488 2188 682 2258 centonibus
713 2189 915 2280 integuntur,
948 2213 1030 2283 quos
1062 2213 1161 2283 supra
1185 2201 1344 2283 perpetua
1432 2189 1436 2194 ’

144 2313 242 2382 classi
266 2333 423 2404 suspensa
449 2311 555 2382 cilicia
584 2313 815 2384 obtenduntur.
840 2337 873 2406 p.
900 2312 959 2393 91,
986 2312 1034 2385 26
1053 2366 1062 2382 .
1081 2366 1118 2382 ..
1146 2335 1223 2382 nam
1250 2313 1344 2382 clan—
1396 2405 1397 2410 ἵ

144 2437 274 2509 destina
306 2436 458 2506 celeriter
494 2433 745 2525 [caluitudt'ncl]
780 2437 917 2529 transigi
954 2437 1040 2531 apud
1075 2450 1169 2507 notos
1202 2438 1343 2529 cogitata

144 2562 211 2632 dici
236 2561 333 2631 decet
360 2581 428 2628 non
453 2560 636 2652 explanari.
660 2584 694 2653 p.
716 2559 775 2643 91,
801 2558 932 2631 31...
960 2560 1135 2630 formidine
1156 2581 1342 2653 oppressus,

144 2687 233 2780 quod
267 2685 427 2756 humilem
466 2687 643 2755 caementis
674 2686 868 2757 instructum
901 2687 1013 2781 oppidi
1045 2710 1175 2758 murum
1207 2687 1342 2761 sciebat.

141 2835 174 2904 p.
189 2808 249 2892 92,
276 2809 380 2881 2
407 2810 495 2903 quod
522 2811 649 2881 bostem
677 2832 743 2879 non
769 2809 942 2882 dubitatim
969 2833 1043 2880 cum
1069 2809 1187 2903 pluteis
1213 2835 1252 2881 ac
1269 2835 1343 2880 sca-

143 2934 184 3006 lis
211 2935 275 3004 iter
299 2938 409 3007 lacere
435 2935 602 3005 cernebat.
630 2959 663 3028 p.
689 2933 749 3016 98,
779 2933 922 3006 32...
949 2936 1066 3006 armati
1093 2936 1228 3005 dextera
1253 2935 1342 3005 ducti

142 3061 317 3153 magisque
347 3060 381 3128 in
414 3057 621 3130 latitudinem
652 3058 833 3128 discedunt.
859 3083 894 3152 p.
915 3057 974 3140 99,
997 3058 1020 3130 6
1047 3111 1054 3128 .
1077 3112 1115 3128 ..
1143 3060 1273 3140 milites,
1306 3068 1343 3129 ut

141 3185 198 3255 lex
223 3184 404 3277 Calpurnia
430 3195 646 3266 concesserat,
681 3183 808 3252 virtutis
842 3205 922 3274 ergo
955 3184 1085 3254 civitate
1117 3183 1234 3253 donari
1266 3178 1343 3268 [do-

141 3305 248 3393 unit]
262 3330 298 3399 p.
316 3305 397 3388 107,
421 3305 466 3378 15
488 3358 546 3376 ...
567 3329 630 3398 ego
649 3307 723 3376 illos
746 3307 848 3376 malos
868 3319 901 3376 ct
917 3307 1058 3376 audaces
1074 3329 1205 3400 semper
1218 3307 1340 3376 enixim

142 3445 258 3503 contra
283 3432 431 3502 fortunas
456 3442 555 3524 atque
580 3431 722 3501 bonores
748 3431 846 3502 buius
876 3432 1001 3502 ordinis
1026 3433 1137 3502 omnia
1163 3432 1277 3502 iecisse
1303 3455 1341 3502 ac

142 3557 266 3628 dixisse
291 3557 407 3626 sentio.
430 3581 465 3649 p.
491 3555 571 3637 107,
602 3554 647 3628 18
670 3608 678 3626 .
699 3608 734 3626 ..
757 3557 900 3650 denique
927 3558 1110 3627 exinanitas
1135 3559 1248 3628 castris
1273 3559 1341 3627 Ro-

140 3683 232 3754 mani
259 3681 318 3776 qui
343 3683 456 3752 clauso
482 3705 517 3751 se
544 3684 616 3754 loco
642 3693 816 3776 potuerant
841 3682 1009 3775 expedire.
1034 3708 1066 3775 p.
1092 3682 1172 3764 107,
1199 3681 1246 3754 22
1275 3732 1340 3751 ...

141 3817 174 3876 et
198 3808 318 3899 partim
345 3807 415 3878 iera
439 3807 516 3887 vite,
542 3807 661 3900 partim
689 3808 784 3878 lauro
810 3819 840 3878 et
855 3809 989 3880 arbusto
1015 3831 1053 3877 ac
1079 3809 1181 3878 multa
1207 3807 1286 3900 pinu
1302 3827 1341 3875 nc

140 3929 282 4000 mirtetis
308 3929 489 4000 abundant.
520 3955 555 4023 p.
580 3928 660 4012 113,
678 3928 737 4002 24.
762 3983 822 4001 ...
849 3953 958 4024 neque
983 3942 1076 4024 porta
1101 3953 1210 4024 neque
1235 3931 1340 4000 ullum

142 4057 293 4125 foramen
319 4065 402 4138 erat,
429 4079 496 4149 qua
523 4067 631 4148 posset
657 4056 786 4148 eruptio
811 4056 896 4126 lieri.
918 4080 954 4149 p.
970 4053 1050 4136 113,
1068 4054 1143 4125 26.
1167 4107 1204 4124 ..
1232 4077 1340 4146 neque

141 4181 256 4250 aetatis
287 4177 509 4272 granditatem
542 4201 652 4271 neque
687 4202 727 4248 ea
755 4180 873 4249 merita
902 4202 1012 4272 neque
1037 4178 1161 4248 ordinis
1187 4176 1341 4246 honesta·

142 4311 207 4372 tem
234 4313 292 4372 aut
316 4302 512 4394 dignitatem
538 4301 601 4371 sibi
628 4323 699 4371 esse
725 4302 942 4372 excusationi.
967 4327 1000 4394 p.
1022 4299 1102 4382 115,
1128 4299 1172 4371 12
1286 4300 1340 4370 ul-

139 4435 190 4496 tro
228 4428 378 4520 citroque
413 4427 578 4518 integrant
611 4426 645 4496 in
683 4427 804 4520 oppido
843 4427 989 4496 caedem.
1027 4451 1062 4519 p.
1097 4423 1178 4506 127,
1213 4422 1338 4495 5...

141 4561 293 4622 utrumne
318 4553 381 4621 viri
413 4549 539 4639 [dioi‘l]
568 4553 659 4623 cultu
692 4573 772 4642 erga
803 4574 838 4621 se
869 4552 1057 4622 mortalium
1083 4550 1263 4631 laetiscant‚
1295 4571 1337 4617 an

139 4695 302 4768 supernae
333 4685 468 4766 egentes
500 4671 647 4767 [superne
670 4675 724 4745 vel
749 4698 884 4768 superem
908 4671 1067 4765 apcotcsl]
1101 4673 1246 4743 humana
1277 4692 1339 4739 ne-
