3576 5602
1288 653 1359 722 ur
1426 751 1428 758 Α

154 853 327 922 vocitatur.
366 853 553 924 Gmtoro'ooo
570 851 630 936 22,
648 850 781 924 9-15.
826 851 994 924 Februum
1020 851 1133 922 Sebini
1158 874 1362 944 purgamen-

154 989 238 1060 tum,
266 990 299 1048 et
318 979 351 1048 id
373 979 407 1047 in
424 979 526 1048 sacris
543 977 664 1047 nostris
681 975 839 1056 verbum;
865 1000 942 1046 nam
964 987 997 1046 et
1013 976 1210 1070 Lupercalia
1228 976 1363 1046 februa-

155 1102 213 1185 tio,
234 1115 269 1172 ut
286 1103 320 1172 in
338 1101 581 1196 Antiquitatum
600 1101 693 1170 libris
710 1099 945 1171 demonstravi.
975 1103 1077 1172 Varro
1089 1103 1128 1171 de
1139 1103 1175 1170 L.
1194 1103 1231 1170 L.
1250 1100 1284 1182 6,
1306 1098 1362 1172 13.

156 1227 217 1297 31.
243 1225 429 1297 Duodecim
452 1225 558 1294 Salios
580 1248 600 1294 a
624 1225 731 1295 Numa
757 1224 922 1292 institutos
943 1222 1068 1304 dicunt,
1103 1223 1161 1316 qui
1183 1225 1364 1296 secundum

156 1353 386 1422 Romanorum
412 1351 576 1422 mensium
602 1371 780 1420 numerum
802 1351 919 1419 lanum
945 1360 1113 1419 canerent.
1154 1353 1242 1421 Eum
1259 1353 1365 1424 Varro

157 1474 285 1544 Rerum
312 1474 501 1545 divinarum
534 1473 621 1543 libro
646 1475 721 1544 XIV
746 1472 908 1544 mundum
941 1471 1028 1566 apud
1053 1474 1209 1543 Etruscos
1234 1476 1299 1546 dici
1321 1478 1367 1547 ait

158 1613 191 1671 et
224 1601 375 1671 omnium
408 1623 521 1671 rerum
556 1599 779 1692 gerendamm
814 1600 1001 1693 praesidem
1035 1613 1066 1670 et
1098 1603 1308 1694 Popanonem
1347 1625 1366 1672 u

159 1747 309 1818 popano,
350 1722 458 1792 idest
487 1722 661 1794 alannali
695 1722 778 1800 libo,
819 1722 909 1814 qnod
938 1723 1097 1793 Kalendis
1127 1726 1207 1793 lano
1233 1723 1365 1793 libatur.

160 1850 260 1918 duur.
287 1849 394 1938 Lydos
420 1848 458 1916 de
478 1868 576 1915 meos.
597 1842 633 1926 4,
652 1844 687 1915 2.
737 1846 842 1915 Varro
868 1845 954 1914 libro
979 1847 1008 1916 V
1031 1848 1155 1916 Rerum
1181 1845 1369 1917 divinarum

160 1971 276 2041 scribit
310 1973 390 2040 lano
422 1968 596 2040 duodecim
629 1991 703 2039 arus
735 1991 794 2060 pro
827 1969 966 2039 totidem
999 1970 1165 2040 mensibus
1190 1970 1367 2041 dedicatas.

161 2098 346 2168 Macrobius
371 2095 555 2177 Saturni,
582 2094 616 2166 9.
661 2096 743 2165 Sunt
768 2106 879 2164 autem
905 2096 986 2165 Salii
1011 2097 1125 2168 lllartis
1151 2108 1183 2166 et
1201 2095 1367 2176 Herculis,

162 2220 324 2313 quoniam
344 2218 504 2289 Chaldaei
519 2219 649 2288 stellam
667 2217 781 2290 lllartis
799 2219 981 2288 Herculem
998 2218 1121 2289 dicunt.
1157 2217 1249 2301 Quos
1262 2221 1369 2289 Varro

161 2343 322 2436 sequitur.
371 2343 499 2412 Seruios
524 2344 567 2412 od
599 2343 684 2432 Vcrp.
711 2343 787 2410 Aeo.
812 2340 848 2422 8,
875 2340 958 2414 285.
1007 2344 1055 2411 lta
1083 2343 1257 2434 ldenippeu
1282 2345 1370 2414 Var-

162 2466 254 2536 ronis
281 2465 435 2545 affirmat,
467 2487 553 2557 quae
578 2463 770 2534 inscribitur
788 2469 903 2553 ’Ἀώς
924 2467 1021 2552 οὗτος
1039 2466 1206 2564 Ἡρακλῆς,
1244 2466 1278 2534 in
1303 2487 1370 2559 qua

163 2612 240 2661 eum
267 2588 309 2658 de
335 2588 483 2658 Hercule
509 2588 612 2658 multa
638 2587 845 2680 loqueretur,
885 2586 1027 2658 eundem
1062 2609 1133 2655 esse
1165 2610 1204 2657 ae
1229 2591 1370 2660 Martem

163 2715 327 2808 probavit.
370 2715 551 2784 Macrobioe
575 2713 706 2782 Saturio.
729 2710 763 2794 3,
794 2711 850 2783 12.
891 2713 985 2784 Faba
1011 2765 1048 2782 ..
1077 2713 1231 2783 hebetare
1256 2737 1370 2784 sensns

163 2841 387 2921 existimatur,
426 2837 589 2909 insomnia
624 2860 757 2930 quoqne
795 2838 922 2919 lacere;
962 2837 1005 2908 ob
1037 2839 1120 2909 boec
1156 2840 1371 2933 Pythagorica

163 2965 328 3036 sententia
362 2967 548 3036 damnatur.
576 2953 642 3036 'Ut
670 2964 728 3034 ulii
761 2965 941 3046 tradidere,
975 2966 1133 3058 quoniam
1166 2980 1370 3038 mortuorum

164 3091 299 3161 animae
322 3093 436 3162 sintin
460 3115 510 3172 ea,
537 3115 604 3183 qna
626 3091 666 3159 dc
693 3114 791 3162 causa
816 3092 1020 3184 parentando
1046 3093 1159 3185 utique
1185 3093 1371 3162 assumitur.

163 3216 273 3287 Varro
299 3225 332 3285 et
355 3217 399 3286 ob
424 3216 507 3286 baec
532 3215 702 3284 llaminem
734 3238 772 3284 ea
799 3238 865 3286 non
890 3216 979 3286 vcs'ci
1005 3216 1111 3295 tradit,
1151 3227 1183 3284 et
1211 3215 1370 3308 quonium

165 3339 200 3406 in
227 3337 311 3408 llore
338 3339 409 3408 cius
438 3339 566 3408 litterae
599 3338 757 3429 lugubres
788 3338 1007 3430 reperiantur.
1057 3339 1182 3407 Plinius
1206 3354 1271 3409 not.
1297 3341 1370 3409 hr'et.

168 3461 226 3542 18,
248 3461 305 3545 12,
327 3462 407 3534 119.
508 3463 567 3534 32.
595 3463 751 3533 limitum
766 3463 873 3554 prima
885 3462 990 3553 origo,
1009 3463 1093 3532 sicut
1106 3464 1211 3533 Varro
1224 3463 1372 3556 descrip-

166 3586 220 3667 sit,
258 3610 278 3656 a
304 3587 478 3679 disciplina
502 3589 653 3667 Etrusca,
687 3586 778 3678 quod
803 3586 980 3678 Aruspices
1005 3585 1122 3654 orbem
1149 3596 1309 3655 terrarum
1335 3587 1370 3656 iu

168 3710 249 3781 duas
281 3721 390 3803 partes
422 3709 621 3779 diviserunt:
656 3709 805 3778 dextram
836 3709 1086 3800 appellaverunt
1119 3731 1205 3802 qnae
1239 3723 1372 3804 septen-

167 3833 266 3905 trioni
292 3832 487 3915 subiacerct,
521 3832 685 3902 sinistrum
712 3855 798 3924 quoe
824 3831 866 3901 ad
895 3831 1113 3903 meridianum
1144 3843 1251 3904 terrae
1276 3847 1371 3918 essct,

169 3963 212 4032 ab
238 3961 368 4031 oricnte
392 3959 434 4028 ad
460 3981 630 4039 occasum,
657 3958 746 4050 quod
772 3981 811 4026 eo
836 3958 886 4027 sol
912 3969 944 4027 ct
972 3958 1051 4028 luna
1076 3967 1256 4050 spectaret,
1289 3959 1374 4033 sicut

170 4087 304 4181 quidam
331 4084 500 4156 architecti
525 4085 664 4155 delubra
690 4085 724 4153 in
750 4084 953 4155 occidentem
980 4095 1067 4152 recte
1092 4094 1241 4175 spectare
1267 4087 1373 4178 scrip·

170 4223 294 4281 serunt.
337 4209 513 4301 Arnspices
544 4209 647 4278 altera
678 4209 766 4277 linea
797 4208 838 4278 ad
864 4206 1119 4299 septentrionem
1145 4229 1164 4274 a
1191 4207 1373 4278 meridiano

172 4339 354 4409 diviserunt
379 4346 512 4414 terram,
539 4345 571 4404 et
596 4357 616 4403 a
641 4334 750 4403 media
777 4335 860 4403 ultra
887 4333 1017 4413 Antica,
1050 4332 1131 4402 citra
1157 4331 1284 4401 Posticn
1310 4355 1374 4402 no-

172 4464 392 4533 minaverunt.
436 4460 488 4532 Ab
518 4461 583 4531 boc
612 4460 824 4530 laudamento
855 4459 1000 4529 maiores
1028 4459 1129 4526 nostri
1156 4457 1190 4526 in
1217 4479 1372 4548 agrorum

172 4609 325 4658 mensura
352 4585 504 4655 videntur
530 4583 734 4654 constituisse
761 4583 933 4652 rationem.
976 4581 1029 4650 En
1054 4581 1136 4650 libro
1160 4581 1309 4650 Frontini
1324 4604 1374 4650 se-

172 4713 273 4780 condo
296 4733 330 4802 p.
358 4707 406 4779 27
435 4709 558 4778 Lucbm
606 4708 711 4778 Varro
735 4705 990 4778 Rhetoricorum
1023 4702 1107 4773 libro
1133 4704 1213 4772 llll:
1253 4726 1294 4774 eo
1319 4704 1378 4774 die·

1162 4824 1201 4886 27
