3610 5592
1050 653 1108 702 xlv

482 828 653 890 dunelm.
676 830 723 888 ab.
744 827 879 904 equestri
900 828 971 890 loco
992 830 1090 890 ortum
1110 829 1194 907 dicit,
1216 845 1276 907 qno
1296 829 1373 890 satis
1393 828 1428 889 dt
1453 827 1663 902 manislestom,

480 936 565 996 illius
586 936 719 996 maiores
739 935 881 996 altiorem
907 934 1066 1011 diguitatis
1089 936 1191 997 locum
1219 953 1279 997 nou
1305 937 1480 998 obtinuisse.
1519 934 1580 996 Sed
1612 951 1665 1010 quo

480 1045 619 1120 tempore
646 1042 701 1101 ille
726 1041 851 1102 Romam
879 1041 1065 1118 migraverit,
1095 1045 1205 1119 quibus
1234 1043 1345 1104 artium
1371 1043 1544 1104 liberalium
1574 1042 1665 1119 magi-

479 1149 555 1209 stris
576 1166 650 1209 usus
671 1147 774 1224 inerit,
796 1150 947 1223 quomodo
967 1149 1128 1226 pueritiam
1150 1153 1183 1210 et
1202 1150 1439 1211 adolescentiam
1457 1151 1563 1226 egerit,
1584 1148 1667 1226 plane

478 1255 647 1334 ignoratur,
669 1255 729 1314 nisi
752 1255 834 1330 quod
852 1257 960 1315 auctor
978 1255 1219 1330 declamationis,
1235 1257 1285 1317 oui
1298 1256 1457 1317 Ciceronis
1471 1272 1579 1316 nomon
1593 1272 1667 1332 prae-

480 1362 627 1440 scriptum
654 1364 710 1437 est,
740 1363 816 1422 satis
845 1367 953 1439 aperte
975 1361 1058 1422 ioeda
1079 1363 1145 1423 eius
1165 1363 1242 1422 vitia
1263 1364 1390 1438 incusat,
1423 1363 1551 1440 primum
1570 1363 1666 1422 initio:

482 1484 599 1544 ,neque
620 1469 779 1544 quicquam
800 1470 861 1528 tam
882 1468 1046 1530 obscenum
1067 1468 1182 1544 dicere,
1210 1471 1259 1529 cui
1282 1486 1341 1529 non
1362 1470 1401 1529 ab
1422 1469 1510 1529 initio
1532 1469 1665 1546 pueritia

479 1575 560 1634 omni
573 1591 688 1653 genere
703 1574 850 1634 facinoris
867 1580 942 1634 aetas
967 1591 1022 1634 sua
1044 1568 1256 1652 respondeat.“
1281 1580 1313 1636 et
1334 1591 1358 1634 c.
1380 1577 1413 1634 7:
1447 1592 1565 1651 ,noque
1592 1575 1669 1634 tusi

479 1698 538 1757 pua
557 1681 590 1741 iu
608 1681 741 1759 pueritia
761 1682 907 1758 peccasti,
929 1697 1091 1757 ιιιιιιιιι,
1111 1698 1150 1740 ne
1170 1686 1328 1758 parentem
1349 1687 1432 1742 tuum
1452 1681 1561 1742 videar
1579 1697 1667 1741 accu-

478 1803 550 1847 sare
571 1821 610 1830 -
631 1787 687 1846 aed
708 1786 827 1863 qualem
847 1786 1087 1848 adolescentiam
1115 1789 1225 1865 egeris.
1267 1787 1331 1848 llac
1357 1787 1436 1848 euim
1466 1788 1671 1848 demonstrata

477 1890 571 1952 facile
591 1892 788 1970 intelligetur,
810 1909 898 1968 quam
918 1892 1068 1970 petulanti
1088 1893 1228 1970 pueritia,
1250 1910 1338 1968 quam
1357 1892 1526 1970 impudicus
1548 1893 1581 1952 et
1594 1908 1667 1968 pro·

479 2015 537 2059 cax
557 1998 742 2059 adoleveris
783 1999 989 2074 Posteaquam
1009 1999 1162 2060 immense
1182 1998 1262 2077 gulae
1283 1997 1514 2076 impudicissimi
1532 1999 1670 2076 corporis

479 2105 613 2179 quaestus
634 2103 777 2164 sufficere
797 2121 856 2164 non
875 2106 984 2182 potuit,
1009 2109 1042 2166 et
1061 2109 1137 2166 aetas
1159 2109 1211 2166 tua
1232 2107 1291 2164 iam
1312 2106 1352 2165 ad
1373 2123 1410 2165 eu
1429 2105 1583 2182 patienda,
1605 2121 1672 2180 ques

478 2211 570 2271 altori
592 2211 694 2270 iacere
714 2211 916 2287 collibuisset,
947 2213 1135 2290 exoleverat,
1167 2211 1384 2289 cupiditatibus
1410 2212 1537 2272 infinitis
1558 2211 1672 2272 edere-

479 2317 572 2392 baris,
593 2320 627 2377 ut
641 2334 707 2392 qnae
727 2317 796 2394 ipso
816 2318 937 2395 corpori
959 2323 1012 2378 tuo
1035 2319 1134 2396 turpia
1155 2335 1216 2377 nou
1237 2319 1389 2394 duxisses,
1411 2319 1442 2378 in
1462 2319 1534 2378 aliis
1549 2318 1674 2396 experi-

478 2415 588 2483 reris.“
631 2423 703 2493 Quae
724 2424 844 2500 quidem
873 2423 1055 2484 declamatio
1080 2424 1219 2500 quamvis
1246 2425 1289 2484 sit
1313 2425 1536 2500 commenticia,
1565 2429 1672 2484 auctor

479 2533 580 2590 ιιιιιιιι
600 2533 714 2591 certam
736 2529 886 2605 quandam
905 2529 1155 2608 probabilitatem
1176 2534 1300 2590 secutus
1313 2547 1384 2590 esse
1399 2531 1530 2592 videtur.
1562 2531 1608 2591 Ne
1622 2535 1672 2591 ta-

478 2653 548 2696 men
569 2638 622 2696 isti
632 2635 839 2696 conviciatori
861 2636 982 2696 uimium
1003 2636 1181 2711 tribuamus,
1202 2640 1305 2697 monet
1326 2637 1425 2698 altera
1441 2638 1501 2698 ista
1517 2639 1675 2698 declama-

477 2743 533 2817 tio,
563 2743 648 2803 cuius
668 2746 825 2802 auctorem
845 2742 943 2818 ipsum
963 2741 1128 2802 Salustium
1149 2741 1246 2802 inisse
1270 2743 1419 2803 iudicavit
1441 2742 1674 2818 Quinctiliauus,

478 2851 531 2926 qui
545 2854 590 2910 tot
603 2849 718 2926 probra
733 2849 762 2908 iu
772 2846 950 2908 Ciceronem
965 2847 1071 2909 effudit
1083 2851 1117 2908 ut
1130 2849 1227 2926 ipsius
1240 2849 1344 2910 Caleni
1359 2850 1578 2928 procacitatem
1593 2850 1676 2927 apud

478 2955 604 3017 Dionem
625 2973 703 3014 xnvn
728 2953 833 3016 i-as.
856 2959 887 3014 et
908 2956 1072 3015 verborum
1093 2957 1293 3016 contumelias
1315 2959 1518 3035 superaverit.

559 3062 607 3122 lbi
627 3063 707 3122 euim
728 3062 795 3122 iere
816 3063 922 3122 eadem
942 3061 1004 3138 ipsi
1019 3061 1161 3122 Ciceroni
1183 3064 1417 3140 exprobrantur.
1436 3079 1462 3122 c.
1481 3083 1500 3122 ι.
1534 3063 1601 3139 ,,Αι
1615 3079 1677 3122 ιιι

478 3169 522 3229 ita
542 3187 561 3229 a
581 3169 713 3246 pueritia
733 3168 848 3244 vixisti,
870 3169 903 3227 ut
923 3167 1001 3226 nihil
1022 3167 1207 3244 flagitiosum
1228 3171 1351 3247 corpori
1366 3176 1418 3230 tuo
1432 3176 1567 3247 putares,
1590 3169 1677 3246 quod

477 3276 569 3338 alteri
597 3275 812 3335 collibuisset?
845 3273 972 3334 Scilicet
996 3273 1087 3332 istam
1112 3273 1339 3335 immoderatam
1361 3276 1566 3351 eloquentiam
1591 3276 1679 3354 apud

477 3384 516 3444 ll.
532 3383 675 3443 Pisonem
694 3398 755 3441 non
776 3380 930 3458 pudicitia
950 3380 1067 3440 iactura
1080 3379 1295 3457 perdidicistit
1316 3399 1343 3442 c.
1357 3385 1384 3441 2.
1406 3381 1468 3442 lilia
1488 3383 1586 3460 patris
1601 3383 1677 3460 pel-

477 3491 537 3550 lez
560 3492 589 3550 3.
609 3490 694 3550 cuius
720 3488 805 3549 nulla
831 3503 903 3565 pars
924 3487 1065 3564 corporis
1089 3504 1107 3547 a
1134 3487 1321 3564 turpitudine
1349 3480 1481 3548 vacati“
1508 3489 1553 3549 ita
1573 3492 1608 3548 ut
1629 3489 1680 3548 illi

478 3596 731 3658 declamationum
750 3595 929 3672 scripturos,
950 3594 1011 3653 nisi
1031 3594 1112 3654 idem
1133 3595 1191 3654 luit
1210 3593 1368 3672 Didpunus,
1397 3613 1486 3672 quem
1507 3595 1680 3656 Diomedes

477 3703 619 3778 nominat,
640 3718 680 3762 ιιι
692 3701 801 3761 ιοιιιιι
814 3692 1006 3783 μιροθηκίῳ
1028 3705 1060 3760 et
1081 3717 1120 3761 ιιι
1135 3701 1243 3762 iisdem
1258 3703 1372 3762 arculis
1392 3704 1546 3779 pigmenta
1566 3719 1680 3780 sump-

477 3811 558 3871 sisse
578 3809 748 3868 videantur.
790 3808 976 3885 Argumenta
997 3806 1083 3866 lirma
1110 3806 1151 3866 ad
1179 3808 1369 3884 probandum
1394 3809 1511 3884 desunt,
1538 3809 1596 3868 sed
1620 3807 1678 3867 ci-

478 3934 550 3978 cero
571 3917 603 3975 io
623 3914 751 3974 meliore
772 3929 865 3974 causa
886 3915 944 3986 est,
972 3911 1100 3972 Salustii
1125 3913 1370 3974 examinationem
1393 3917 1576 3992 oppugnant.
1607 3931 1682 3990 quae

477 4024 575 4084 Aulus
596 4021 714 4081 Gellius
735 4019 822 4080 Noct.
843 4019 906 4080 ate
928 4037 1000 4078 xvu.
1025 4021 1244 4080 lamenteris
1272 4021 1423 4098 prodidit:
1460 4023 1497 4082 bl.
1522 4023 1623 4081 Varro
1647 4022 1681 4080 io

476 4129 591 4190 litteris
612 4133 704 4204 atque
725 4129 754 4187 iu
776 4127 840 4186 vita
860 4126 920 4185 lide
940 4125 1031 4186 bomo
1054 4111 1147 4186 multa
1168 4131 1200 4187 et
1218 4128 1332 4204 gravis,
1354 4129 1385 4188 iu
1405 4127 1488 4187 libro
1510 4145 1602 4203 quem
1625 4129 1682 4186 in-

477 4237 604 4314 scripsit
624 4235 693 4296 Paos
714 4240 765 4294 oct
787 4233 822 4292 da
841 4233 925 4308 Pace,
952 4231 982 4291 G.
1005 4231 1172 4293 Salustium
1200 4237 1383 4311 scriptorem
1409 4235 1500 4294 seriae
1527 4235 1613 4296 illius
1647 4239 1684 4294 et

477 4359 595 4405 severa
616 4341 775 4416 orationis,
801 4339 832 4398 in
853 4339 938 4398 cuius
958 4339 1089 4400 historia
1109 4340 1250 4401 uotioues
1272 4343 1430 4402 censorius
1459 4342 1526 4402 fleri
1554 4349 1588 4402 et
1616 4360 1682 4401 ιιι-

477 4452 577 4512 ιιιιιί
603 4449 751 4522 videmus,
781 4447 812 4505 io
838 4446 992 4506 adulterio
1018 4447 1240 4524 deprehensum
1270 4450 1309 4508 ab
1339 4449 1440 4509 Annio
1461 4449 1575 4509 ldilone
1597 4448 1683 4508 loris

476 4558 555 4617 bene
576 4573 686 4616 caesum
711 4553 788 4612 dicit
815 4557 847 4611 et
871 4570 938 4612 cum
959 4553 1098 4613 dedisset
1117 4555 1284 4630 pecuniam,
1313 4547 1494 4616 dimissum.“
1537 4555 1683 4624 Quocum

476 4663 604 4725 Servius
624 4662 777 4722 consentit
796 4659 836 4720 ad
856 4658 940 4736 virg.
963 4658 1037 4718 Aen.
1059 4677 1099 4718 vu.
1120 4661 1188 4720 612.
1226 4663 1337 4738 orsique
1356 4662 1392 4720 ot
1417 4661 1590 4722 ιιιιιιιειιιιιιι
1604 4665 1684 4720 coeaa'
