<?xml version="1.0" encoding="UTF-8"?>
<!DOCTYPE html PUBLIC "-//W3C//DTD XHTML 1.0 Transitional//EN"
    "http://www.w3.org/TR/xhtml1/DTD/xhtml1-transitional.dtd">
<html xmlns="http://www.w3.org/1999/xhtml" xml:lang="en" lang="en">
 <head>
  <title>
</title>
<meta http-equiv="Content-Type" content="text/html;charset=utf-8" />
  <meta name='ocr-system' content='tesseract 3.04.00' />
  <meta name='ocr-capabilities' content='ocr_page ocr_carea ocr_par ocr_line ocrx_word'/>
</head>
<body>
  <div class='ocr_page' id='page_1' title='image "./gaisalustiicris00rothgoog_0505.png"; bbox 0 0 3576 5602; ppageno 0'>
   <div class='ocr_carea' id='block_1_1' title="bbox 370 617 441 686">
    <p class='ocr_par' dir='ltr' id='par_1_1' title="bbox 370 617 441 686">
     <span class='ocr_line' id='line_1_1' title="bbox 370 617 441 686; baseline 0.028 -2"><span class='ocrx_word' id='word_1_1' title='bbox 370 617 441 686; x_wconf 72' lang='lat' dir='ltr'>le</span> 
     </span>
    </p>
   </div>
   <div class='ocr_carea' id='block_1_2' title="bbox 367 811 1584 2491">
    <p class='ocr_par' dir='ltr' id='par_1_2' title="bbox 367 811 1584 2491">
     <span class='ocr_line' id='line_1_2' title="bbox 367 811 1584 890; baseline -0.001 -16"><span class='ocrx_word' id='word_1_2' title='bbox 367 815 438 875; x_wconf 89' lang='lat' dir='ltr'><strong>loco</strong></span> <span class='ocrx_word' id='word_1_3' title='bbox 467 812 690 874; x_wconf 86' lang='lat' dir='ltr'><strong>substantivum</strong></span> <span class='ocrx_word' id='word_1_4' title='bbox 716 811 891 888; x_wconf 89' lang='lat' dir='ltr'><strong>antecessit,</strong></span> <span class='ocrx_word' id='word_1_5' title='bbox 920 815 952 871; x_wconf 89' lang='lat' dir='ltr'><strong>et</strong></span> <span class='ocrx_word' id='word_1_6' title='bbox 978 828 1017 871; x_wconf 85' lang='lat' dir='ltr'><strong>ex</strong></span> <span class='ocrx_word' id='word_1_7' title='bbox 1046 811 1168 887; x_wconf 79' lang='lat' dir='ltr'><strong>vulgari</strong></span> <span class='ocrx_word' id='word_1_8' title='bbox 1194 829 1251 872; x_wconf 93' lang='lat' dir='ltr'><strong>usu</strong></span> <span class='ocrx_word' id='word_1_9' title='bbox 1281 811 1427 890; x_wconf 87' lang='lat' dir='ltr'><strong>loquendi</strong></span> <span class='ocrx_word' id='word_1_10' title='bbox 1454 829 1584 890; x_wconf 67' lang='grc' dir='ltr'><strong><em>φασι-απ</em></strong></span> 
     </span>
     <span class='ocr_line' id='line_1_3' title="bbox 369 918 1583 997; baseline -0.002 -16"><span class='ocrx_word' id='word_1_11' title='bbox 369 921 456 997; x_wconf 90' lang='lat' dir='ltr'><strong>sequi</strong></span> <span class='ocrx_word' id='word_1_12' title='bbox 477 921 618 996; x_wconf 88' lang='lat' dir='ltr'><strong>debebat,</strong></span> <span class='ocrx_word' id='word_1_13' title='bbox 640 920 722 995; x_wconf 83' lang='lat' dir='ltr'><strong>quod</strong></span> <span class='ocrx_word' id='word_1_14' title='bbox 744 920 774 978; x_wconf 94' lang='lat' dir='ltr'><strong>in</strong></span> <span class='ocrx_word' id='word_1_15' title='bbox 797 919 949 979; x_wconf 87' lang='lat' dir='ltr'><strong>nonnullis</strong></span> <span class='ocrx_word' id='word_1_16' title='bbox 972 919 1060 978; x_wconf 89' lang='lat' dir='ltr'><strong>libris</strong></span> <span class='ocrx_word' id='word_1_17' title='bbox 1075 918 1184 979; x_wconf 81' lang='lat' dir='ltr'><strong>Frano.</strong></span> <span class='ocrx_word' id='word_1_18' title='bbox 1203 921 1228 976; x_wconf 91' lang='lat'><strong>1.</strong></span> <span class='ocrx_word' id='word_1_19' title='bbox 1251 919 1394 980; x_wconf 72' lang='lat' dir='ltr'><strong>(duellii.</strong></span> <span class='ocrx_word' id='word_1_20' title='bbox 1415 919 1540 980; x_wconf 73' lang='lat' dir='ltr'><strong>Febris.</strong></span> <span class='ocrx_word' id='word_1_21' title='bbox 1562 939 1583 979; x_wconf 79' lang='grc' dir='ltr'><strong>ι</strong></span> 
     </span>
     <span class='ocr_line' id='line_1_4' title="bbox 368 1025 1581 1106; baseline -0.002 -18"><span class='ocrx_word' id='word_1_22' title='bbox 368 1029 490 1106; x_wconf 82' lang='lat' dir='ltr'><strong>legitur.</strong></span> <span class='ocrx_word' id='word_1_23' title='bbox 531 1027 594 1087; x_wconf 91' lang='lat' dir='ltr'><strong>Sed</strong></span> <span class='ocrx_word' id='word_1_24' title='bbox 620 1027 694 1086; x_wconf 91' lang='lat' dir='ltr'><strong>boni</strong></span> <span class='ocrx_word' id='word_1_25' title='bbox 719 1026 790 1086; x_wconf 83' lang='lat' dir='ltr'><strong>libri</strong></span> <span class='ocrx_word' id='word_1_26' title='bbox 820 1029 999 1085; x_wconf 77' lang='lat' dir='ltr'><strong>constanter</strong></span> <span class='ocrx_word' id='word_1_27' title='bbox 1027 1042 1133 1085; x_wconf 88' lang='lat' dir='ltr'><strong>omnes</strong></span> <span class='ocrx_word' id='word_1_28' title='bbox 1162 1025 1203 1084; x_wconf 87' lang='lat' dir='ltr'><strong>ad</strong></span> <span class='ocrx_word' id='word_1_29' title='bbox 1228 1043 1316 1085; x_wconf 88' lang='lat' dir='ltr'><strong>uuum</strong></span> <span class='ocrx_word' id='word_1_30' title='bbox 1338 1029 1423 1085; x_wconf 75' lang='grc' dir='ltr'><strong><em>αιίαε</em></strong></span> <span class='ocrx_word' id='word_1_31' title='bbox 1443 1028 1581 1100; x_wconf 81' lang='lat' dir='ltr'><strong>tuentm,</strong></span> 
     </span>
     <span class='ocr_line' id='line_1_5' title="bbox 369 1131 1582 1210; baseline -0.001 -16"><span class='ocrx_word' id='word_1_32' title='bbox 369 1135 428 1194; x_wconf 90' lang='lat' dir='ltr'><strong>nisi</strong></span> <span class='ocrx_word' id='word_1_33' title='bbox 450 1135 532 1209; x_wconf 88' lang='lat' dir='ltr'><strong>quod</strong></span> <span class='ocrx_word' id='word_1_34' title='bbox 552 1135 584 1193; x_wconf 94' lang='lat' dir='ltr'><strong>in</strong></span> <span class='ocrx_word' id='word_1_35' title='bbox 605 1133 711 1210; x_wconf 90' lang='lat' dir='ltr'><strong>paucis</strong></span> <span class='ocrx_word' id='word_1_36' title='bbox 732 1135 778 1191; x_wconf 85' lang='lat' dir='ltr'><strong>rei</strong></span> <span class='ocrx_word' id='word_1_37' title='bbox 807 1133 939 1192; x_wconf 88' lang='lat' dir='ltr'><strong>additur.</strong></span> <span class='ocrx_word' id='word_1_38' title='bbox 982 1131 1074 1192; x_wconf 82' lang='lat' dir='ltr'><strong>Cuius</strong></span> <span class='ocrx_word' id='word_1_39' title='bbox 1103 1131 1225 1207; x_wconf 86' lang='lat' dir='ltr'><strong>quidem</strong></span> <span class='ocrx_word' id='word_1_40' title='bbox 1253 1133 1413 1210; x_wconf 75' lang='lat' dir='ltr'><strong>scripture</strong></span> <span class='ocrx_word' id='word_1_41' title='bbox 1441 1150 1582 1208; x_wconf 81' lang='lat' dir='ltr'><strong>quaenam</strong></span> 
     </span>
     <span class='ocr_line' id='line_1_6' title="bbox 368 1238 1583 1316; baseline -0.002 -16"><span class='ocrx_word' id='word_1_42' title='bbox 368 1242 410 1300; x_wconf 91' lang='lat' dir='ltr'><strong>sit</strong></span> <span class='ocrx_word' id='word_1_43' title='bbox 430 1241 519 1316; x_wconf 87' lang='lat' dir='ltr'><strong>ratio,</strong></span> <span class='ocrx_word' id='word_1_44' title='bbox 542 1240 697 1315; x_wconf 77' lang='lat' dir='ltr'><strong>quaritur.</strong></span> <span class='ocrx_word' id='word_1_45' title='bbox 738 1238 852 1299; x_wconf 80' lang='lat' dir='ltr'><strong>Facilis</strong></span> <span class='ocrx_word' id='word_1_46' title='bbox 875 1241 924 1298; x_wconf 92' lang='lat' dir='ltr'><strong>est</strong></span> <span class='ocrx_word' id='word_1_47' title='bbox 954 1239 1127 1315; x_wconf 83' lang='lat' dir='ltr'><strong>responsio,</strong></span> <span class='ocrx_word' id='word_1_48' title='bbox 1156 1257 1223 1298; x_wconf 90' lang='lat' dir='ltr'><strong>cnm</strong></span> <span class='ocrx_word' id='word_1_49' title='bbox 1244 1245 1354 1299; x_wconf 88' lang='lat' dir='ltr'><strong>neutro</strong></span> <span class='ocrx_word' id='word_1_50' title='bbox 1376 1240 1489 1316; x_wconf 80' lang='lat' dir='ltr'>plurali</span> <span class='ocrx_word' id='word_1_51' title='bbox 1511 1257 1583 1299; x_wconf 81' lang='lat' dir='ltr'><strong>cer-</strong></span> 
     </span>
     <span class='ocr_line' id='line_1_7' title="bbox 368 1344 1583 1423; baseline 0.001 -17"><span class='ocrx_word' id='word_1_52' title='bbox 368 1351 436 1407; x_wconf 83' lang='lat' dir='ltr'><strong>oitic</strong></span> <span class='ocrx_word' id='word_1_53' title='bbox 457 1347 550 1406; x_wconf 86' lang='lat' dir='ltr'><strong>lacile</strong></span> <span class='ocrx_word' id='word_1_54' title='bbox 571 1346 715 1406; x_wconf 91' lang='lat' dir='ltr'><strong>substitui</strong></span> <span class='ocrx_word' id='word_1_55' title='bbox 742 1350 851 1422; x_wconf 90' lang='lat' dir='ltr'><strong>posset</strong></span> <span class='ocrx_word' id='word_1_56' title='bbox 872 1344 1047 1423; x_wconf 82' lang='lat' dir='ltr'><strong>singularis,</strong></span> <span class='ocrx_word' id='word_1_57' title='bbox 1074 1345 1163 1420; x_wconf 88' lang='lat' dir='ltr'><strong>isque</strong></span> <span class='ocrx_word' id='word_1_58' title='bbox 1186 1346 1267 1422; x_wconf 91' lang='lat' dir='ltr'><strong>apud</strong></span> <span class='ocrx_word' id='word_1_59' title='bbox 1286 1344 1466 1406; x_wconf 88' lang='lat' dir='ltr'><strong>Ciceronem</strong></span> <span class='ocrx_word' id='word_1_60' title='bbox 1485 1364 1583 1407; x_wconf 88' lang='lat' dir='ltr'><strong>sensu</strong></span> 
     </span>
     <span class='ocr_line' id='line_1_8' title="bbox 369 1450 1582 1530; baseline -0.002 -16"><span class='ocrx_word' id='word_1_61' title='bbox 369 1454 534 1514; x_wconf 89' lang='lat' dir='ltr'><strong>collectivo</strong></span> <span class='ocrx_word' id='word_1_62' title='bbox 557 1455 721 1530; x_wconf 82' lang='lat' dir='ltr'><strong>usurpetur</strong></span> <span class='ocrx_word' id='word_1_63' title='bbox 741 1451 862 1511; x_wconf 88' lang='lat' dir='ltr'><strong>Verrio.</strong></span> <span class='ocrx_word' id='word_1_64' title='bbox 885 1469 914 1510; x_wconf 95' lang='lat' dir='ltr'><strong>v.</strong></span> <span class='ocrx_word' id='word_1_65' title='bbox 936 1454 963 1510; x_wconf 76' lang='lat' dir='ltr'><strong>l.</strong></span> <span class='ocrx_word' id='word_1_66' title='bbox 999 1450 1057 1526; x_wconf 85' lang='lat' dir='ltr'><strong>,Et</strong></span> <span class='ocrx_word' id='word_1_67' title='bbox 1076 1456 1176 1511; x_wconf 91' lang='lat' dir='ltr'><strong>tamen</strong></span> <span class='ocrx_word' id='word_1_68' title='bbox 1199 1457 1327 1529; x_wconf 84' lang='lat' dir='ltr'><strong>coeptum</strong></span> <span class='ocrx_word' id='word_1_69' title='bbox 1349 1469 1422 1512; x_wconf 87' lang='lat' dir='ltr'><strong>esse</strong></span> <span class='ocrx_word' id='word_1_70' title='bbox 1445 1454 1476 1512; x_wconf 93' lang='lat' dir='ltr'><strong>in</strong></span> <span class='ocrx_word' id='word_1_71' title='bbox 1496 1453 1582 1513; x_wconf 90' lang='lat' dir='ltr'><strong>Sici-</strong></span> 
     </span>
     <span class='ocr_line' id='line_1_9' title="bbox 368 1552 1581 1635; baseline -0.001 -15"><span class='ocrx_word' id='word_1_72' title='bbox 368 1561 411 1620; x_wconf 89' lang='lat' dir='ltr'><strong>lia</strong></span> <span class='ocrx_word' id='word_1_73' title='bbox 428 1561 545 1620; x_wconf 90' lang='lat' dir='ltr'><strong>moveri</strong></span> <span class='ocrx_word' id='word_1_74' title='bbox 560 1561 679 1635; x_wconf 82' lang='lat' dir='ltr'><strong>aliquot</strong></span> <span class='ocrx_word' id='word_1_75' title='bbox 699 1559 778 1618; x_wconf 91' lang='lat' dir='ltr'><strong>locis</strong></span> <span class='ocrx_word' id='word_1_76' title='bbox 793 1559 952 1618; x_wconf 80' lang='lat' dir='ltr'><strong>servitium</strong></span> <span class='ocrx_word' id='word_1_77' title='bbox 970 1552 1137 1635; x_wconf 86' lang='lat' dir='ltr'><strong>suspicor.“</strong></span> <span class='ocrx_word' id='word_1_78' title='bbox 1162 1558 1201 1617; x_wconf 89' lang='lat' dir='ltr'><strong>ad</strong></span> <span class='ocrx_word' id='word_1_79' title='bbox 1216 1560 1276 1619; x_wconf 90' lang='lat' dir='ltr'><strong>boc</strong></span> <span class='ocrx_word' id='word_1_80' title='bbox 1292 1559 1375 1635; x_wconf 91' lang='lat' dir='ltr'><strong>quod</strong></span> <span class='ocrx_word' id='word_1_81' title='bbox 1390 1558 1459 1619; x_wconf 89' lang='lat' dir='ltr'><strong>eius</strong></span> <span class='ocrx_word' id='word_1_82' title='bbox 1476 1561 1581 1620; x_wconf 88' lang='lat' dir='ltr'><strong>auimo</strong></span> 
     </span>
     <span class='ocr_line' id='line_1_10' title="bbox 369 1663 1581 1744; baseline -0.003 -16"><span class='ocrx_word' id='word_1_83' title='bbox 369 1667 601 1744; x_wconf 80' lang='lat' dir='ltr'><strong>obversabatur,</strong></span> <span class='ocrx_word' id='word_1_84' title='bbox 623 1670 806 1726; x_wconf 87' lang='lat' dir='ltr'><strong>structuram</strong></span> <span class='ocrx_word' id='word_1_85' title='bbox 822 1665 1043 1724; x_wconf 88' lang='lat' dir='ltr'><strong>accomodasse</strong></span> <span class='ocrx_word' id='word_1_86' title='bbox 1058 1663 1232 1724; x_wconf 87' lang='lat' dir='ltr'><strong>Salustium.</strong></span> <span class='ocrx_word' id='word_1_87' title='bbox 1266 1663 1361 1732; x_wconf 79' lang='lat' dir='ltr'><strong>Quam</strong></span> <span class='ocrx_word' id='word_1_88' title='bbox 1376 1665 1500 1740; x_wconf 89' lang='lat' dir='ltr'><strong>quidem</strong></span> <span class='ocrx_word' id='word_1_89' title='bbox 1520 1682 1581 1724; x_wconf 83' lang='lat' dir='ltr'><strong>ex-</strong></span> 
     </span>
     <span class='ocr_line' id='line_1_11' title="bbox 369 1771 1582 1852; baseline -0.002 -19"><span class='ocrx_word' id='word_1_90' title='bbox 369 1775 565 1852; x_wconf 90' lang='lat' dir='ltr'><strong>plicationem</strong></span> <span class='ocrx_word' id='word_1_91' title='bbox 587 1771 744 1833; x_wconf 84' lang='lat' dir='ltr'><strong>confirmat</strong></span> <span class='ocrx_word' id='word_1_92' title='bbox 764 1772 852 1831; x_wconf 90' lang='lat' dir='ltr'><strong>locus</strong></span> <span class='ocrx_word' id='word_1_93' title='bbox 874 1771 965 1832; x_wconf 90' lang='lat' dir='ltr'><strong>Plinii</strong></span> <span class='ocrx_word' id='word_1_94' title='bbox 986 1772 1137 1848; x_wconf 84' lang='lat' dir='ltr'><strong>Panegyr.</strong></span> <span class='ocrx_word' id='word_1_95' title='bbox 1161 1789 1185 1832; x_wconf 94' lang='lat' dir='ltr'><strong>c.</strong></span> <span class='ocrx_word' id='word_1_96' title='bbox 1209 1776 1255 1830; x_wconf 87' lang='lat' dir='ltr'><strong>ll.</strong></span> <span class='ocrx_word' id='word_1_97' title='bbox 1285 1771 1376 1840; x_wconf 88' lang='lat' dir='ltr'><strong>„illos</strong></span> <span class='ocrx_word' id='word_1_98' title='bbox 1398 1774 1526 1831; x_wconf 85' lang='lat' dir='ltr'><strong>veteres</strong></span> <span class='ocrx_word' id='word_1_99' title='bbox 1547 1776 1582 1832; x_wconf 86' lang='lat' dir='ltr'><strong>et</strong></span> 
     </span>
     <span class='ocr_line' id='line_1_12' title="bbox 368 1877 1580 1956; baseline -0.003 -15"><span class='ocrx_word' id='word_1_100' title='bbox 368 1883 511 1956; x_wconf 91' lang='lat' dir='ltr'><strong>antiquos</strong></span> <span class='ocrx_word' id='word_1_101' title='bbox 533 1878 696 1952; x_wconf 72' lang='lat' dir='ltr'><strong>aemularis,</strong></span> <span class='ocrx_word' id='word_1_102' title='bbox 727 1878 779 1954; x_wconf 86' lang='lat' dir='ltr'><strong>qui</strong></span> <span class='ocrx_word' id='word_1_103' title='bbox 808 1878 868 1937; x_wconf 88' lang='lat' dir='ltr'><strong>boc</strong></span> <span class='ocrx_word' id='word_1_104' title='bbox 897 1879 994 1955; x_wconf 93' lang='lat' dir='ltr'><strong>ipsum</strong></span> <span class='ocrx_word' id='word_1_105' title='bbox 1015 1877 1174 1955; x_wconf 90' lang='lat' dir='ltr'><strong>imperium</strong></span> <span class='ocrx_word' id='word_1_106' title='bbox 1195 1894 1356 1956; x_wconf 85' lang='lat' dir='ltr'><strong>peperere,</strong></span> <span class='ocrx_word' id='word_1_107' title='bbox 1380 1878 1580 1953; x_wconf 88' lang='lat' dir='ltr'><strong>quodmodo</strong></span> 
     </span>
     <span class='ocr_line' id='line_1_13' title="bbox 369 1983 1580 2062; baseline -0.003 -14"><span class='ocrx_word' id='word_1_108' title='bbox 369 1989 478 2049; x_wconf 88' lang='lat' dir='ltr'><strong>hostes</strong></span> <span class='ocrx_word' id='word_1_109' title='bbox 499 1989 677 2048; x_wconf 89' lang='lat' dir='ltr'><strong>invaserant</strong></span> <span class='ocrx_word' id='word_1_110' title='bbox 691 1989 1007 2062; x_wconf 85' lang='lat' dir='ltr'><strong>contempserantque,</strong></span> <span class='ocrx_word' id='word_1_111' title='bbox 1030 1984 1115 2044; x_wconf 91' lang='lat' dir='ltr'><strong>cuius</strong></span> <span class='ocrx_word' id='word_1_112' title='bbox 1135 1984 1219 2061; x_wconf 93' lang='lat' dir='ltr'><strong>pulsi</strong></span> <span class='ocrx_word' id='word_1_113' title='bbox 1242 1983 1400 2061; x_wconf 79' lang='lat' dir='ltr'><strong>fugatique</strong></span> <span class='ocrx_word' id='word_1_114' title='bbox 1414 2002 1476 2044; x_wconf 95' lang='lat' dir='ltr'><strong>non</strong></span> <span class='ocrx_word' id='word_1_115' title='bbox 1491 1984 1580 2045; x_wconf 90' lang='lat' dir='ltr'><strong>aliud</strong></span> 
     </span>
     <span class='ocr_line' id='line_1_14' title="bbox 369 2084 1578 2174; baseline -0.005 -18"><span class='ocrx_word' id='word_1_116' title='bbox 369 2097 466 2174; x_wconf 87' lang='lat' dir='ltr'><strong>magis</strong></span> <span class='ocrx_word' id='word_1_117' title='bbox 488 2095 661 2154; x_wconf 86' lang='lat' dir='ltr'><strong>habebatur</strong></span> <span class='ocrx_word' id='word_1_118' title='bbox 681 2091 836 2166; x_wconf 91' lang='lat' dir='ltr'><strong>indicium,</strong></span> <span class='ocrx_word' id='word_1_119' title='bbox 858 2109 947 2167; x_wconf 90' lang='lat' dir='ltr'><strong>quam</strong></span> <span class='ocrx_word' id='word_1_120' title='bbox 969 2089 1052 2166; x_wconf 87' lang='lat' dir='ltr'><strong>quod</strong></span> <span class='ocrx_word' id='word_1_121' title='bbox 1074 2084 1341 2168; x_wconf 82' lang='lat' dir='ltr'><strong>triumpharetur.“</strong></span> <span class='ocrx_word' id='word_1_122' title='bbox 1385 2089 1495 2166; x_wconf 87' lang='lat' dir='ltr'><strong>Neque</strong></span> <span class='ocrx_word' id='word_1_123' title='bbox 1516 2092 1578 2150; x_wconf 84' lang='lat' dir='ltr'><strong>ab·</strong></span> 
     </span>
     <span class='ocr_line' id='line_1_15' title="bbox 369 2197 1576 2275; baseline -0.003 -13"><span class='ocrx_word' id='word_1_124' title='bbox 369 2203 477 2262; x_wconf 87' lang='lat' dir='ltr'><strong>horret</strong></span> <span class='ocrx_word' id='word_1_125' title='bbox 491 2201 654 2260; x_wconf 85' lang='lat' dir='ltr'><strong>Suetonius</strong></span> <span class='ocrx_word' id='word_1_126' title='bbox 678 2218 706 2258; x_wconf 93' lang='lat' dir='ltr'><strong>v.</strong></span> <span class='ocrx_word' id='word_1_127' title='bbox 722 2198 797 2258; x_wconf 77' lang='lat' dir='ltr'><strong>Cas.</strong></span> <span class='ocrx_word' id='word_1_128' title='bbox 813 2200 861 2256; x_wconf 76' lang='lat'><strong>22.</strong></span> <span class='ocrx_word' id='word_1_129' title='bbox 905 2197 1038 2272; x_wconf 88' lang='lat' dir='ltr'><strong>,Socero</strong></span> <span class='ocrx_word' id='word_1_130' title='bbox 1058 2197 1153 2275; x_wconf 83' lang='lat' dir='ltr'><strong>igitur</strong></span> <span class='ocrx_word' id='word_1_131' title='bbox 1173 2214 1350 2274; x_wconf 84' lang='lat' dir='ltr'><strong>generoque</strong></span> <span class='ocrx_word' id='word_1_132' title='bbox 1372 2198 1576 2273; x_wconf 76' lang='lat' dir='ltr'><strong>suffraganti-</strong></span> 
     </span>
     <span class='ocr_line' id='line_1_16' title="bbox 369 2302 1577 2384; baseline -0.003 -16"><span class='ocrx_word' id='word_1_133' title='bbox 369 2311 426 2369; x_wconf 87' lang='lat' dir='ltr'><strong>bus</strong></span> <span class='ocrx_word' id='word_1_134' title='bbox 448 2326 487 2367; x_wconf 86' lang='lat' dir='ltr'><strong>ex</strong></span> <span class='ocrx_word' id='word_1_135' title='bbox 510 2308 592 2366; x_wconf 93' lang='lat' dir='ltr'><strong>omni</strong></span> <span class='ocrx_word' id='word_1_136' title='bbox 612 2307 837 2384; x_wconf 88' lang='lat' dir='ltr'><strong>provinciarum</strong></span> <span class='ocrx_word' id='word_1_137' title='bbox 868 2305 959 2380; x_wconf 90' lang='lat' dir='ltr'><strong>copia</strong></span> <span class='ocrx_word' id='word_1_138' title='bbox 988 2302 1105 2362; x_wconf 85' lang='lat' dir='ltr'><strong>Gallias</strong></span> <span class='ocrx_word' id='word_1_139' title='bbox 1127 2304 1319 2380; x_wconf 88' lang='lat' dir='ltr'><strong>potissimum</strong></span> <span class='ocrx_word' id='word_1_140' title='bbox 1344 2303 1449 2378; x_wconf 83' lang='lat' dir='ltr'><strong>elegit,</strong></span> <span class='ocrx_word' id='word_1_141' title='bbox 1489 2305 1577 2364; x_wconf 85' lang='lat' dir='ltr'><strong>cuius</strong></span> 
     </span>
     <span class='ocr_line' id='line_1_17' title="bbox 368 2403 1581 2491; baseline -0.005 -15"><span class='ocrx_word' id='word_1_142' title='bbox 368 2415 572 2476; x_wconf 89' lang='lat' dir='ltr'><strong>emolumento</strong></span> <span class='ocrx_word' id='word_1_143' title='bbox 587 2416 619 2472; x_wconf 89' lang='lat' dir='ltr'><strong>et</strong></span> <span class='ocrx_word' id='word_1_144' title='bbox 639 2411 868 2491; x_wconf 83' lang='lat' dir='ltr'><strong>opportunitate</strong></span> <span class='ocrx_word' id='word_1_145' title='bbox 883 2409 994 2470; x_wconf 91' lang='lat' dir='ltr'><strong>idonea</strong></span> <span class='ocrx_word' id='word_1_146' title='bbox 1009 2411 1051 2470; x_wconf 88' lang='lat' dir='ltr'><strong>sit</strong></span> <span class='ocrx_word' id='word_1_147' title='bbox 1065 2410 1209 2470; x_wconf 89' lang='lat' dir='ltr'><strong>materies</strong></span> <span class='ocrx_word' id='word_1_148' title='bbox 1229 2403 1479 2486; x_wconf 84' lang='lat' dir='ltr'><strong>triumphorum.“</strong></span> <span class='ocrx_word' id='word_1_149' title='bbox 1504 2409 1581 2470; x_wconf 85' lang='lat' dir='ltr'><strong>Cum</strong></span> 
     </span>
    </p>
   </div>
   <div class='ocr_carea' id='block_1_3' title="bbox 369 2515 1691 2606">
    <p class='ocr_par' dir='ltr' id='par_1_3' title="bbox 369 2515 1691 2606">
     <span class='ocr_line' id='line_1_18' title="bbox 369 2515 1691 2606; baseline -0.005 -25"><span class='ocrx_word' id='word_1_150' title='bbox 369 2523 448 2582; x_wconf 86' lang='lat' dir='ltr'><strong>enim</strong></span> <span class='ocrx_word' id='word_1_151' title='bbox 477 2521 507 2580; x_wconf 90' lang='lat' dir='ltr'><strong>in</strong></span> <span class='ocrx_word' id='word_1_152' title='bbox 536 2521 691 2580; x_wconf 89' lang='lat' dir='ltr'><strong>cotidiano</strong></span> <span class='ocrx_word' id='word_1_153' title='bbox 717 2535 859 2578; x_wconf 88' lang='lat' dir='ltr'><strong>sermone</strong></span> <span class='ocrx_word' id='word_1_154' title='bbox 888 2517 1018 2594; x_wconf 89' lang='lat' dir='ltr'><strong>pluralis</strong></span> <span class='ocrx_word' id='word_1_155' title='bbox 1048 2521 1080 2575; x_wconf 90' lang='lat' dir='ltr'><strong>et</strong></span> <span class='ocrx_word' id='word_1_156' title='bbox 1107 2516 1274 2594; x_wconf 82' lang='lat' dir='ltr'><strong>singularis</strong></span> <span class='ocrx_word' id='word_1_157' title='bbox 1296 2515 1398 2574; x_wconf 76' lang='lat' dir='ltr'><strong>Gallim</strong></span> <span class='ocrx_word' id='word_1_158' title='bbox 1423 2521 1457 2575; x_wconf 88' lang='lat' dir='ltr'><strong>et</strong></span> <span class='ocrx_word' id='word_1_159' title='bbox 1478 2517 1576 2576; x_wconf 80' lang='lat' dir='ltr'><strong>Gallio</strong></span> <span class='ocrx_word' id='word_1_160' title='bbox 1688 2597 1691 2606; x_wconf 18' lang='lat'><strong><em>⁴</em></strong></span> 
     </span>
    </p>
   </div>
   <div class='ocr_carea' id='block_1_4' title="bbox 275 2622 1582 4740">
    <p class='ocr_par' dir='ltr' id='par_1_4' title="bbox 275 2622 1582 4740">
     <span class='ocr_line' id='line_1_19' title="bbox 369 2622 1578 2704; baseline -0.002 -18"><span class='ocrx_word' id='word_1_161' title='bbox 369 2627 539 2704; x_wconf 73' lang='lat' dir='ltr'><strong>sepissime</strong></span> <span class='ocrx_word' id='word_1_162' title='bbox 571 2626 839 2699; x_wconf 78' lang='lat' dir='ltr'><strong>contunderentur,</strong></span> <span class='ocrx_word' id='word_1_163' title='bbox 875 2626 1007 2684; x_wconf 88' lang='lat' dir='ltr'><strong>alterum</strong></span> <span class='ocrx_word' id='word_1_164' title='bbox 1038 2623 1139 2682; x_wconf 87' lang='lat' dir='ltr'><strong>altero</strong></span> <span class='ocrx_word' id='word_1_165' title='bbox 1173 2623 1264 2682; x_wconf 87' lang='lat' dir='ltr'><strong>lacile</strong></span> <span class='ocrx_word' id='word_1_166' title='bbox 1297 2622 1407 2680; x_wconf 87' lang='lat' dir='ltr'><strong>mutari</strong></span> <span class='ocrx_word' id='word_1_167' title='bbox 1444 2627 1578 2700; x_wconf 80' lang='lat' dir='ltr'><strong>poterat</strong></span> 
     </span>
     <span class='ocr_line' id='line_1_20' title="bbox 369 2727 1581 2810; baseline -0.002 -17"><span class='ocrx_word' id='word_1_168' title='bbox 369 2733 441 2802; x_wconf 82' lang='lat' dir='ltr'><strong>Quae</strong></span> <span class='ocrx_word' id='word_1_169' title='bbox 470 2735 591 2809; x_wconf 86' lang='lat' dir='ltr'><strong>quidem</strong></span> <span class='ocrx_word' id='word_1_170' title='bbox 620 2734 785 2810; x_wconf 78' lang='lat' dir='ltr'><strong>explicatio</strong></span> <span class='ocrx_word' id='word_1_171' title='bbox 808 2732 917 2807; x_wconf 86' lang='lat' dir='ltr'><strong>quibus</strong></span> <span class='ocrx_word' id='word_1_172' title='bbox 944 2731 1043 2791; x_wconf 90' lang='lat' dir='ltr'><strong>minus</strong></span> <span class='ocrx_word' id='word_1_173' title='bbox 1069 2729 1241 2806; x_wconf 91' lang='lat' dir='ltr'><strong>probabilis</strong></span> <span class='ocrx_word' id='word_1_174' title='bbox 1271 2745 1343 2788; x_wconf 88' lang='lat' dir='ltr'><strong>csse</strong></span> <span class='ocrx_word' id='word_1_175' title='bbox 1373 2727 1508 2805; x_wconf 89' lang='lat' dir='ltr'><strong>videtur,</strong></span> <span class='ocrx_word' id='word_1_176' title='bbox 1539 2731 1581 2790; x_wconf 89' lang='lat' dir='ltr'><strong>iis</strong></span> 
     </span>
     <span class='ocr_line' id='line_1_21' title="bbox 369 2835 1581 2914; baseline -0.002 -15"><span class='ocrx_word' id='word_1_177' title='bbox 369 2840 503 2900; x_wconf 79' lang='lat' dir='ltr'><strong>tortasse</strong></span> <span class='ocrx_word' id='word_1_178' title='bbox 540 2857 644 2900; x_wconf 89' lang='lat' dir='ltr'><strong>eorum</strong></span> <span class='ocrx_word' id='word_1_179' title='bbox 675 2840 851 2899; x_wconf 90' lang='lat' dir='ltr'><strong>coniectura</strong></span> <span class='ocrx_word' id='word_1_180' title='bbox 888 2837 1070 2914; x_wconf 77' lang='lat' dir='ltr'><strong>satisfaciat,</strong></span> <span class='ocrx_word' id='word_1_181' title='bbox 1109 2837 1160 2912; x_wconf 88' lang='lat' dir='ltr'><strong>qui</strong></span> <span class='ocrx_word' id='word_1_182' title='bbox 1193 2835 1361 2913; x_wconf 85' lang='lat' dir='ltr'><strong>genitivum</strong></span> <span class='ocrx_word' id='word_1_183' title='bbox 1387 2836 1581 2912; x_wconf 88' lang='lat' dir='ltr'><strong>pronominis</strong></span> 
     </span>
     <span class='ocr_line' id='line_1_22' title="bbox 368 2944 1581 3022; baseline -0.002 -17"><span class='ocrx_word' id='word_1_184' title='bbox 368 2947 492 3006; x_wconf 86' lang='lat' dir='ltr'><strong>relativi</strong></span> <span class='ocrx_word' id='word_1_185' title='bbox 515 2946 700 3006; x_wconf 87' lang='lat' dir='ltr'><strong>substantivi</strong></span> <span class='ocrx_word' id='word_1_186' title='bbox 724 2946 795 3006; x_wconf 86' lang='lat' dir='ltr'><strong>loco</strong></span> <span class='ocrx_word' id='word_1_187' title='bbox 826 2946 959 3022; x_wconf 88' lang='lat' dir='ltr'><strong>positum</strong></span> <span class='ocrx_word' id='word_1_188' title='bbox 988 2962 1060 3004; x_wconf 88' lang='lat' dir='ltr'><strong>esse</strong></span> <span class='ocrx_word' id='word_1_189' title='bbox 1087 2947 1234 3016; x_wconf 86' lang='lat' dir='ltr'><strong>statuunt,</strong></span> <span class='ocrx_word' id='word_1_190' title='bbox 1265 2947 1297 3002; x_wconf 91' lang='lat' dir='ltr'><strong>et</strong></span> <span class='ocrx_word' id='word_1_191' title='bbox 1323 2959 1390 3001; x_wconf 90' lang='lat' dir='ltr'><strong>cum</strong></span> <span class='ocrx_word' id='word_1_192' title='bbox 1412 2944 1581 3003; x_wconf 88' lang='lat' dir='ltr'><strong>nominati-</strong></span> 
     </span>
     <span class='ocr_line' id='line_1_23' title="bbox 368 3049 1577 3129; baseline -0.003 -17"><span class='ocrx_word' id='word_1_193' title='bbox 368 3071 433 3128; x_wconf 88' lang='lat' dir='ltr'><strong>vus,</strong></span> <span class='ocrx_word' id='word_1_194' title='bbox 456 3053 659 3127; x_wconf 86' lang='lat' dir='ltr'><strong>accusativus,</strong></span> <span class='ocrx_word' id='word_1_195' title='bbox 688 3051 841 3113; x_wconf 87' lang='lat' dir='ltr'><strong>ablativus</strong></span> <span class='ocrx_word' id='word_1_196' title='bbox 863 3051 1034 3129; x_wconf 74' lang='lat' dir='ltr'><strong>sepissime</strong></span> <span class='ocrx_word' id='word_1_197' title='bbox 1064 3050 1224 3110; x_wconf 86' lang='lat' dir='ltr'><strong>benevim</strong></span> <span class='ocrx_word' id='word_1_198' title='bbox 1249 3049 1415 3124; x_wconf 79' lang='lat' dir='ltr'><strong>obtineant,</strong></span> <span class='ocrx_word' id='word_1_199' title='bbox 1447 3050 1577 3110; x_wconf 88' lang='lat' dir='ltr'><strong>eandem</strong></span> 
     </span>
     <span class='ocr_line' id='line_1_24' title="bbox 369 3157 1581 3236; baseline -0.002 -17"><span class='ocrx_word' id='word_1_200' title='bbox 369 3161 460 3220; x_wconf 87' lang='lat' dir='ltr'><strong>etiam</strong></span> <span class='ocrx_word' id='word_1_201' title='bbox 481 3161 620 3236; x_wconf 77' lang='lat' dir='ltr'><strong>genitivo</strong></span> <span class='ocrx_word' id='word_1_202' title='bbox 641 3161 786 3220; x_wconf 91' lang='lat' dir='ltr'><strong>tribuunt.</strong></span> <span class='ocrx_word' id='word_1_203' title='bbox 829 3158 892 3218; x_wconf 91' lang='lat' dir='ltr'><strong>lam</strong></span> <span class='ocrx_word' id='word_1_204' title='bbox 913 3159 1055 3234; x_wconf 88' lang='lat' dir='ltr'><strong>quotiens</strong></span> <span class='ocrx_word' id='word_1_205' title='bbox 1077 3158 1138 3218; x_wconf 86' lang='lat' dir='ltr'><strong>alia</strong></span> <span class='ocrx_word' id='word_1_206' title='bbox 1159 3157 1354 3216; x_wconf 88' lang='lat' dir='ltr'><strong>substantiva</strong></span> <span class='ocrx_word' id='word_1_207' title='bbox 1372 3173 1398 3216; x_wconf 90' lang='lat' dir='ltr'><strong>e.</strong></span> <span class='ocrx_word' id='word_1_208' title='bbox 1418 3174 1465 3234; x_wconf 83' lang='lat' dir='ltr'><strong>gr.</strong></span> <span class='ocrx_word' id='word_1_209' title='bbox 1483 3158 1581 3232; x_wconf 79' lang='lat' dir='ltr'><strong>retur,</strong></span> 
     </span>
     <span class='ocr_line' id='line_1_25' title="bbox 368 3263 1580 3344; baseline -0.002 -19"><span class='ocrx_word' id='word_1_210' title='bbox 368 3266 556 3342; x_wconf 75' lang='lat' dir='ltr'><strong>temonibus,</strong></span> <span class='ocrx_word' id='word_1_211' title='bbox 577 3266 703 3344; x_wconf 79' lang='lat' dir='ltr'><strong>querelis</strong></span> <span class='ocrx_word' id='word_1_212' title='bbox 718 3271 777 3327; x_wconf 88' lang='lat' dir='ltr'><strong>etc.</strong></span> <span class='ocrx_word' id='word_1_213' title='bbox 798 3270 937 3324; x_wconf 87' lang='lat' dir='ltr'><strong>neutrum</strong></span> <span class='ocrx_word' id='word_1_214' title='bbox 951 3265 1072 3342; x_wconf 90' lang='lat' dir='ltr'><strong>plurale</strong></span> <span class='ocrx_word' id='word_1_215' title='bbox 1087 3264 1276 3342; x_wconf 89' lang='lat' dir='ltr'><strong>pronominis</strong></span> <span class='ocrx_word' id='word_1_216' title='bbox 1292 3263 1418 3322; x_wconf 90' lang='lat' dir='ltr'><strong>relativi</strong></span> <span class='ocrx_word' id='word_1_217' title='bbox 1434 3265 1580 3340; x_wconf 81' lang='lat' dir='ltr'><strong>excipiat,</strong></span> 
     </span>
     <span class='ocr_line' id='line_1_26' title="bbox 369 3369 1581 3449; baseline -0.004 -15"><span class='ocrx_word' id='word_1_218' title='bbox 369 3375 446 3434; x_wconf 91' lang='lat' dir='ltr'><strong>satis</strong></span> <span class='ocrx_word' id='word_1_219' title='bbox 468 3379 596 3433; x_wconf 89' lang='lat' dir='ltr'><strong>constat.</strong></span> <span class='ocrx_word' id='word_1_220' title='bbox 632 3371 694 3432; x_wconf 90' lang='lat' dir='ltr'><strong>Sed</strong></span> <span class='ocrx_word' id='word_1_221' title='bbox 716 3373 808 3433; x_wconf 90' lang='lat' dir='ltr'><strong>etiam</strong></span> <span class='ocrx_word' id='word_1_222' title='bbox 824 3375 962 3432; x_wconf 87' lang='lat' dir='ltr'><strong>neutrum</strong></span> <span class='ocrx_word' id='word_1_223' title='bbox 977 3371 1135 3449; x_wconf 80' lang='lat' dir='ltr'><strong>singulare</strong></span> <span class='ocrx_word' id='word_1_224' title='bbox 1151 3371 1264 3430; x_wconf 86' lang='lat' dir='ltr'><strong>totiens</strong></span> <span class='ocrx_word' id='word_1_225' title='bbox 1277 3369 1464 3429; x_wconf 88' lang='lat' dir='ltr'><strong>substantivi</strong></span> <span class='ocrx_word' id='word_1_226' title='bbox 1480 3370 1581 3429; x_wconf 88' lang='lat' dir='ltr'><strong>vicem</strong></span> 
     </span>
     <span class='ocr_line' id='line_1_27' title="bbox 367 3475 1580 3559; baseline -0.003 -19"><span class='ocrx_word' id='word_1_227' title='bbox 367 3481 456 3559; x_wconf 83' lang='lat' dir='ltr'><strong>gerit,</strong></span> <span class='ocrx_word' id='word_1_228' title='bbox 479 3484 512 3540; x_wconf 88' lang='lat' dir='ltr'><strong>ut</strong></span> <span class='ocrx_word' id='word_1_229' title='bbox 523 3481 690 3559; x_wconf 82' lang='lat' dir='ltr'><strong>genitivum</strong></span> <span class='ocrx_word' id='word_1_230' title='bbox 710 3481 881 3556; x_wconf 75' lang='lat' dir='ltr'><strong>saepissime</strong></span> <span class='ocrx_word' id='word_1_231' title='bbox 895 3482 994 3556; x_wconf 82' lang='lat' dir='ltr'><strong>regat:</strong></span> <span class='ocrx_word' id='word_1_232' title='bbox 1015 3495 1043 3537; x_wconf 89' lang='lat' dir='ltr'><strong>e.</strong></span> <span class='ocrx_word' id='word_1_233' title='bbox 1063 3496 1107 3555; x_wconf 86' lang='lat' dir='ltr'><strong>gr.</strong></span> <span class='ocrx_word' id='word_1_234' title='bbox 1139 3476 1239 3553; x_wconf 86' lang='lat' dir='ltr'><strong>,quod</strong></span> <span class='ocrx_word' id='word_1_235' title='bbox 1253 3475 1370 3535; x_wconf 75' lang='lat' dir='ltr'><strong>alarum</strong></span> <span class='ocrx_word' id='word_1_236' title='bbox 1385 3475 1580 3536; x_wconf 86' lang='lat' dir='ltr'><strong>cohortium·</strong></span> 
     </span>
     <span class='ocr_line' id='line_1_28' title="bbox 370 3579 1581 3664; baseline -0.006 -16"><span class='ocrx_word' id='word_1_237' title='bbox 370 3605 436 3664; x_wconf 88' lang='lat' dir='ltr'><strong>que,</strong></span> <span class='ocrx_word' id='word_1_238' title='bbox 460 3585 542 3661; x_wconf 86' lang='lat' dir='ltr'><strong>quod</strong></span> <span class='ocrx_word' id='word_1_239' title='bbox 555 3587 680 3646; x_wconf 89' lang='lat' dir='ltr'><strong>roboris</strong></span> <span class='ocrx_word' id='word_1_240' title='bbox 698 3579 757 3646; x_wconf 83' lang='lat' dir='ltr'><strong>sit“</strong></span> <span class='ocrx_word' id='word_1_241' title='bbox 781 3589 813 3645; x_wconf 91' lang='lat' dir='ltr'><strong>et</strong></span> <span class='ocrx_word' id='word_1_242' title='bbox 833 3586 895 3645; x_wconf 89' lang='lat' dir='ltr'><strong>alia</strong></span> <span class='ocrx_word' id='word_1_243' title='bbox 917 3587 1010 3646; x_wconf 89' lang='lat' dir='ltr'><strong>multa</strong></span> <span class='ocrx_word' id='word_1_244' title='bbox 1025 3585 1106 3663; x_wconf 88' lang='lat' dir='ltr'><strong>apud</strong></span> <span class='ocrx_word' id='word_1_245' title='bbox 1127 3585 1271 3645; x_wconf 86' lang='lat' dir='ltr'><strong>Tacitum.</strong></span> <span class='ocrx_word' id='word_1_246' title='bbox 1293 3601 1383 3643; x_wconf 89' lang='lat' dir='ltr'><strong>nuum</strong></span> <span class='ocrx_word' id='word_1_247' title='bbox 1405 3583 1581 3660; x_wconf 80' lang='lat' dir='ltr'><strong>exemplum</strong></span> 
     </span>
     <span class='ocr_line' id='line_1_29' title="bbox 369 3687 1581 3769; baseline -0.004 -16"><span class='ocrx_word' id='word_1_248' title='bbox 369 3693 538 3754; x_wconf 89' lang='lat' dir='ltr'><strong>accusativi</strong></span> <span class='ocrx_word' id='word_1_249' title='bbox 558 3691 674 3752; x_wconf 84' lang='lat' dir='ltr'><strong>addere</strong></span> <span class='ocrx_word' id='word_1_250' title='bbox 695 3692 807 3769; x_wconf 90' lang='lat' dir='ltr'><strong>placet.</strong></span> <span class='ocrx_word' id='word_1_251' title='bbox 840 3692 897 3754; x_wconf 79' lang='lat' dir='ltr'><strong>olr.</strong></span> <span class='ocrx_word' id='word_1_252' title='bbox 926 3693 1004 3753; x_wconf 89' lang='lat' dir='ltr'><strong>Plio.</strong></span> <span class='ocrx_word' id='word_1_253' title='bbox 1026 3692 1063 3751; x_wconf 91' lang='lat' dir='ltr'><strong>N.</strong></span> <span class='ocrx_word' id='word_1_254' title='bbox 1083 3690 1118 3750; x_wconf 87' lang='lat' dir='ltr'><strong>H.</strong></span> <span class='ocrx_word' id='word_1_255' title='bbox 1140 3711 1180 3750; x_wconf 85' lang='lat' dir='ltr'><strong>xr.</strong></span> <span class='ocrx_word' id='word_1_256' title='bbox 1202 3709 1226 3750; x_wconf 78' lang='lat' dir='ltr'><strong>a.</strong></span> <span class='ocrx_word' id='word_1_257' title='bbox 1249 3693 1296 3750; x_wconf 71' lang='lat'><strong>77.</strong></span> <span class='ocrx_word' id='word_1_258' title='bbox 1340 3687 1437 3764; x_wconf 82' lang='lat' dir='ltr'><strong>,Exta</strong></span> <span class='ocrx_word' id='word_1_259' title='bbox 1464 3689 1581 3749; x_wconf 91' lang='lat' dir='ltr'><strong>bomini</strong></span> 
     </span>
     <span class='ocr_line' id='line_1_30' title="bbox 369 3797 1581 3876; baseline -0.004 -17"><span class='ocrx_word' id='word_1_260' title='bbox 369 3801 408 3860; x_wconf 89' lang='lat' dir='ltr'><strong>ab</strong></span> <span class='ocrx_word' id='word_1_261' title='bbox 434 3797 582 3859; x_wconf 83' lang='lat' dir='ltr'><strong>interiore</strong></span> <span class='ocrx_word' id='word_1_262' title='bbox 611 3799 763 3858; x_wconf 89' lang='lat' dir='ltr'><strong>viscerum</strong></span> <span class='ocrx_word' id='word_1_263' title='bbox 791 3803 880 3875; x_wconf 88' lang='lat' dir='ltr'><strong>parte</strong></span> <span class='ocrx_word' id='word_1_264' title='bbox 916 3802 1100 3876; x_wconf 87' lang='lat' dir='ltr'><strong>separantur</strong></span> <span class='ocrx_word' id='word_1_265' title='bbox 1126 3797 1312 3872; x_wconf 86' lang='lat' dir='ltr'><strong>membrana,</strong></span> <span class='ocrx_word' id='word_1_266' title='bbox 1345 3813 1412 3871; x_wconf 82' lang='lat' dir='ltr'><strong>quae</strong></span> <span class='ocrx_word' id='word_1_267' title='bbox 1439 3813 1581 3872; x_wconf 76' lang='lat' dir='ltr'><strong>praecor·</strong></span> 
     </span>
     <span class='ocr_line' id='line_1_31' title="bbox 275 3901 1582 3988; baseline -0.004 -22"><span class='ocrx_word' id='word_1_268' title='bbox 275 3981 281 3988; x_wconf 26' lang='grc' dir='ltr'>ι</span> <span class='ocrx_word' id='word_1_269' title='bbox 369 3907 419 3966; x_wconf 91' lang='lat' dir='ltr'><strong>dia</strong></span> <span class='ocrx_word' id='word_1_270' title='bbox 444 3904 609 3982; x_wconf 89' lang='lat' dir='ltr'><strong>appellant,</strong></span> <span class='ocrx_word' id='word_1_271' title='bbox 636 3904 708 3980; x_wconf 88' lang='lat' dir='ltr'><strong>quia</strong></span> <span class='ocrx_word' id='word_1_272' title='bbox 737 3905 825 3964; x_wconf 91' lang='lat' dir='ltr'><strong>cordi</strong></span> <span class='ocrx_word' id='word_1_273' title='bbox 856 3906 1064 3981; x_wconf 75' lang='lat' dir='ltr'><strong>praetenditur,</strong></span> <span class='ocrx_word' id='word_1_274' title='bbox 1103 3903 1187 3981; x_wconf 87' lang='lat' dir='ltr'><strong>quod</strong></span> <span class='ocrx_word' id='word_1_275' title='bbox 1218 3902 1318 3962; x_wconf 75' lang='lat' dir='ltr'><strong>Graeci</strong></span> <span class='ocrx_word' id='word_1_276' title='bbox 1341 3901 1582 3978; x_wconf 86' lang='lat' dir='ltr'><strong>appellaverunt</strong></span> 
     </span>
     <span class='ocr_line' id='line_1_32' title="bbox 369 4005 1579 4100; baseline -0.007 -25"><span class='ocrx_word' id='word_1_277' title='bbox 369 4005 510 4100; x_wconf 46' lang='lat' dir='ltr'><strong>potato?</strong></span> <span class='ocrx_word' id='word_1_278' title='bbox 528 4011 580 4071; x_wconf 89' lang='lat' dir='ltr'><strong>ubi</strong></span> <span class='ocrx_word' id='word_1_279' title='bbox 594 4015 626 4070; x_wconf 90' lang='lat' dir='ltr'><strong>et</strong></span> <span class='ocrx_word' id='word_1_280' title='bbox 638 4012 761 4088; x_wconf 80' lang='lat' dir='ltr'><strong>generis</strong></span> <span class='ocrx_word' id='word_1_281' title='bbox 776 4014 808 4071; x_wconf 91' lang='lat' dir='ltr'><strong>et</strong></span> <span class='ocrx_word' id='word_1_282' title='bbox 823 4013 940 4072; x_wconf 89' lang='lat' dir='ltr'><strong>numeri</strong></span> <span class='ocrx_word' id='word_1_283' title='bbox 955 4013 1081 4071; x_wconf 88' lang='lat' dir='ltr'><strong>mutatio</strong></span> <span class='ocrx_word' id='word_1_284' title='bbox 1097 4016 1153 4071; x_wconf 89' lang='lat' dir='ltr'><strong>est.</strong></span> <span class='ocrx_word' id='word_1_285' title='bbox 1169 4011 1208 4070; x_wconf 90' lang='lat' dir='ltr'><strong>de</strong></span> <span class='ocrx_word' id='word_1_286' title='bbox 1224 4007 1449 4069; x_wconf 77' lang='lat' dir='ltr'><strong>Ablativobiv.</strong></span> <span class='ocrx_word' id='word_1_287' title='bbox 1461 4026 1579 4068; x_wconf 78' lang='lat' dir='ltr'><strong>mum</strong></span> 
     </span>
     <span class='ocr_line' id='line_1_33' title="bbox 369 4115 1580 4197; baseline -0.005 -18"><span class='ocrx_word' id='word_1_288' title='bbox 369 4123 417 4180; x_wconf 71' lang='grc'><strong>24.</strong></span> <span class='ocrx_word' id='word_1_289' title='bbox 448 4119 599 4195; x_wconf 69' lang='lat' dir='ltr'><strong>,barbari</strong></span> <span class='ocrx_word' id='word_1_290' title='bbox 640 4135 699 4194; x_wconf 88' lang='lat' dir='ltr'><strong>quo</strong></span> <span class='ocrx_word' id='word_1_291' title='bbox 731 4120 874 4197; x_wconf 82' lang='lat' dir='ltr'><strong>gaudent,</strong></span> <span class='ocrx_word' id='word_1_292' title='bbox 910 4137 1002 4195; x_wconf 86' lang='lat' dir='ltr'><strong>reges</strong></span> <span class='ocrx_word' id='word_1_293' title='bbox 1043 4115 1207 4179; x_wconf 88' lang='lat' dir='ltr'><strong>babeant.“</strong></span> <span class='ocrx_word' id='word_1_294' title='bbox 1271 4116 1356 4176; x_wconf 90' lang='lat' dir='ltr'><strong>ldem</strong></span> <span class='ocrx_word' id='word_1_295' title='bbox 1388 4116 1580 4192; x_wconf 88' lang='lat' dir='ltr'><strong>pronominis</strong></span> 
     </span>
     <span class='ocr_line' id='line_1_34' title="bbox 368 4222 1580 4300; baseline -0.007 -13"><span class='ocrx_word' id='word_1_296' title='bbox 368 4231 431 4287; x_wconf 79' lang='lat' dir='ltr'><strong>eico</strong></span> <span class='ocrx_word' id='word_1_297' title='bbox 456 4244 529 4286; x_wconf 89' lang='lat' dir='ltr'><strong>usus</strong></span> <span class='ocrx_word' id='word_1_298' title='bbox 555 4224 586 4283; x_wconf 92' lang='lat' dir='ltr'><strong>in</strong></span> <span class='ocrx_word' id='word_1_299' title='bbox 613 4224 773 4283; x_wconf 88' lang='lat' dir='ltr'><strong>notissima</strong></span> <span class='ocrx_word' id='word_1_300' title='bbox 802 4223 933 4284; x_wconf 82' lang='lat' dir='ltr'><strong>formula</strong></span> <span class='ocrx_word' id='word_1_301' title='bbox 961 4225 1016 4284; x_wconf 80' lang='lat' dir='ltr'><strong>cir.</strong></span> <span class='ocrx_word' id='word_1_302' title='bbox 1040 4223 1106 4284; x_wconf 88' lang='lat' dir='ltr'><strong>Liv.</strong></span> <span class='ocrx_word' id='word_1_303' title='bbox 1138 4242 1207 4283; x_wconf 71' lang='grc' dir='ltr'><strong>ηπ</strong></span> <span class='ocrx_word' id='word_1_304' title='bbox 1229 4225 1257 4282; x_wconf 85' lang='lat'><strong>8.</strong></span> <span class='ocrx_word' id='word_1_305' title='bbox 1280 4225 1307 4284; x_wconf 78' lang='lat'><strong>7.</strong></span> <span class='ocrx_word' id='word_1_306' title='bbox 1328 4222 1455 4300; x_wconf 88' lang='lat' dir='ltr'><strong>placere</strong></span> <span class='ocrx_word' id='word_1_307' title='bbox 1483 4238 1580 4280; x_wconf 90' lang='lat' dir='ltr'><strong>sena-</strong></span> 
     </span>
     <span class='ocr_line' id='line_1_35' title="bbox 369 4331 1579 4412; baseline -0.004 -19"><span class='ocrx_word' id='word_1_308' title='bbox 369 4335 413 4393; x_wconf 88' lang='lat' dir='ltr'><strong>tui</strong></span> <span class='ocrx_word' id='word_1_309' title='bbox 434 4333 472 4392; x_wconf 87' lang='lat' dir='ltr'><strong>M.</strong></span> <span class='ocrx_word' id='word_1_310' title='bbox 495 4335 657 4412; x_wconf 90' lang='lat' dir='ltr'><strong>Popillium</strong></span> <span class='ocrx_word' id='word_1_311' title='bbox 684 4334 814 4412; x_wconf 78' lang='lat' dir='ltr'><strong>Ligures</strong></span> <span class='ocrx_word' id='word_1_312' title='bbox 840 4335 1007 4395; x_wconf 88' lang='lat' dir='ltr'><strong>restituere</strong></span> <span class='ocrx_word' id='word_1_313' title='bbox 1034 4334 1064 4394; x_wconf 91' lang='lat' dir='ltr'><strong>in</strong></span> <span class='ocrx_word' id='word_1_314' title='bbox 1095 4334 1271 4394; x_wconf 87' lang='lat' dir='ltr'><strong>libertatem</strong></span> <span class='ocrx_word' id='word_1_315' title='bbox 1298 4333 1443 4407; x_wconf 83' lang='lat' dir='ltr'><strong>bonaque</strong></span> <span class='ocrx_word' id='word_1_316' title='bbox 1470 4335 1505 4390; x_wconf 87' lang='lat' dir='ltr'><strong>ut</strong></span> <span class='ocrx_word' id='word_1_317' title='bbox 1529 4331 1579 4404; x_wconf 91' lang='lat' dir='ltr'><strong>iis,</strong></span> 
     </span>
     <span class='ocr_line' id='line_1_36' title="bbox 370 4435 1579 4518; baseline -0.002 -20"><span class='ocrx_word' id='word_1_318' title='bbox 370 4440 514 4514; x_wconf 90' lang='lat' dir='ltr'><strong>quicquid</strong></span> <span class='ocrx_word' id='word_1_319' title='bbox 536 4441 601 4499; x_wconf 83' lang='lat' dir='ltr'><strong>eius</strong></span> <span class='ocrx_word' id='word_1_320' title='bbox 621 4441 799 4516; x_wconf 88' lang='lat' dir='ltr'><strong>recuperari</strong></span> <span class='ocrx_word' id='word_1_321' title='bbox 821 4441 929 4518; x_wconf 91' lang='lat' dir='ltr'><strong>possit,</strong></span> <span class='ocrx_word' id='word_1_322' title='bbox 951 4441 1120 4502; x_wconf 89' lang='lat' dir='ltr'><strong>reddantur</strong></span> <span class='ocrx_word' id='word_1_323' title='bbox 1134 4457 1254 4499; x_wconf 85' lang='lat' dir='ltr'><strong>curere.</strong></span> <span class='ocrx_word' id='word_1_324' title='bbox 1290 4435 1339 4497; x_wconf 82' lang='lat' dir='ltr'><strong>Ex</strong></span> <span class='ocrx_word' id='word_1_325' title='bbox 1354 4435 1471 4496; x_wconf 74' lang='lat' dir='ltr'><strong>Graecis</strong></span> <span class='ocrx_word' id='word_1_326' title='bbox 1490 4441 1579 4496; x_wconf 88' lang='lat' dir='ltr'><strong>recte</strong></span> 
     </span>
     <span class='ocr_line' id='line_1_37' title="bbox 369 4531 1576 4626; baseline 0.001 -22"><span class='ocrx_word' id='word_1_327' title='bbox 369 4545 529 4605; x_wconf 86' lang='lat' dir='ltr'><strong>laudantur</strong></span> <span class='ocrx_word' id='word_1_328' title='bbox 549 4545 747 4624; x_wconf 86' lang='lat' dir='ltr'><strong>Thucydides</strong></span> <span class='ocrx_word' id='word_1_329' title='bbox 769 4567 786 4606; x_wconf 88' lang='lat'><strong>1.</strong></span> <span class='ocrx_word' id='word_1_330' title='bbox 809 4549 858 4607; x_wconf 86' lang='lat'><strong>80.</strong></span> <span class='ocrx_word' id='word_1_331' title='bbox 891 4542 956 4608; x_wconf 84' lang='grc' dir='ltr'><strong>Καὶ</strong></span> <span class='ocrx_word' id='word_1_332' title='bbox 983 4543 1045 4610; x_wconf 83' lang='grc' dir='ltr'><strong><em>τίνι</em></strong></span> <span class='ocrx_word' id='word_1_333' title='bbox 1067 4533 1299 4619; x_wconf 72' lang='grc' dir='ltr'><strong><em>πιστεύσαντας</em></strong></span> <span class='ocrx_word' id='word_1_334' title='bbox 1323 4531 1576 4626; x_wconf 72' lang='grc' dir='ltr'><strong>ἀπαρασκεύους</strong></span> 
     </span>
     <span class='ocr_line' id='line_1_38' title="bbox 368 4637 1578 4740; baseline 0 -28"><span class='ocrx_word' id='word_1_335' title='bbox 368 4645 573 4737; x_wconf 65' lang='grc' dir='ltr'><strong><em>ἐπειχθῆναπ</em></strong></span> <span class='ocrx_word' id='word_1_336' title='bbox 596 4686 635 4697; x_wconf 86' lang='grc'><strong>·-</strong></span> <span class='ocrx_word' id='word_1_337' title='bbox 656 4639 736 4716; x_wconf 70' lang='grc' dir='ltr'><strong>ἀλλα</strong></span> <span class='ocrx_word' id='word_1_338' title='bbox 754 4656 824 4726; x_wconf 78' lang='grc' dir='ltr'><strong><em>τοῖς</em></strong></span> <span class='ocrx_word' id='word_1_339' title='bbox 837 4641 1013 4740; x_wconf 76' lang='grc' dir='ltr'><strong><em>χρήμασιν,·</em></strong></span> <span class='ocrx_word' id='word_1_340' title='bbox 1035 4643 1127 4730; x_wconf 71' lang='grc' dir='ltr'><strong><em>ἄλλα,</em></strong></span> <span class='ocrx_word' id='word_1_341' title='bbox 1141 4649 1254 4734; x_wconf 68' lang='grc' dir='ltr'><strong><em>πολλῷ</em></strong></span> <span class='ocrx_word' id='word_1_342' title='bbox 1277 4643 1324 4714; x_wconf 71' lang='grc' dir='ltr'><strong>ἔτι</strong></span> <span class='ocrx_word' id='word_1_343' title='bbox 1340 4645 1439 4712; x_wconf 79' lang='grc' dir='ltr'><strong><em>πλέον</em></strong></span> <span class='ocrx_word' id='word_1_344' title='bbox 1459 4637 1578 4712; x_wconf 72' lang='grc' dir='ltr'><strong>τούτου</strong></span> 
     </span>
    </p>
   </div>
   <div class='ocr_carea' id='block_1_5' title="bbox 0 0 1792 5602">
    <p class='ocr_par' dir='ltr' id='par_1_5' title="bbox 0 0 1792 5602">
     <span class='ocr_line' id='line_1_39' title="bbox 0 0 1792 5602; baseline 0 0"><span class='ocrx_word' id='word_1_345' title='bbox 0 0 1792 5602; x_wconf 95' lang='lat' dir='ltr'><strong> </strong></span> 
     </span>
    </p>
   </div>
  </div>
 </body>
</html>
