3576 5602
362 619 436 688 tot

445 834 469 874 r.
492 818 539 876 25.
560 817 618 876 Sed
637 820 667 874 in
687 821 714 876 ie
735 823 801 878 erut
819 817 888 877 Bas.
911 837 930 875 r.
953 818 970 876 h
993 834 1085 893 super
1106 817 1227 876 lineam.

445 939 470 981 c.
492 924 540 982 26.
555 923 586 982 lt.
601 922 632 981 P.
647 923 807 982 decertaret.
829 930 981 982 nccoatro
1001 925 1033 982 ti.
1058 923 1088 981 Ρ.
1108 924 1137 982 in
1159 940 1267 982 moure
1289 923 1443 1000 scriptum.
1464 924 1537 984 Bas.
1556 943 1580 983 ι

445 1045 520 1106 praua
532 1027 645 1088 consoli
656 1031 686 1086 ia
699 1045 799 1103 compo
810 1029 908 1088 Paris.
920 1047 956 1088 m.
968 1045 1014 1105 pr.
1028 1029 1095 1088 Tur.
1109 1027 1196 1088 Leid.
1211 1028 1282 1088 Sed.
1291 1028 1362 1090 Bas.
1377 1049 1397 1088 ι
1410 1030 1505 1090 verbe
1515 1035 1535 1088 i.
1549 1049 1579 1090 c.

366 1136 477 1212 omisit,
494 1141 525 1196 et
539 1139 624 1196 recte
636 1137 769 1211 quidem3
791 1136 938 1214 glossam
949 1154 1049 1212 cumpo
1061 1137 1099 1196 ab
1112 1138 1150 1196 iis
1162 1137 1328 1214 adscripta,
1343 1137 1395 1213 qui
1408 1139 1455 1196 rei
1466 1137 1578 1215 expli-

367 1243 471 1302 candae
499 1259 593 1302 causa
621 1242 676 1301 tali
703 1242 912 1302 additamento
934 1259 1011 1319 opus
1033 1259 1104 1302 esse
1125 1245 1304 1302 statuerunt
1331 1261 1476 1319 prospere
1496 1259 1579 1302 con-

366 1348 612 1409 ceascreBas.1.
634 1352 741 1409 contra
762 1367 849 1409 usum
877 1349 1032 1424 loquendi,
1061 1366 1121 1424 quo
1147 1353 1262 1409 tantum
1290 1351 1418 1410 verbum
1439 1352 1579 1428 simplex

367 1473 432 1516 cum
450 1473 594 1532 prospere
614 1459 746 1518 iunctum
766 1457 912 1518 firmatur.
934 1475 959 1516 c.
982 1461 1029 1518 27.
1052 1458 1159 1518 teocam
1179 1457 1250 1518 Bas.
1271 1478 1291 1518 ι.
1314 1477 1340 1518 c
1359 1461 1408 1518 28.
1430 1458 1576 1517 ntem-

366 1563 442 1623 lonis
470 1594 506 1604 —
537 1565 632 1622 etita
660 1579 782 1641 semper
806 1563 876 1623 Bas.
902 1583 921 1622 1.
949 1567 1159 1624 commereatur
1182 1564 1263 1624 idem
1290 1564 1357 1624 iere
1384 1568 1575 1640 constanter,

367 1687 434 1745 quae
456 1670 578 1746 quidem
599 1670 772 1730 litterarum
794 1689 811 1730 c
832 1676 863 1732 ct
883 1678 894 1729 t
914 1671 945 1730 in
960 1671 1090 1730 condicio
1104 1672 1237 1746 cmrdttio,
1259 1672 1335 1732 dieto
1350 1677 1383 1732 et
1395 1673 1474 1744 ditio,
1494 1689 1573 1730 nus-

367 1779 413 1836 cio
434 1778 466 1836 et
485 1780 585 1836 nordio
606 1781 638 1836 et
659 1777 797 1854 inprimis
819 1777 849 1834 in
864 1776 1036 1846 adiectionis,
1059 1793 1127 1851 quea
1142 1777 1171 1834 in
1185 1779 1248 1836 ciue
1263 1776 1417 1852 desinunt,
1440 1779 1574 1837 maxiem

368 1883 398 1942 in
413 1884 566 1960 scriptura
579 1882 827 1960 Langobardica,
850 1900 918 1958 quae
933 1883 1053 1956 dicitur,
1069 1882 1169 1942 locum
1195 1883 1297 1959 habet,
1319 1885 1371 1943 uhi
1392 1901 1498 1944 aarum
1519 1886 1575 1944 lit-

368 1992 501 2050 teramm
523 1991 630 2050 torma
651 1990 732 2050 inter
752 2007 787 2050 se
809 1994 880 2050 sunt
901 1991 1073 2050 simillime.

450 2113 474 2156 o.
497 2097 545 2156 29.
566 2096 639 2156 cotti
664 2113 765 2156 eoram
789 2113 887 2155 rerum
912 2096 1025 2156 consult
1046 2099 1092 2156 ior
1115 2103 1159 2156 cst
1177 2097 1248 2156 Bas.
1269 2115 1288 2155 r.
1309 2095 1395 2156 Leid.
1416 2096 1516 2156 Paris.
1538 2115 1577 2156 m.

369 2220 431 2264 sec.
461 2203 528 2263 Tur.
559 2221 597 2263 ex
629 2205 838 2280 correctione,
874 2205 961 2264 multi
993 2205 1047 2264 alii
1076 2205 1157 2264 libri.
1187 2205 1296 2266 nullior
1327 2205 1454 2280 reliqui.
1487 2221 1578 2279 quem

370 2311 615 2370 terminationem
650 2308 755 2380 (nulli)
785 2311 837 2385 qui
876 2327 934 2388 pro
967 2311 1073 2371 dativo
1102 2311 1225 2385 hahent,
1259 2325 1359 2386 neque
1391 2310 1579 2370 Salustianm

371 2420 522 2480 orationis
552 2420 615 2478 vim
642 2418 844 2494 intellexisse,
875 2437 975 2496 neque
1005 2421 1160 2498 cogitasse
1188 2421 1341 2495 videntur,
1370 2418 1451 2478 unde
1477 2418 1581 2476 altera

369 2526 464 2586 lectio
490 2527 599 2586 nullius
629 2527 776 2604 originem
806 2527 946 2586 traxerit.
987 2526 1050 2586 Sed
1071 2526 1207 2588 Salustio
1235 2543 1294 2586 noo
1322 2526 1383 2585 hoe
1411 2525 1517 2584 dicere
1548 2525 1580 2583 in

370 2634 471 2693 animo
497 2637 573 2708 erat,
603 2635 718 2695 nullum
750 2637 906 2696 consulem
940 2652 1046 2696 earum
1074 2653 1177 2696 rerum
1209 2637 1258 2695 ios
1289 2636 1417 2708 habere,
1448 2633 1506 2693 sed
1541 2649 1582 2692 ne

370 2741 525 2801 minimam
546 2741 669 2817 quidem
689 2745 808 2818 partem
829 2759 934 2802 aarum
956 2757 1057 2800 rerum
1071 2743 1225 2817 attingere
1247 2741 1365 2801 consuli
1378 2741 1485 2799 licere.
1506 2739 1582 2799 auid

371 2848 466 2923 igitur
504 2849 571 2908 sine
600 2849 813 2908 controversia
848 2865 906 2926 pro
948 2848 1085 2924 genitivo
1121 2848 1301 2908 habendum.
1341 2847 1395 2907 cfr.
1429 2847 1580 2906 Priscian.

371 2973 390 3013 r.
413 2971 441 3031 p.
464 2956 532 3014 eta.
554 2953 610 3013 Ed.
632 2954 739 3014 Krehl.
771 2956 926 3031 ,quemvis
948 2955 1152 3015 vetustissimi
1173 2954 1295 3014 soleant
1316 2954 1446 3014 omnium
1478 2956 1508 3012 in
1533 2957 1582 3012 ise

373 3061 597 3122 terminantium
624 3062 794 3139 genitivum
823 3069 855 3122 et
880 3064 911 3121 in
938 3066 949 3120 i
974 3063 1119 3137 dativum,
1148 3062 1240 3121 etiam
1268 3062 1298 3119 in
1319 3067 1331 3118 l
1349 3061 1520 3138 genitivum
1548 3061 1584 3120 ct

372 3169 403 3226 in
426 3185 444 3226 o
466 3167 601 3228 dativum
622 3170 654 3228 in
675 3186 790 3244 genere
811 3169 979 3230 masculino
1002 3175 1034 3228 et
1053 3171 1172 3244 neutro,
1194 3169 1224 3227 in
1246 3168 1402 3228 foeminino
1424 3185 1502 3227 vero
1524 3185 1583 3227 se-

373 3276 502 3336 cundum
523 3278 652 3355 primam
673 3277 909 3339 declinationem
932 3278 962 3336 in
984 3295 1010 3337 c·
1031 3277 1251 3354 diphthongum
1272 3275 1444 3353 proterre.“
1468 3279 1498 3334 et
1520 3275 1583 3334 hoc

373 3383 496 3457 quidem
517 3383 587 3443 loco
609 3383 683 3443 nolti
702 3401 760 3460 pro
783 3385 922 3459 genitivo
953 3385 1092 3444 neutrius
1114 3384 1238 3459 generis
1259 3383 1433 3442 babendum
1454 3383 1520 3439 est:
1548 3383 1585 3438 nt

373 3488 455 3564 apud
474 3487 633 3549 Horatium
654 3489 691 3548 A.
714 3489 747 3548 P.
771 3492 838 3549 324.
873 3493 956 3549 Grati
979 3497 1087 3565 preter
1104 3489 1217 3549 woden
1236 3487 1344 3548 caldor
1365 3491 1458 3546 couri.
1497 3486 1583 3546 Flor.

373 3612 392 3654 ι.
415 3595 463 3654 26.
484 3595 592 3655 notham
612 3599 712 3654 carior
738 3603 833 3656 tostae
854 3614 939 3676 quom
968 3597 1106 3656 libertatis
1129 3597 1195 3672 suit.
1216 3593 1285 3653 Liv.
1304 3613 1334 3652 n.
1355 3597 1404 3652 59.
1426 3611 1511 3652 nemo
1532 3595 1582 3653 ol-

375 3701 431 3760 tur
457 3703 515 3760 rdet
539 3703 620 3779 sirpe
645 3719 761 3766 memor.
798 3701 861 3763 lam
887 3707 920 3762 ut
940 3720 1019 3762 mors
1045 3706 1169 3762 omnium
1194 3718 1292 3760 renem
1313 3707 1482 3772 cabernam,
1512 3701 1586 3760 nrm

375 3825 475 3868 eonem
495 3826 601 3884 rmum,
623 3811 667 3869 ita
688 3810 761 3870 nolli
781 3828 883 3870 eorem
904 3827 1002 3870 rerum
1024 3811 1138 3869 dictum
1160 3814 1216 3870 cst.

457 3933 482 3976 c.
505 3917 553 3975 30.
574 3919 677 3976 Senior
698 3916 768 3976 Bas.
790 3937 809 3976 r.
831 3918 952 3995 vulgari
977 3916 1239 3995 diphthongomm
1261 3916 1441 3989 mutatione;
1470 3915 1586 3974 notetur

375 4024 457 4084 idem
478 4041 515 4082 m.
541 4041 559 4081 1.
582 4022 630 4082 ao.
652 4041 690 4082 m.
712 4026 738 4082 2.
761 4024 805 4082 ttt.
827 4023 1027 4108 Novembrium
1048 4022 1119 4082 Bas.
1140 4042 1159 4082 n.
1182 4023 1330 4083 Einsiedl.
1352 4021 1438 4082 Laid.
1461 4021 1494 4081 t.
1516 4039 1585 4082 cum

375 4129 480 4190 multis
507 4130 577 4189 aliis
605 4129 705 4202 libris,
737 4134 844 4190 contra
872 4133 1063 4190 constantem
1086 4131 1272 4207 scriptorum
1294 4147 1396 4205 usum;
1428 4129 1487 4188 sed
1516 4145 1585 4188 eum

374 4236 431 4297 elii
459 4235 531 4295 libri
553 4236 721 4295 Novembris
744 4235 920 4310 exhibeant,
951 4237 1006 4296 illa
1036 4239 1189 4315 scriptura
1214 4254 1271 4314 pro
1300 4253 1454 4314 perverso
1478 4251 1586 4310 gram-

376 4345 480 4403 matici
502 4344 774 4420 interpretamento
797 4343 942 4404 habenda
963 4350 1020 4405 est.
1042 4345 1219 4405 suammet
1235 4342 1306 4402 Bas.
1322 4343 1480 4418 nobique.
1505 4343 1586 4401 our-

376 4469 431 4528 puc
452 4468 538 4528 pron.
559 4451 589 4510 hi
611 4451 725 4509 omisso
747 4450 817 4509 Bes.
839 4469 858 4508 1.
882 4453 909 4510 3.
929 4449 1021 4510 Bern.
1042 4471 1061 4510 r.
1082 4451 1159 4511 Leid
1179 4450 1214 4510 B.
1237 4451 1271 4510 l).
1294 4448 1328 4509 G.
1349 4451 1387 4510 ll.
1409 4453 1443 4508 ii.
1465 4449 1537 4507 Tur.
1557 4449 1586 4508 2.

377 4556 468 4616 Bern.
491 4559 517 4614 3.
538 4573 605 4616 nom
626 4559 741 4633 ubique
762 4555 832 4615 Bas.
856 4559 882 4615 2.
906 4558 933 4615 t.
956 4558 1029 4616 Nom
1051 4558 1080 4616 tr·
1101 4557 1318 4634 ott-tpoeBorn.
1340 4559 1422 4615 hex
1444 4571 1504 4629 qua
1526 4573 1586 4614 va·

378 4661 489 4732 pietate
511 4667 596 4722 recte
617 4663 785 4738 colligitur,
807 4663 921 4722 nullam
935 4662 1036 4724 tuisse
1054 4681 1119 4724 eum
1136 4663 1390 4723 antecedentibus
1404 4661 1586 4734 iuncturam,
