3582 5594
1292 663 1339 736 95

140 859 253 932 intuli
280 858 334 930 die
359 882 400 931 ac
424 861 496 932 siue
521 859 673 954 imperio,
698 861 947 952 adgrediuntur.
994 862 1086 932 ldem
1112 861 1226 954 plebes
1251 863 1339 944 lacit,

138 1007 213 1078 pars
244 985 353 1056 edocti
384 985 427 1056 ab
459 985 642 1068 nobilitate,
681 987 738 1058 alii
770 987 877 1058 studio
908 985 1025 1056 talium
1056 1009 1169 1057 rerum
1202 986 1339 1071 incitati,

139 1110 211 1200 quis
234 1121 311 1180 acta
336 1109 578 1203 consiliumque
604 1109 834 1202 ignorantibus
853 1110 1012 1181 mmultus
1037 1110 1107 1204 ipse
1125 1121 1157 1181 et
1172 1133 1227 1182 res
1244 1133 1339 1182 noan

138 1232 213 1304 satis
237 1232 426 1326 placebant

208 1381 314 1428 uxvrr.
363 1360 505 1430 Romani
531 1359 665 1441 milites,
698 1357 866 1452 inproviso
892 1367 981 1430 metu
1008 1357 1127 1429 incerti
1151 1359 1339 1453 ignarique,

139 1481 215 1574 quid
240 1481 460 1574 potissumum
486 1484 643 1563 lacerent,
670 1483 854 1576 trepidarec
880 1503 991 1553 arcem
1016 1484 1141 1577 oppidi,
1168 1485 1224 1556 ubi
1245 1486 1340 1577 signa

138 1616 168 1674 et
190 1617 284 1676 muta
308 1615 414 1688 erant,
445 1605 635 1698 praesidium
661 1604 815 1688 hostium,
848 1617 951 1700 portae
976 1616 1054 1678 ante
1080 1608 1200 1680 clausae
1225 1609 1339 1701 lugam

138 1728 374 1821 prohibebant:
401 1729 440 1800 ad
468 1729 531 1802 boc
555 1729 713 1801 mulieres
737 1731 900 1824 puerique
925 1753 987 1824 pro
1011 1732 1102 1802 tectis
1124 1733 1339 1806 edificiorum

137 1875 214 1924 saxa
239 1866 275 1924 et
299 1853 378 1935 alia,
410 1875 485 1948 quae
508 1853 602 1925 locus
627 1853 805 1948 praebebat,
840 1853 987 1924 certatim
1013 1854 1153 1926 mittere.
1203 1858 1253 1926 lta
1277 1878 1342 1928 nc*

138 2001 201 2070 que
227 1980 339 2050 caveri
372 2001 492 2071 anceps
521 1978 660 2060 malum,
698 1999 808 2070 neque
840 1999 859 2046 a
886 1977 1079 2050 fortissumis
1104 1979 1340 2051 infirmissumo

137 2103 253 2192 generi
278 2102 386 2175 resisti
411 2125 526 2195 posse;
565 2103 658 2172 iuxta
682 2101 761 2172 boni
790 2101 950 2194 malique,
985 2103 1110 2174 strenui
1141 2113 1176 2174 et
1200 2104 1340 2176 inbelles

138 2225 230 2296 inulti
255 2226 459 2296 obtruncari.
502 2227 541 2294 ln
565 2248 606 2295 ea
631 2233 722 2296 tanta
746 2224 934 2318 asperitate,
964 2226 1161 2296 saevissumis
1187 2227 1339 2298 Numidis

137 2359 168 2418 et
190 2349 314 2442 oppido
338 2349 486 2440 undique
514 2347 638 2428 clauso,
664 2348 832 2441 Turpilius
852 2350 1026 2442 praelectus
1052 2373 1135 2420 unus
1162 2373 1204 2420 ex
1229 2351 1339 2421 omui-

136 2471 195 2542 bus
225 2471 349 2544 Italicis
384 2471 523 2542 intactus
552 2471 718 2564 profugit3
755 2471 788 2542 id
814 2472 1084 2544 misericordiane
1111 2473 1259 2566 hospitis,
1294 2495 1338 2544 au

138 2597 297 2688 pactione,
322 2618 367 2666 an
391 2617 469 2666 casu
494 2595 540 2666 ita
566 2595 724 2678 evenerit,
749 2618 867 2687 parum
889 2597 1126 2689 comperimus:
1158 2597 1232 2679 uisi,
1259 2598 1339 2690 quia

137 2719 184 2790 illi
208 2719 243 2790 iu
269 2721 360 2790 huto
385 2719 474 2790 malo
499 2719 603 2812 turpis
627 2718 694 2792 vita
719 2719 847 2811 integra
871 2719 961 2792 lama
985 2720 1092 2812 potior
1115 2721 1186 2806 luit,
1213 2721 1340 2814 impro-

137 2839 195 2912 bus
220 2841 480 2934 intestabilisque
505 2841 645 2912 videtur.

207 2985 325 3034 cumn.
376 2964 530 3035 bletellus
551 2975 725 3058 postquam
750 2965 792 3034 de
818 2964 918 3036 rebus
934 2967 1051 3036 Vaccae
1068 2967 1148 3037 actis
1165 2968 1338 3059 comperit,

136 3089 300 3181 paulisper
323 3097 455 3158 mestus
480 3111 499 3158 e
524 3097 703 3179 conspectu
727 3088 814 3172 abit:
853 3089 984 3172 deiude,
1022 3089 1079 3161 ubi
1105 3089 1156 3160 ira
1180 3101 1214 3162 et
1238 3091 1345 3184 agri*

137 3211 213 3282 tudo
246 3211 410 3304 permixta
442 3221 529 3293 sunt,
568 3233 644 3282 cum
676 3233 832 3282 maxume
866 3234 946 3282 cura
979 3213 1086 3284 ultum
1117 3213 1166 3282 ire
1201 3213 1338 3286 iniurias

136 3335 273 3406 festinat
324 3335 520 3426 Legionem,
559 3357 636 3406 cum
668 3358 737 3428 qua
770 3335 948 3418 hiemabat,
987 3348 1022 3405 et
1050 3359 1152 3430 quam
1177 3337 1338 3430 plurimos

53 3548 58 3559 Ι
136 3472 237 3551 potest
270 3460 429 3532 Numidas
466 3458 594 3552 equites
631 3459 754 3552 pariter
792 3482 867 3530 cum
901 3483 1022 3530 occasu
1054 3460 1133 3532 solis
1168 3462 1338 3556 expeditos

137 3583 260 3666 educit;
287 3593 321 3653 et
337 3592 467 3676 postera
492 3582 546 3652 die
572 3582 703 3654 circiter
719 3581 836 3654 boram
852 3583 982 3654 tertiam
1001 3584 1151 3676 pervenit
1171 3585 1205 3656 iu
1228 3609 1338 3680 quau-

137 3707 210 3778 dam
242 3707 426 3802 planitiem,
465 3707 546 3777 locis
579 3706 680 3800 paulo
712 3706 937 3798 superioribus
967 3706 1236 3778 circumventam.
1287 3711 1338 3782 lbi

136 3831 253 3902 milites
278 3831 382 3902 lessus
409 3831 535 3902 itineris
561 3831 789 3924 magnitudine
815 3842 848 3900 et
867 3831 933 3901 iam
955 3831 1130 3902 abnuentis
1146 3833 1259 3904 omnia
1275 3833 1338 3906 de-

137 3969 198 4038 cet,
214 3958 373 4051 oppidum
386 3959 531 4028 Vaccam
548 3980 615 4028 non
628 3957 768 4050 amplius
780 3957 874 4027 mille
887 3979 1043 4049 passuum
1057 3957 1189 4028 abesse:
1217 3958 1336 4030 decere

137 4081 208 4154 illos
223 4083 391 4174 reliquum
413 4081 561 4152 laborem
582 4103 678 4174 ceqno
699 4081 811 4152 animo
829 4081 908 4173 pati,
934 4081 1013 4152 dum
1033 4102 1094 4173 pro
1111 4081 1239 4152 civibus
1256 4082 1335 4166 suis,

136 4206 212 4278 viris
236 4207 432 4280 fortissum'u
456 4218 554 4301 atque
576 4205 794 4290 miserrumis,
826 4229 942 4300 poeuas
968 4217 1142 4299 caperent:
1177 4217 1337 4299 praeterea

137 4333 278 4422 praedam
298 4331 446 4424 benigue
462 4339 612 4402 ostentat.
647 4331 701 4402 Sic
714 4329 833 4400 animis
858 4351 975 4402 eorum
990 4329 1138 4412 arrectis,
1162 4330 1288 4424 equites
1301 4331 1335 4402 iu

137 4455 329 4546 primolate,
355 4455 481 4548 pedites
502 4475 603 4546 qnam
614 4453 791 4524 artissume
805 4452 856 4522 ire
878 4463 911 4522 et
928 4451 1025 4543 signa
1045 4452 1211 4524 occultare
1233 4452 1334 4527 iubet.

205 4601 299 4651 unx.
349 4580 534 4652 Vaccenses
574 4577 630 4648 ubi
665 4577 813 4648 animum
850 4576 1023 4648 advortere
1056 4577 1098 4648 ud
1131 4601 1167 4648 se
1204 4601 1335 4652 vorsum

138 4707 315 4776 exercitum
341 4726 494 4797 pergere,
527 4703 645 4796 primo,
680 4703 729 4776 uti
762 4714 834 4774 erat
863 4725 929 4786 res,
966 4702 1137 4775 Metellum
1163 4726 1234 4774 esse
1259 4704 1347 4784 ruti,¹
