3576 5602
1285 619 1359 688 377

143 817 303 888 Galatiae
335 818 413 888 urbs
446 819 482 896 ἐκ
508 828 570 896 τοῦ
597 833 706 894 πεσεῖν
738 815 904 909 appellata
935 825 1000 896 est,
1043 816 1133 908 quod
1164 817 1282 908 ingens
1310 817 1358 886 ibi

142 941 324 1010 Gallorum
355 939 397 1009 ad
429 938 629 1010 Rhodanum
660 939 874 1009 incolentium
909 939 1084 1010 multitudo
1116 940 1244 1020 cecidit,
1280 961 1357 1010 cum

142 1065 286 1134 Brenno
312 1063 396 1132 duce
422 1074 544 1133 terram
570 1084 645 1130 eam
671 1061 864 1130 invasissent
889 1073 921 1130 et
946 1061 1177 1152 cognominem
1194 1062 1272 1156 ipsis
1290 1073 1360 1133 ter-

143 1211 220 1258 ram
249 1188 366 1259 ulcisci
399 1197 607 1257 conarentur.
657 1188 816 1257 Auctores
846 1197 921 1257 sunt
949 1188 1136 1258 Fenestella
1162 1198 1194 1256 et
1219 1188 1358 1258 Sisenna

142 1312 306 1394 Romani,
333 1337 472 1407 quornm
497 1313 684 1402 testimonia
704 1315 811 1384 Varro
829 1314 862 1382 in
885 1315 1115 1383 Humanarum
1133 1336 1244 1383 rernm
1262 1313 1359 1383 libris

142 1435 298 1527 protulit,
329 1459 392 1528 ego
417 1449 527 1507 antem
555 1436 655 1506 libros
680 1436 828 1507 noudum
854 1436 933 1506 vidi.
982 1437 1170 1506 marentius
1194 1439 1301 1528 lydus
1319 1440 1360 1508 de

142 1563 328 1652 memoret.
363 1558 397 1639 3,
426 1557 483 1632 14.
512 1563 570 1653 cfr.
594 1561 798 1630 Herodianus
819 1563 892 1631 list.
915 1559 946 1638 1,
974 1559 1030 1630 11.
1135 1562 1190 1629 16.
1216 1561 1356 1631 Sisenna

145 1683 180 1752 iu
230 1684 443 1754 historiarum
487 1685 574 1754 libro
615 1695 728 1754 sexto:
775 1687 940 1754 Romanos
984 1685 1175 1756 inferendae
1217 1687 1356 1778 pernicii

144 1831 252 1880 causa
277 1811 416 1880 venisse.
457 1811 578 1880 Gellius
605 1811 638 1893 9,
669 1808 725 1891 14,
759 1809 816 1881 12.
851 1811 947 1902 Apud
976 1811 1117 1880 Nonium
1137 1837 1170 1903 p.
1195 1809 1280 1891 486,
1307 1807 1356 1882 30

145 1933 327 2004 iurecerne
344 1936 469 2028 pernici
486 1936 644 2004 scribitur.
741 1936 796 2003 17.
823 1935 963 2004 Sisenna
977 1933 1034 2004 lih.
1046 1937 1122 2005 Vlll
1135 1933 1244 2020 [Vllll
1263 1936 1354 2004 codd.

146 2058 265 2128 Genee.
298 2074 325 2128 et
345 2058 467 2146 Leid.]:
509 2059 640 2128 eaelum
674 2058 817 2149 caligine
856 2068 926 2128 stat.
981 2059 1104 2128 Nonius
1134 2083 1167 2150 ρ.
1192 2056 1276 2139 392,
1318 2056 1354 2130 8.

148 2183 209 2252 18.
236 2181 403 2251 Prioribus
426 2181 546 2251 civium
568 2181 665 2251 bellis
687 2203 748 2273 par
770 2182 877 2250 scelus
896 2181 1066 2251 inciderat.
1106 2183 1191 2252 Nam
1214 2182 1355 2274 proelio,

144 2327 214 2398 quo
246 2304 334 2398 apud
360 2305 545 2375 ianiculum
576 2304 734 2376 adversus
761 2303 904 2376 Cinnam
931 2314 1116 2396 pugnatum
1152 2316 1210 2386 est,
1251 2306 1351 2374 Pom-

143 2429 286 2522 peianus
311 2429 407 2498 miles
436 2429 571 2498 fratrem
598 2451 709 2510 suum,
742 2428 818 2498 dein
849 2429 982 2518 cognito
1012 2430 1158 2499 facinore
1184 2453 1220 2498 se
1246 2429 1354 2521 ipsum

144 2553 324 2634 interfecit,
365 2562 400 2622 nt
434 2552 573 2623 Sisenna
612 2563 783 2622 memorat.
838 2555 963 2624 Tacitus
992 2556 1199 2623 historiarum
1228 2550 1263 2634 3,
1293 2551 1354 2626 51.

144 2679 338 2748 Fretmtetm
362 2678 466 2769 seeppl.
489 2679 560 2747 Lio.
580 2674 638 2758 19,
665 2675 724 2748 26.
830 2678 885 2747 19.
912 2679 977 2748 Hie
1002 2678 1130 2758 sibilus,
1156 2676 1255 2746 huius
1271 2675 1355 2745 sibi-

145 2799 197 2869 lus
221 2852 229 2869 .
253 2851 294 2868 ..
322 2799 461 2870 Sisenna
487 2800 520 2869 iu
546 2802 608 2869 Xll
634 2799 865 2871 historiarum:
899 2801 1012 2892 procul
1036 2799 1135 2869 sibilu
1162 2799 1353 2891 significare

145 2923 276 2993 consuli
301 2924 418 3016 eoepit.
461 2927 647 2994 Riedones
670 2923 705 3006 6,
736 2923 792 3007 15,
820 2924 878 2997 19.
979 2927 1038 2994 20.
1065 2925 1220 2995 Sisenna:
1253 2924 1352 2992 vitam

145 3071 221 3118 enm
248 3048 363 3118 dolore
390 3059 423 3118 et
448 3048 572 3140 insigni
598 3049 748 3119 cruciatu
773 3047 982 3118 carnificatus
1008 3047 1128 3116 amisit.
1169 3049 1354 3117 Priscianus

144 3169 178 3254 8,
205 3169 242 3254 4,
275 3171 331 3244 19.
433 3174 492 3242 at.
519 3173 658 3242 Sisenna
676 3171 751 3241 hist.
775 3172 832 3242 lib.
855 3174 981 3242 Xlllll:
1009 3171 1101 3241 multi
1123 3172 1249 3263 populi,
1275 3173 1353 3264 plu-

144 3297 258 3366 rimae'
289 3295 450 3365 contionis
482 3294 676 3366 dictaturam
706 3293 858 3364 omnibus
891 3295 1023 3364 animis
1037 3305 1069 3364 et
1094 3293 1207 3364 studiis
1232 3295 1353 3366 suffra·

144 3430 320 3514 generunt.
365 3419 489 3490 Nonius
509 3443 544 3511 p.
568 3416 652 3499 468,
681 3418 737 3490 10.
777 3419 967 3488 Freinsleim
990 3419 1093 3510 suppl.
1135 3419 1206 3487 lio.
1229 3416 1289 3501 89,
1315 3416 1350 3489 8.

374 3979 519 4063 11111
568 3979 604 4066 0,
634 3977 882 4064 1011111101
911 3977 1127 4064 uteletas

221 4193 253 4261 1.
280 4191 440 4262 Lucullus
466 4191 605 4271 iuvenis,
636 4214 712 4260 cum
739 4191 827 4282 apud
857 4191 1069 4261 Hortensium
1096 4204 1260 4260 oratorem
1286 4202 1348 4261 etc.

144 4339 243 4408 supro
264 4340 298 4409 p.
318 4313 402 4396 333,
430 4315 489 4386 26.
516 4319 573 4409 cfr.
600 4317 645 4386 dl.
672 4317 786 4385 Seneca
811 4330 947 4386 controv.
974 4315 1116 4408 lproef.
1141 4339 1175 4407 p.
1197 4314 1244 4385 66
1270 4314 1347 4407 nep.

143 4441 246 4510 Notus
271 4456 313 4511 est
338 4467 370 4512 o.
398 4439 481 4522 640,
514 4441 677 4510 consolatu
700 4444 827 4533 functos
860 4465 890 4512 a.
919 4439 1002 4522 685,
1041 4457 1183 4510 mortuus
1209 4464 1240 4510 α.
1265 4436 1349 4510 104.

142 4563 284 4634 Dicebat
316 4567 435 4636 melius
468 4587 569 4657 quam
597 4566 726 4659 scripsit
755 4566 961 4636 Hortensius.
1029 4567 1199 4636 Cicereio
1228 4578 1350 4634 metere

144 4684 203 4770 38,
233 4686 313 4760 132.
362 4689 445 4760 Eius
478 4689 599 4781 scripta
630 4698 756 4758 tantum
790 4688 876 4760 iutra
908 4689 1029 4759 famam
1064 4699 1149 4771 suut,
1192 4711 1260 4781 qua
1292 4687 1349 4758 diu
