3582 5594
1308 685 1355 757 8³

152 881 313 952 cornibus
345 883 432 952 locat
456 903 495 952 oc
528 903 633 975 pauco
658 887 719 974 pro
744 891 892 976 ternpore
918 882 1039 952 milites
1064 883 1212 954 hortatus
1237 886 1354 968 aciem,

151 1004 250 1076 sicuti
275 1005 487 1087 instruxerat,
522 1005 715 1075 transvorsis
739 1006 910 1099 principiis
939 1006 974 1074 in
1000 1006 1135 1098 planum
1161 1007 1304 1080 deducit.

227 1151 259 1200 c.
312 1129 378 1200 Sed
391 1130 449 1201 ubi
466 1130 623 1202 Numidas
642 1131 771 1224 quietos
796 1153 905 1222 neque
931 1131 1015 1201 colle
1040 1131 1177 1224 degredi
1203 1133 1356 1204 animad-

150 1253 261 1333 vortit,
296 1252 421 1324 veritus
447 1275 490 1323 ex
513 1253 592 1323 anui
616 1263 764 1347 tempore
789 1264 821 1323 et
847 1254 957 1346 inopia
986 1277 1093 1348 aquae,
1128 1277 1170 1324 ue
1195 1256 1248 1326 uiti
1273 1279 1355 1328 oon-

151 1379 310 1452 ficeretur
325 1379 501 1463 exercitus,
526 1379 686 1451 Rutilium
711 1382 856 1473 legatum
882 1402 958 1451 cum
983 1380 1143 1474 expeditis
1167 1380 1355 1452 cohortibus

152 1515 189 1574 et
209 1515 304 1597 parte
330 1505 479 1597 equitum
504 1505 664 1599 praemisit
688 1505 729 1576 ad
755 1506 892 1588 llumeu,
926 1507 974 1578 uti
1005 1507 1116 1578 locum
1141 1493 1255 1578 castris
1279 1518 1355 1578 ante

152 1639 299 1722 caperet,
329 1628 530 1699 existumans
547 1627 648 1700 hostis
673 1629 790 1700 crebro
815 1631 940 1723 impetu
965 1640 998 1700 et
1021 1631 1216 1702 hausrorsis
1232 1631 1356 1725 preliis

152 1753 217 1824 iter
240 1777 339 1826 suum
364 1766 600 1837 remoraturos,
631 1764 663 1825 et
688 1755 844 1848 quoniam
869 1756 970 1827 ermis
996 1756 1194 1840 diffiderent,
1223 1757 1356 1829 lussitu-

152 1879 266 1950 dinem
294 1891 327 1950 et
351 1879 438 1950 sitim
462 1879 603 1950 militum
628 1889 851 1972 temptaturus.
902 1881 1032 1952 Deinde
1061 1881 1131 1974 ipse
1156 1904 1216 1974 pro
1241 1905 1278 1952 re
1303 1893 1355 1952 ut-

152 2029 218 2099 que
236 2005 323 2086 loeo,
340 2006 437 2076 simui
453 2017 564 2076 moute
577 2007 800 2086 descenderat,
818 2007 975 2100 paulatim
988 2006 1186 2100 procedere:
1212 2007 1355 2079 Marium

153 2139 227 2222 post
259 2129 422 2222 principia
454 2129 589 2212 habere,
625 2130 694 2223 ipse
726 2151 802 2201 curu
827 2131 966 2200 sinistro
991 2131 1053 2200 alae
1079 2131 1245 2223 equitibus
1269 2153 1353 2213 esso,

152 2253 211 2344 qui
236 2250 273 2320 in
298 2253 432 2343 agmine
457 2252 624 2345 principes
649 2253 724 2323 lacti
750 2263 853 2322 erunt.
896 2253 939 2324 ut
962 2253 1133 2344 Iugurtha,
1160 2255 1217 2323 ubi
1243 2266 1354 2325 extre-

152 2397 245 2445 mum
270 2397 391 2466 agmem
416 2375 539 2447 Metelli
564 2376 687 2469 primos
711 2398 788 2446 suos
812 2386 1081 2469 praetmgremum
1107 2376 1205 2459 videt,
1237 2377 1354 2471 prcesi·

153 2501 209 2572 dio
238 2500 333 2596 quasi
367 2500 469 2571 duum
501 2501 629 2572 milium
654 2501 802 2594 peditum
828 2513 970 2573 montem
996 2514 1146 2597 occupat,
1185 2524 1252 2596 quo
1281 2504 1354 2574 hle-

154 2627 250 2697 tellus
276 2627 500 2707 descenderat,
531 2651 574 2698 ne
599 2629 682 2698 forte
708 2628 898 2701 cedentibus
923 2628 1118 2700 adversariis
1144 2629 1289 2721 receptui
1314 2649 1353 2698 ac
1455 2717 1456 2720 Ἴ

155 2763 224 2845 post
243 2753 451 2822 munimento
473 2754 570 2832 foret:
597 2753 673 2822 dein
698 2764 835 2846 repente
861 2754 957 2845 siguo
984 2753 1059 2824 dato
1085 2753 1192 2823 hostes
1218 2752 1351 2823 invadit.

154 2875 305 2946 Numida
344 2876 400 2946 alii
435 2888 615 2969 postremos
653 2876 793 2958 caedere,
836 2899 911 2969 pors
949 2899 968 2946 a
1003 2876 1134 2945 sinistra
1166 2898 1205 2945 ao
1238 2876 1353 2946 dextra

154 3010 333 3093 temptare:
368 2999 486 3070 infensi
513 3001 627 3070 adesse
658 3010 755 3093 atque
780 3000 914 3084 instare,
947 3000 1099 3071 omuibus
1124 3000 1205 3071 locis
1230 3001 1353 3070 Romu-

155 3145 270 3194 noruru
287 3122 420 3194 ordines
437 3123 653 3202 conturbare;
679 3147 822 3216 quorum
847 3123 945 3193 etiam
972 3123 1030 3217 qui
1055 3121 1255 3193 firmioribus
1280 3122 1353 3191 ani-

155 3248 212 3317 mis
237 3247 328 3318 obvii
354 3248 501 3319 hostibus
527 3249 668 3330 lucrant,
700 3247 859 3318 ludificati
886 3249 1012 3318 incerto
1029 3247 1144 3340 praelio
1169 3246 1232 3340 ipsi
1254 3245 1353 3316 modo

155 3374 282 3443 eminus
298 3372 543 3454 sauciabantur,
569 3395 678 3465 neque
703 3383 815 3443 contra
840 3372 976 3442 feriendi
995 3381 1052 3443 aut
1068 3370 1263 3442 conserendi
1280 3394 1353 3441 ma-

156 3521 230 3566 num
257 3495 354 3588 eopia
378 3507 465 3575 crau
491 3509 566 3566 ante
592 3496 660 3566 iam
684 3496 770 3567 docti
795 3497 837 3567 ab
862 3495 1020 3586 lugurtha
1046 3496 1183 3586 equites,
1211 3495 1267 3564 ubi
1283 3496 1352 3564 llo-

155 3643 328 3692 munorum
362 3633 469 3693 turma
504 3622 633 3714 insequi
667 3633 829 3714 coeperat,
867 3643 934 3692 nou
969 3621 1142 3690 confertim
1175 3642 1284 3711 neque
1318 3620 1350 3688 iu

156 3767 256 3814 uuum
282 3767 355 3813 sese
380 3744 594 3837 recipiebant,
626 3743 792 3815 sedulius
818 3745 885 3814 alio
910 3766 1011 3837 quam
1036 3766 1192 3814 maxume
1218 3743 1350 3815 divorsi.

156 3869 200 3939 lta
216 3893 359 3940 numero
375 3871 512 3963 priores,
539 3870 566 3938 si
588 3871 630 3940 ab
655 3868 885 3962 persequendo
909 3867 1018 3938 hostes
1043 3868 1209 3938 deterrere
1231 3867 1352 3961 nequi-

156 4004 278 4072 verant,
314 3993 466 4062 disiectos
495 3992 536 4061 ab
567 4003 659 4082 tergo
684 4001 740 4062 aut
765 3992 920 4062 lateribus
946 3992 1262 4074 circumveniebaut3
1300 3991 1352 4060 siu

156 4116 347 4210 oportunior
372 4117 459 4204 fuge
485 4116 579 4185 collis
610 4137 710 4206 quom
736 4115 843 4207 campi
869 4115 986 4196 luerat,
1025 4136 1065 4183 ce
1095 4137 1174 4186 vero
1205 4113 1353 4184 consueti

158 4243 369 4314 Numidarum
397 4239 475 4332 equi
499 4239 596 4310 facile
621 4240 707 4309 inter
731 4239 874 4331 virgulta
899 4238 1055 4320 evadere;
1082 4249 1209 4309 nostros
1226 4238 1352 4332 esperi-

157 4375 202 4436 las
226 4377 258 4437 et
282 4367 457 4436 insolentia
483 4365 546 4436 loci
571 4367 742 4437 retinebat.

225 4513 269 4562 ιι.
320 4493 477 4563 Ceterum
499 4492 597 4561 socies
614 4492 711 4561 totius
727 4489 852 4582 negotii
869 4489 971 4572 vario,
993 4489 1130 4570 incerto,
1149 4486 1235 4557 loeda
1253 4497 1352 4581 atque

157 4614 367 4694 miserabilis:
402 4613 540 4707 dispersi
565 4638 586 4685 a
610 4614 678 4684 suis
703 4637 780 4707 pers
806 4612 936 4695 cedere,
972 4611 1031 4682 alii
1055 4611 1205 4702 insequi,
1242 4632 1353 4704 neque

156 4737 248 4830 signu
264 4761 374 4834 neque
391 4739 524 4810 ordines
536 4739 729 4818 observare:
750 4738 805 4810 ubi
823 4759 991 4831 quemque
1007 4736 1192 4830 periculum
1209 4744 1350 4828 ceperat,

1125 4850 1166 4916 6*
