3554 5600
459 691 531 759 230

460 891 565 960 tumni
590 891 763 982 gravitate,
796 913 905 982 neque
931 913 973 960 ex
998 903 1165 983 postrema
1190 892 1279 983 iuga,
1312 915 1388 961 eum
1413 915 1528 963 severo
1551 895 1643 964 edicto
1754 933 1755 984 q

460 1014 664 1095 iuberentur,
702 1015 780 1085 ullis
806 1015 847 1084 ad
877 1015 973 1107 signa
1003 1015 1220 1087 redeuntibus
1245 1027 1289 1098 et,
1323 1019 1382 1112 qui
1406 1019 1529 1110 reliqui
1552 1031 1644 1100 erant,

460 1159 674 1229 persumme
699 1137 825 1229 llagitia
851 1138 1108 1211 detractantibus
1141 1140 1308 1221 militium.
1342 1153 1537 1234 qnaestorem
1560 1167 1646 1214 sunm
1754 1151 1755 1210 l

461 1263 500 1333 G.
526 1261 744 1344 Tboranium‚
778 1285 820 1332 ex
846 1286 913 1356 qno
944 1274 1107 1355 praesente
1134 1287 1212 1336 vera
1245 1265 1404 1336 facillime
1435 1281 1646 1348 noscerentur,
1754 1293 1755 1302 ¹

461 1387 606 1456 miserat.
648 1390 690 1458 Et
715 1399 825 1458 tumen
852 1388 984 1459 interim
1010 1412 1086 1459 enm
1113 1389 1308 1470 volentibus.
1343 1414 1483 1461 numero
1510 1403 1649 1484 quattuor
1754 1439 1755 1448 κ

460 1511 599 1591 milium,
619 1515 724 1605 perqit
736 1515 779 1582 od
790 1527 893 1582 castro
908 1516 1121 1606 pepinoorum
1133 1515 1260 1606 mupnis
1273 1516 1431 1608 operibus
1448 1519 1647 1586 communito.
1754 1559 1755 1570 2

461 1635 590 1706 Deinde
616 1635 757 1727 fugitivi,
784 1637 978 1728 consumptis
1004 1637 1070 1707 iam
1096 1637 1274 1720 alimentis,
1304 1662 1347 1709 ne
1373 1639 1589 1733 prudentibus
1613 1661 1649 1708 er

462 1759 645 1852 propinquo
669 1759 765 1830 bostis
787 1761 934 1840 instaret,
970 1760 1057 1830 soliti
1084 1785 1170 1832 more
1189 1762 1315 1834 malitia
1340 1762 1472 1854 vigilias
1498 1767 1650 1834 stationes·

462 1907 527 1976 qne
553 1894 586 1953 et
610 1884 676 1954 alia
702 1885 816 1954 munia
842 1889 982 1976 exsequi,
1007 1887 1155 1956 secunda
1175 1887 1289 1978 vigilia
1314 1891 1413 1959 nortis
1438 1889 1548 1959 cuncti
1564 1911 1650 1979 egre-

463 2007 606 2078 diuntur.
655 2008 777 2079 Relicto
803 2009 1009 2079 buccinatorc
1037 2013 1073 2080 la
1099 2013 1209 2082 rustris
1241 2022 1273 2082 et
1302 2013 1344 2082 ad
1369 2013 1507 2105 vigilum
1536 2018 1651 2107 speciem

462 2134 580 2226 procul
604 2135 779 2204 visentibus
805 2147 970 2206 uexerant
994 2137 1077 2208 fulto
1101 2139 1270 2210 arboribus
1293 2141 1440 2210 recentia
1466 2143 1652 2212 mdnoerort

463 2256 587 2327 crebros
614 2258 700 2350 ignia
724 2263 868 2350 serenat.
901 2260 1081 2330 Formidini
1110 2315 1523 2332 ............
1556 2265 1652 2334 Varini

466 2436 1026 2456 ................
1050 2387 1652 2457 tr

466 2561 916 2576 .............
943 2510 986 2578 da
1019 2564 1026 2578 .
1056 2564 1062 2576 .
1093 2563 1100 2578 .
1130 2564 1136 2578 .
1168 2565 1175 2578 .
1205 2564 1211 2578 .
1243 2565 1248 2577 .
1279 2565 1285 2577 .
1324 2512 1423 2581 inviis
1461 2523 1653 2582 convertere.

464 2638 508 2702 At
540 2631 685 2700 Varinins
711 2633 816 2702 multa
843 2633 908 2702 iam
935 2634 1010 2703 luce
1036 2634 1224 2704 desiderans
1249 2635 1346 2705 solita
1371 2659 1390 2704 a
1417 2637 1565 2727 fugiende
1585 2659 1656 2705 con·

464 2755 550 2824 vicia
575 2768 607 2824 et
633 2757 665 2824 in
691 2771 798 2826 castro
823 2757 990 2827 coniectus
1015 2758 1177 2851 lapidum,
1208 2763 1251 2830 ud
1275 2761 1332 2830 loc
1360 2763 1514 2853 strepitus
1541 2763 1657 2833 turnul-

465 2880 545 2950 tuosi
578 2903 714 2950 sonores
746 2881 893 2975 undique
930 2886 1106 2966 romaum,
1145 2887 1244 2956 mittit
1277 2887 1404 2980 equites
1440 2889 1477 2957 ln
1508 2888 1656 2957 turudum

466 3007 590 3076 circum
616 3009 859 3098 prominentem,
898 3020 934 3078 ut
967 3009 1178 3100 explorarent
1204 3065 1431 3081 .......
1459 3035 1490 3092 s,
1524 3033 1658 3105 propere

466 3129 605 3220 vestiqr'o
635 3147 751 3202 cccmus
786 3133 924 3202 eredens
958 3135 991 3203 lo
1019 3187 1284 3204 ........
1310 3148 1375 3208 toto
1400 3149 1511 3208 tamen
1541 3138 1660 3228 mador

468 3306 732 3322 ........
761 3259 1659 3354 pavensse.............mdupli..

468 3678 1326 3701 ........................
1354 3635 1426 3703 Post
1447 3633 1577 3727 aliquot
1598 3633 1662 3702 dies

467 3761 580 3821 contra
610 3775 736 3822 morem
772 3752 891 3824 fiducia
923 3757 1039 3846 augeri
1073 3758 1192 3826 nostris
1224 3758 1323 3850 coepit
1348 3769 1380 3828 et
1405 3757 1513 3850 promi
1539 3758 1662 3849 lingua.

372 3871 377 3882 '
467 3875 542 3958 Qua
567 3876 722 3946 Varinius
748 3889 862 3948 contra
887 3891 1064 3971 spectatam
1094 3904 1164 3951 rem
1191 3883 1322 3954 incaute
1355 3893 1461 3953 motus
1487 3905 1592 3952 novos
1617 3881 1665 3949 in·

466 4000 681 4094 cognitosque
708 4013 740 4070 et
764 4002 908 4072 aliorum
934 4004 1063 4075 casibus
1089 4007 1258 4098 perculsos
1291 4007 1413 4076 milites
1439 4006 1531 4077 ducit
1557 4019 1664 4077 tamm

467 4125 509 4194 ad
534 4137 640 4195 eastra
666 4126 879 4218 fugitivorum
904 4152 1018 4222 presso
1043 4130 1161 4220 gradu,
1196 4131 1322 4200 silentis
1353 4131 1430 4210 iam,
1465 4153 1578 4224 neque
1603 4141 1665 4199 tam

466 4250 641 4342 magnifice
666 4253 824 4321 sumentis
849 4253 1022 4343 prolium,
1057 4277 1157 4348 qnam
1183 4254 1440 4346 postulaverant.
1483 4257 1596 4348 Atque
1620 4252 1665 4324 illi

466 4377 645 4445 certamine
672 4375 803 4445 consilii
828 4377 915 4446 inter
944 4400 979 4446 se
1014 4379 1105 4448 iuxta
1131 4379 1323 4448 seditionem
1350 4390 1461 4460 erant,
1502 4381 1606 4450 Crixo
1638 4389 1668 4447 et

465 4501 571 4591 gentis
604 4499 752 4570 eiusdem
784 4500 888 4571 Gallis
927 4512 1023 4595 atque
1058 4503 1232 4572 Germanis
1266 4503 1398 4574 obviam
1433 4504 1482 4572 ire
1517 4515 1551 4572 et
1584 4505 1667 4574 ultro

465 4623 583 4693 offerre
602 4640 748 4716 pugnam
768 4624 985 4716 cupientibus,
1014 4639 1127 4695 contra
1146 4629 1298 4718 Spartaco
1325 4681 1665 4696 ..........

469 4802 734 4815 ........
764 4751 1665 4842 niserum.............nequa...
