<?xml version="1.0" encoding="UTF-8"?>
<!DOCTYPE html PUBLIC "-//W3C//DTD XHTML 1.0 Transitional//EN"
    "http://www.w3.org/TR/xhtml1/DTD/xhtml1-transitional.dtd">
<html xmlns="http://www.w3.org/1999/xhtml" xml:lang="en" lang="en">
 <head>
  <title>
</title>
<meta http-equiv="Content-Type" content="text/html;charset=utf-8" />
  <meta name='ocr-system' content='tesseract 3.04.00' />
  <meta name='ocr-capabilities' content='ocr_page ocr_carea ocr_par ocr_line ocrx_word'/>
</head>
<body>
  <div class='ocr_page' id='page_1' title='image "./gaisalustiicris00rothgoog_0194.png"; bbox 0 0 3582 5594; ppageno 0'>
   <div class='ocr_carea' id='block_1_1' title="bbox 1302 703 1370 770">
    <p class='ocr_par' dir='ltr' id='par_1_1' title="bbox 1302 703 1370 770">
     <span class='ocr_line' id='line_1_1' title="bbox 1302 703 1370 770; baseline 0 0"><span class='ocrx_word' id='word_1_1' title='bbox 1302 703 1370 770; x_wconf 83' lang='lat'><strong>157</strong></span> 
     </span>
    </p>
   </div>
   <div class='ocr_carea' id='block_1_2' title="bbox 169 898 1394 4847">
    <p class='ocr_par' dir='ltr' id='par_1_2' title="bbox 169 898 1376 1993">
     <span class='ocr_line' id='line_1_2' title="bbox 169 898 1372 994; baseline 0.001 -22"><span class='ocrx_word' id='word_1_2' title='bbox 169 925 226 972; x_wconf 88' lang='lat' dir='ltr'><strong>sua</strong></span> <span class='ocrx_word' id='word_1_3' title='bbox 242 911 447 973; x_wconf 89' lang='lat' dir='ltr'><strong>commutare</strong></span> <span class='ocrx_word' id='word_1_4' title='bbox 465 901 589 981; x_wconf 78' lang='lat' dir='ltr'><strong>volunt,</strong></span> <span class='ocrx_word' id='word_1_5' title='bbox 620 901 647 969; x_wconf 91' lang='lat' dir='ltr'><strong>si</strong></span> <span class='ocrx_word' id='word_1_6' title='bbox 672 900 780 971; x_wconf 89' lang='lat' dir='ltr'><strong>liccat.</strong></span> <span class='ocrx_word' id='word_1_7' title='bbox 807 901 923 991; x_wconf 82' lang='lat' dir='ltr'>Neque</span> <span class='ocrx_word' id='word_1_8' title='bbox 949 898 1015 969; x_wconf 90' lang='lat' dir='ltr'><strong>illis</strong></span> <span class='ocrx_word' id='word_1_9' title='bbox 1034 909 1131 970; x_wconf 75' lang='lat' dir='ltr'><strong>onte</strong></span> <span class='ocrx_word' id='word_1_10' title='bbox 1149 901 1372 994; x_wconf 66' lang='lat' dir='ltr'><strong>voluptat&#39;nest</strong></span> 
     </span>
     <span class='ocr_line' id='line_1_3' title="bbox 171 1017 1373 1118; baseline 0.004 -24"><span class='ocrx_word' id='word_1_11' title='bbox 171 1021 309 1112; x_wconf 72' lang='lat' dir='ltr'><strong>(umetsi</strong></span> <span class='ocrx_word' id='word_1_12' title='bbox 335 1023 578 1118; x_wconf 81' lang='lat' dir='ltr'><strong>insperantibus</strong></span> <span class='ocrx_word' id='word_1_13' title='bbox 603 1017 733 1113; x_wconf 86' lang='lat' dir='ltr'><strong>accidit)</strong></span> <span class='ocrx_word' id='word_1_14' title='bbox 772 1022 964 1105; x_wconf 76' lang='lat' dir='ltr'><strong>dominatio,</strong></span> <span class='ocrx_word' id='word_1_15' title='bbox 998 1032 1124 1115; x_wconf 90' lang='lat' dir='ltr'><strong>quanto</strong></span> <span class='ocrx_word' id='word_1_16' title='bbox 1151 1026 1286 1096; x_wconf 67' lang='lat' dir='ltr'><strong>moerori</strong></span> <span class='ocrx_word' id='word_1_17' title='bbox 1316 1037 1373 1098; x_wconf 93' lang='lat' dir='ltr'><strong>tua</strong></span> 
     </span>
     <span class='ocr_line' id='line_1_4' title="bbox 171 1149 1373 1243; baseline 0.002 -23"><span class='ocrx_word' id='word_1_18' title='bbox 171 1149 333 1242; x_wconf 85' lang='lat' dir='ltr'><strong>dignitas:</strong></span> <span class='ocrx_word' id='word_1_19' title='bbox 373 1150 476 1243; x_wconf 87' lang='lat' dir='ltr'><strong>quein</strong></span> <span class='ocrx_word' id='word_1_20' title='bbox 505 1149 648 1241; x_wconf 90' lang='lat' dir='ltr'><strong>optatius</strong></span> <span class='ocrx_word' id='word_1_21' title='bbox 673 1149 796 1219; x_wconf 90' lang='lat' dir='ltr'><strong>babent</strong></span> <span class='ocrx_word' id='word_1_22' title='bbox 830 1173 872 1219; x_wconf 85' lang='lat' dir='ltr'><strong>ex</strong></span> <span class='ocrx_word' id='word_1_23' title='bbox 895 1160 952 1220; x_wconf 93' lang='lat' dir='ltr'><strong>tua</strong></span> <span class='ocrx_word' id='word_1_24' title='bbox 977 1149 1163 1218; x_wconf 73' lang='lat' dir='ltr'><strong>calamitate</strong></span> <span class='ocrx_word' id='word_1_25' title='bbox 1187 1151 1373 1243; x_wconf 88' lang='lat' dir='ltr'><strong>periculum</strong></span> 
     </span>
     <span class='ocr_line' id='line_1_5' title="bbox 172 1272 1374 1366; baseline 0.002 -21"><span class='ocrx_word' id='word_1_26' title='bbox 172 1272 330 1345; x_wconf 76' lang='lat' dir='ltr'><strong>libertatis</strong></span> <span class='ocrx_word' id='word_1_27' title='bbox 350 1273 471 1352; x_wconf 84' lang='lat' dir='ltr'><strong>lacere,</strong></span> <span class='ocrx_word' id='word_1_28' title='bbox 498 1294 598 1364; x_wconf 89' lang='lat' dir='ltr'><strong>quam</strong></span> <span class='ocrx_word' id='word_1_29' title='bbox 623 1294 683 1364; x_wconf 90' lang='lat' dir='ltr'><strong>per</strong></span> <span class='ocrx_word' id='word_1_30' title='bbox 707 1282 740 1341; x_wconf 89' lang='lat' dir='ltr'><strong>te</strong></span> <span class='ocrx_word' id='word_1_31' title='bbox 766 1272 882 1366; x_wconf 92' lang='lat' dir='ltr'><strong>populi</strong></span> <span class='ocrx_word' id='word_1_32' title='bbox 898 1272 1041 1342; x_wconf 85' lang='lat' dir='ltr'><strong>Romani</strong></span> <span class='ocrx_word' id='word_1_33' title='bbox 1061 1272 1239 1365; x_wconf 86' lang='lat' dir='ltr'><strong>imperium</strong></span> <span class='ocrx_word' id='word_1_34' title='bbox 1254 1297 1374 1347; x_wconf 82' lang='lat' dir='ltr'><strong>maxu-</strong></span> 
     </span>
     <span class='ocr_line' id='line_1_6' title="bbox 172 1398 1374 1492; baseline 0 -22"><span class='ocrx_word' id='word_1_35' title='bbox 172 1423 260 1472; x_wconf 86' lang='lat' dir='ltr'><strong>mum</strong></span> <span class='ocrx_word' id='word_1_36' title='bbox 291 1424 334 1469; x_wconf 86' lang='lat' dir='ltr'><strong>ex</strong></span> <span class='ocrx_word' id='word_1_37' title='bbox 365 1421 489 1492; x_wconf 84' lang='lat' dir='ltr'><strong>magno</strong></span> <span class='ocrx_word' id='word_1_38' title='bbox 523 1399 607 1469; x_wconf 86' lang='lat' dir='ltr'><strong>lieri.</strong></span> <span class='ocrx_word' id='word_1_39' title='bbox 656 1400 733 1483; x_wconf 85' lang='lat' dir='ltr'><strong>Quo</strong></span> <span class='ocrx_word' id='word_1_40' title='bbox 766 1401 874 1490; x_wconf 85' lang='lat' dir='ltr'><strong>magis</strong></span> <span class='ocrx_word' id='word_1_41' title='bbox 905 1399 965 1469; x_wconf 91' lang='lat' dir='ltr'><strong>tibi</strong></span> <span class='ocrx_word' id='word_1_42' title='bbox 1000 1398 1099 1469; x_wconf 90' lang='lat' dir='ltr'><strong>etiam</strong></span> <span class='ocrx_word' id='word_1_43' title='bbox 1137 1411 1236 1491; x_wconf 88' lang='lat' dir='ltr'><strong>atque</strong></span> <span class='ocrx_word' id='word_1_44' title='bbox 1275 1401 1374 1470; x_wconf 89' lang='lat' dir='ltr'><strong>etiam</strong></span> 
     </span>
     <span class='ocr_line' id='line_1_7' title="bbox 172 1525 1375 1620; baseline -0.002 -23"><span class='ocrx_word' id='word_1_45' title='bbox 172 1527 281 1597; x_wconf 90' lang='lat' dir='ltr'><strong>animo</strong></span> <span class='ocrx_word' id='word_1_46' title='bbox 307 1526 577 1620; x_wconf 86' lang='lat' dir='ltr'><strong>prospiciundnm</strong></span> <span class='ocrx_word' id='word_1_47' title='bbox 603 1536 663 1604; x_wconf 89' lang='lat' dir='ltr'><strong>est,</strong></span> <span class='ocrx_word' id='word_1_48' title='bbox 700 1546 847 1617; x_wconf 90' lang='lat' dir='ltr'><strong>quonam</strong></span> <span class='ocrx_word' id='word_1_49' title='bbox 878 1525 976 1595; x_wconf 94' lang='lat' dir='ltr'><strong>modo</strong></span> <span class='ocrx_word' id='word_1_50' title='bbox 1006 1547 1077 1594; x_wconf 88' lang='lat' dir='ltr'><strong>rem</strong></span> <span class='ocrx_word' id='word_1_51' title='bbox 1109 1525 1256 1594; x_wconf 85' lang='lat' dir='ltr'><strong>stabilias</strong></span> <span class='ocrx_word' id='word_1_52' title='bbox 1281 1547 1375 1594; x_wconf 91' lang='lat' dir='ltr'><strong>com-</strong></span> 
     </span>
     <span class='ocr_line' id='line_1_8' title="bbox 173 1650 1376 1746; baseline 0.001 -26"><span class='ocrx_word' id='word_1_53' title='bbox 173 1653 378 1744; x_wconf 85' lang='lat' dir='ltr'><strong>muniasque.</strong></span> <span class='ocrx_word' id='word_1_54' title='bbox 417 1651 500 1724; x_wconf 88' lang='lat' dir='ltr'><strong>blibi</strong></span> <span class='ocrx_word' id='word_1_55' title='bbox 525 1650 661 1746; x_wconf 89' lang='lat' dir='ltr'><strong>quidem</strong></span> <span class='ocrx_word' id='word_1_56' title='bbox 686 1674 761 1744; x_wconf 85' lang='lat' dir='ltr'><strong>quae</strong></span> <span class='ocrx_word' id='word_1_57' title='bbox 787 1674 880 1721; x_wconf 89' lang='lat' dir='ltr'><strong>mens</strong></span> <span class='ocrx_word' id='word_1_58' title='bbox 906 1651 1060 1744; x_wconf 86' lang='lat' dir='ltr'><strong>suppetit,</strong></span> <span class='ocrx_word' id='word_1_59' title='bbox 1087 1651 1200 1744; x_wconf 87' lang='lat' dir='ltr'><strong>eloqui</strong></span> <span class='ocrx_word' id='word_1_60' title='bbox 1226 1674 1291 1721; x_wconf 95' lang='lat' dir='ltr'><strong>non</strong></span> <span class='ocrx_word' id='word_1_61' title='bbox 1312 1650 1376 1721; x_wconf 93' lang='lat' dir='ltr'><strong>du-</strong></span> 
     </span>
     <span class='ocr_line' id='line_1_9' title="bbox 174 1773 1376 1868; baseline -0.002 -24"><span class='ocrx_word' id='word_1_62' title='bbox 174 1775 293 1846; x_wconf 89' lang='lat' dir='ltr'><strong>bitabo.</strong></span> <span class='ocrx_word' id='word_1_63' title='bbox 343 1775 498 1846; x_wconf 83' lang='lat' dir='ltr'><strong>Ceterum</strong></span> <span class='ocrx_word' id='word_1_64' title='bbox 533 1775 599 1844; x_wconf 94' lang='lat' dir='ltr'><strong>tuei</strong></span> <span class='ocrx_word' id='word_1_65' title='bbox 634 1775 695 1844; x_wconf 90' lang='lat' dir='ltr'><strong>erit</strong></span> <span class='ocrx_word' id='word_1_66' title='bbox 728 1774 854 1866; x_wconf 84' lang='lat' dir='ltr'><strong>ingenii</strong></span> <span class='ocrx_word' id='word_1_67' title='bbox 880 1773 1032 1868; x_wconf 87' lang='lat' dir='ltr'><strong>probare,</strong></span> <span class='ocrx_word' id='word_1_68' title='bbox 1062 1797 1137 1868; x_wconf 80' lang='lat' dir='ltr'><strong>qua</strong></span> <span class='ocrx_word' id='word_1_69' title='bbox 1166 1796 1245 1844; x_wconf 90' lang='lat' dir='ltr'><strong>vera</strong></span> <span class='ocrx_word' id='word_1_70' title='bbox 1276 1786 1376 1867; x_wconf 89' lang='lat' dir='ltr'><strong>atque</strong></span> 
     </span>
     <span class='ocr_line' id='line_1_10' title="bbox 175 1898 514 1993; baseline 0 -25"><span class='ocrx_word' id='word_1_71' title='bbox 175 1898 267 1969; x_wconf 90' lang='lat' dir='ltr'><strong>utilia</strong></span> <span class='ocrx_word' id='word_1_72' title='bbox 294 1899 384 1970; x_wconf 80' lang='lat' dir='ltr'><strong>lactu</strong></span> <span class='ocrx_word' id='word_1_73' title='bbox 408 1899 514 1993; x_wconf 73' lang='lat' dir='ltr'><strong>putei.</strong></span> 
     </span>
    </p>

    <p class='ocr_par' dir='ltr' id='par_1_3' title="bbox 174 2025 1394 4847">
     <span class='ocr_line' id='line_1_11' title="bbox 245 2025 1378 2118; baseline -0.001 -22"><span class='ocrx_word' id='word_1_74' title='bbox 245 2028 282 2096; x_wconf 92' lang='lat' dir='ltr'><strong>ln</strong></span> <span class='ocrx_word' id='word_1_75' title='bbox 318 2025 399 2096; x_wconf 91' lang='lat' dir='ltr'><strong>duas</strong></span> <span class='ocrx_word' id='word_1_76' title='bbox 437 2026 537 2118; x_wconf 87' lang='lat' dir='ltr'><strong>partis</strong></span> <span class='ocrx_word' id='word_1_77' title='bbox 572 2047 636 2116; x_wconf 84' lang='lat' dir='ltr'><strong>ego</strong></span> <span class='ocrx_word' id='word_1_78' title='bbox 671 2026 835 2096; x_wconf 88' lang='lat' dir='ltr'><strong>civitatem</strong></span> <span class='ocrx_word' id='word_1_79' title='bbox 870 2026 1009 2096; x_wconf 89' lang='lat' dir='ltr'><strong>divisam</strong></span> <span class='ocrx_word' id='word_1_80' title='bbox 1049 2025 1201 2107; x_wconf 88' lang='lat' dir='ltr'><strong>arbitror,</strong></span> <span class='ocrx_word' id='word_1_81' title='bbox 1240 2025 1325 2094; x_wconf 87' lang='lat' dir='ltr'><strong>sieut</strong></span> <span class='ocrx_word' id='word_1_82' title='bbox 1358 2049 1378 2095; x_wconf 88' lang='lat' dir='ltr'><strong>a</strong></span> 
     </span>
     <span class='ocr_line' id='line_1_12' title="bbox 175 2147 1379 2244; baseline 0.002 -26"><span class='ocrx_word' id='word_1_83' title='bbox 175 2147 355 2220; x_wconf 89' lang='lat' dir='ltr'><strong>maioribus</strong></span> <span class='ocrx_word' id='word_1_84' title='bbox 388 2148 517 2243; x_wconf 87' lang='lat' dir='ltr'><strong>accepi,</strong></span> <span class='ocrx_word' id='word_1_85' title='bbox 558 2151 592 2220; x_wconf 93' lang='lat' dir='ltr'><strong>in</strong></span> <span class='ocrx_word' id='word_1_86' title='bbox 627 2163 737 2243; x_wconf 90' lang='lat' dir='ltr'><strong>patres</strong></span> <span class='ocrx_word' id='word_1_87' title='bbox 772 2162 804 2221; x_wconf 89' lang='lat' dir='ltr'><strong>et</strong></span> <span class='ocrx_word' id='word_1_88' title='bbox 837 2152 979 2244; x_wconf 89' lang='lat' dir='ltr'><strong>plebem.</strong></span> <span class='ocrx_word' id='word_1_89' title='bbox 1030 2153 1138 2222; x_wconf 81' lang='lat' dir='ltr'><strong>Antea</strong></span> <span class='ocrx_word' id='word_1_90' title='bbox 1170 2151 1205 2221; x_wconf 91' lang='lat' dir='ltr'><strong>in</strong></span> <span class='ocrx_word' id='word_1_91' title='bbox 1230 2149 1379 2244; x_wconf 88' lang='lat' dir='ltr'><strong>patribus</strong></span> 
     </span>
     <span class='ocr_line' id='line_1_13' title="bbox 174 2275 1378 2369; baseline 0.002 -27"><span class='ocrx_word' id='word_1_92' title='bbox 174 2296 303 2343; x_wconf 88' lang='lat' dir='ltr'><strong>summa</strong></span> <span class='ocrx_word' id='word_1_93' title='bbox 328 2275 507 2345; x_wconf 82' lang='lat' dir='ltr'><strong>auctoritas</strong></span> <span class='ocrx_word' id='word_1_94' title='bbox 534 2285 614 2354; x_wconf 87' lang='lat' dir='ltr'><strong>erat,</strong></span> <span class='ocrx_word' id='word_1_95' title='bbox 649 2275 698 2345; x_wconf 88' lang='lat' dir='ltr'><strong>vis</strong></span> <span class='ocrx_word' id='word_1_96' title='bbox 723 2276 827 2345; x_wconf 93' lang='lat' dir='ltr'><strong>multo</strong></span> <span class='ocrx_word' id='word_1_97' title='bbox 858 2298 1015 2346; x_wconf 87' lang='lat' dir='ltr'><strong>maxuma</strong></span> <span class='ocrx_word' id='word_1_98' title='bbox 1039 2277 1074 2344; x_wconf 91' lang='lat' dir='ltr'><strong>in</strong></span> <span class='ocrx_word' id='word_1_99' title='bbox 1106 2275 1214 2369; x_wconf 86' lang='lat' dir='ltr'><strong>plebe.</strong></span> <span class='ocrx_word' id='word_1_100' title='bbox 1264 2275 1378 2367; x_wconf 89' lang='lat' dir='ltr'><strong>ltaque</strong></span> 
     </span>
     <span class='ocr_line' id='line_1_14' title="bbox 175 2397 1381 2492; baseline 0.002 -26"><span class='ocrx_word' id='word_1_101' title='bbox 175 2397 294 2490; x_wconf 81' lang='lat' dir='ltr'><strong>sapius</strong></span> <span class='ocrx_word' id='word_1_102' title='bbox 319 2397 355 2466; x_wconf 91' lang='lat' dir='ltr'><strong>in</strong></span> <span class='ocrx_word' id='word_1_103' title='bbox 380 2397 513 2468; x_wconf 86' lang='lat' dir='ltr'><strong>civitate</strong></span> <span class='ocrx_word' id='word_1_104' title='bbox 538 2399 681 2467; x_wconf 89' lang='lat' dir='ltr'><strong>secessio</strong></span> <span class='ocrx_word' id='word_1_105' title='bbox 705 2397 778 2478; x_wconf 83' lang='lat' dir='ltr'><strong>luit,</strong></span> <span class='ocrx_word' id='word_1_106' title='bbox 813 2421 1010 2492; x_wconf 88' lang='lat' dir='ltr'><strong>semperque</strong></span> <span class='ocrx_word' id='word_1_107' title='bbox 1023 2399 1200 2470; x_wconf 88' lang='lat' dir='ltr'><strong>nobilitatis</strong></span> <span class='ocrx_word' id='word_1_108' title='bbox 1218 2422 1297 2492; x_wconf 87' lang='lat' dir='ltr'><strong>opes</strong></span> <span class='ocrx_word' id='word_1_109' title='bbox 1319 2401 1381 2470; x_wconf 94' lang='lat' dir='ltr'><strong>de-</strong></span> 
     </span>
     <span class='ocr_line' id='line_1_15' title="bbox 176 2521 1380 2615; baseline 0.002 -26"><span class='ocrx_word' id='word_1_110' title='bbox 176 2521 312 2591; x_wconf 81' lang='lat' dir='ltr'><strong>minutae</strong></span> <span class='ocrx_word' id='word_1_111' title='bbox 330 2531 418 2602; x_wconf 81' lang='lat' dir='ltr'><strong>sunt,</strong></span> <span class='ocrx_word' id='word_1_112' title='bbox 444 2531 478 2592; x_wconf 88' lang='lat' dir='ltr'><strong>et</strong></span> <span class='ocrx_word' id='word_1_113' title='bbox 495 2521 546 2591; x_wconf 85' lang='lat' dir='ltr'><strong>ius</strong></span> <span class='ocrx_word' id='word_1_114' title='bbox 563 2521 676 2614; x_wconf 88' lang='lat' dir='ltr'><strong>populi</strong></span> <span class='ocrx_word' id='word_1_115' title='bbox 694 2521 943 2614; x_wconf 87' lang='lat' dir='ltr'><strong>amplificatum.</strong></span> <span class='ocrx_word' id='word_1_116' title='bbox 986 2521 1051 2590; x_wconf 89' lang='lat' dir='ltr'><strong>Sed</strong></span> <span class='ocrx_word' id='word_1_117' title='bbox 1073 2521 1187 2615; x_wconf 88' lang='lat' dir='ltr'><strong>plebes</strong></span> <span class='ocrx_word' id='word_1_118' title='bbox 1213 2545 1253 2592; x_wconf 91' lang='lat' dir='ltr'><strong>eo</strong></span> <span class='ocrx_word' id='word_1_119' title='bbox 1274 2523 1380 2593; x_wconf 91' lang='lat' dir='ltr'><strong>libere</strong></span> 
     </span>
     <span class='ocr_line' id='line_1_16' title="bbox 177 2645 1381 2740; baseline 0.002 -26"><span class='ocrx_word' id='word_1_120' title='bbox 177 2646 333 2737; x_wconf 82' lang='lat' dir='ltr'><strong>agitabat,</strong></span> <span class='ocrx_word' id='word_1_121' title='bbox 359 2647 440 2738; x_wconf 92' lang='lat' dir='ltr'><strong>quia</strong></span> <span class='ocrx_word' id='word_1_122' title='bbox 458 2645 581 2716; x_wconf 88' lang='lat' dir='ltr'><strong>nullius</strong></span> <span class='ocrx_word' id='word_1_123' title='bbox 605 2646 752 2739; x_wconf 90' lang='lat' dir='ltr'><strong>potentia</strong></span> <span class='ocrx_word' id='word_1_124' title='bbox 777 2668 878 2738; x_wconf 90' lang='lat' dir='ltr'><strong>super</strong></span> <span class='ocrx_word' id='word_1_125' title='bbox 902 2646 994 2738; x_wconf 84' lang='lat' dir='ltr'><strong>leges</strong></span> <span class='ocrx_word' id='word_1_126' title='bbox 1014 2656 1104 2728; x_wconf 75' lang='lat' dir='ltr'><strong>erat3</strong></span> <span class='ocrx_word' id='word_1_127' title='bbox 1130 2670 1239 2740; x_wconf 88' lang='lat' dir='ltr'><strong>neque</strong></span> <span class='ocrx_word' id='word_1_128' title='bbox 1260 2647 1381 2718; x_wconf 88' lang='lat' dir='ltr'><strong>divitiis</strong></span> 
     </span>
     <span class='ocr_line' id='line_1_17' title="bbox 176 2768 1382 2863; baseline 0.002 -25"><span class='ocrx_word' id='word_1_129' title='bbox 176 2779 231 2838; x_wconf 86' lang='lat' dir='ltr'><strong>ant</strong></span> <span class='ocrx_word' id='word_1_130' title='bbox 254 2768 423 2860; x_wconf 84' lang='lat' dir='ltr'><strong>snperbia,</strong></span> <span class='ocrx_word' id='word_1_131' title='bbox 449 2769 507 2840; x_wconf 84' lang='lat' dir='ltr'><strong>sed</strong></span> <span class='ocrx_word' id='word_1_132' title='bbox 532 2769 618 2840; x_wconf 89' lang='lat' dir='ltr'><strong>bona</strong></span> <span class='ocrx_word' id='word_1_133' title='bbox 643 2769 731 2838; x_wconf 81' lang='lat' dir='ltr'><strong>tama</strong></span> <span class='ocrx_word' id='word_1_134' title='bbox 752 2769 910 2862; x_wconf 83' lang='lat' dir='ltr'><strong>lactisque</strong></span> <span class='ocrx_word' id='word_1_135' title='bbox 936 2770 1073 2840; x_wconf 88' lang='lat' dir='ltr'><strong>sortibus</strong></span> <span class='ocrx_word' id='word_1_136' title='bbox 1099 2770 1221 2840; x_wconf 87' lang='lat' dir='ltr'><strong>nobilis</strong></span> <span class='ocrx_word' id='word_1_137' title='bbox 1247 2771 1382 2863; x_wconf 80' lang='lat' dir='ltr'><strong>ignobi-</strong></span> 
     </span>
     <span class='ocr_line' id='line_1_18' title="bbox 178 2892 1381 2986; baseline 0.002 -24"><span class='ocrx_word' id='word_1_138' title='bbox 178 2894 239 2962; x_wconf 90' lang='lat' dir='ltr'><strong>lem</strong></span> <span class='ocrx_word' id='word_1_139' title='bbox 250 2893 416 2972; x_wconf 73' lang='lat' dir='ltr'><strong>anteibat:</strong></span> <span class='ocrx_word' id='word_1_140' title='bbox 435 2892 652 2964; x_wconf 87' lang='lat' dir='ltr'><strong>humillumus</strong></span> <span class='ocrx_word' id='word_1_141' title='bbox 666 2893 808 2986; x_wconf 90' lang='lat' dir='ltr'><strong>quisque</strong></span> <span class='ocrx_word' id='word_1_142' title='bbox 822 2893 858 2961; x_wconf 91' lang='lat' dir='ltr'><strong>in</strong></span> <span class='ocrx_word' id='word_1_143' title='bbox 875 2892 963 2984; x_wconf 83' lang='lat' dir='ltr'><strong>agris</strong></span> <span class='ocrx_word' id='word_1_144' title='bbox 982 2905 1039 2963; x_wconf 90' lang='lat' dir='ltr'><strong>aut</strong></span> <span class='ocrx_word' id='word_1_145' title='bbox 1056 2893 1090 2962; x_wconf 92' lang='lat' dir='ltr'><strong>in</strong></span> <span class='ocrx_word' id='word_1_146' title='bbox 1109 2895 1238 2976; x_wconf 92' lang='lat' dir='ltr'><strong>militia,</strong></span> <span class='ocrx_word' id='word_1_147' title='bbox 1256 2895 1381 2965; x_wconf 92' lang='lat' dir='ltr'><strong>nullius</strong></span> 
     </span>
     <span class='ocr_line' id='line_1_19' title="bbox 178 3013 1382 3108; baseline 0.003 -23"><span class='ocrx_word' id='word_1_148' title='bbox 178 3013 323 3086; x_wconf 75' lang='lat' dir='ltr'><strong>honestae</strong></span> <span class='ocrx_word' id='word_1_149' title='bbox 350 3016 399 3086; x_wconf 88' lang='lat' dir='ltr'><strong>rei</strong></span> <span class='ocrx_word' id='word_1_150' title='bbox 429 3038 542 3108; x_wconf 81' lang='lat' dir='ltr'><strong>egens,</strong></span> <span class='ocrx_word' id='word_1_151' title='bbox 580 3017 658 3086; x_wconf 88' lang='lat' dir='ltr'><strong>satis</strong></span> <span class='ocrx_word' id='word_1_152' title='bbox 686 3015 749 3085; x_wconf 89' lang='lat' dir='ltr'><strong>sibi</strong></span> <span class='ocrx_word' id='word_1_153' title='bbox 782 3014 927 3107; x_wconf 88' lang='lat' dir='ltr'><strong>satisque</strong></span> <span class='ocrx_word' id='word_1_154' title='bbox 955 3015 1070 3108; x_wconf 78' lang='lat' dir='ltr'><strong>patriae</strong></span> <span class='ocrx_word' id='word_1_155' title='bbox 1102 3026 1182 3087; x_wconf 90' lang='lat' dir='ltr'><strong>erat.</strong></span> <span class='ocrx_word' id='word_1_156' title='bbox 1235 3018 1299 3089; x_wconf 85' lang='lat' dir='ltr'><strong>Sed</strong></span> <span class='ocrx_word' id='word_1_157' title='bbox 1323 3019 1382 3089; x_wconf 88' lang='lat' dir='ltr'><strong>ubi</strong></span> 
     </span>
     <span class='ocr_line' id='line_1_20' title="bbox 180 3138 1384 3232; baseline 0.004 -24"><span class='ocrx_word' id='word_1_158' title='bbox 180 3161 234 3208; x_wconf 84' lang='lat' dir='ltr'><strong>eos</strong></span> <span class='ocrx_word' id='word_1_159' title='bbox 260 3139 420 3232; x_wconf 91' lang='lat' dir='ltr'><strong>paulatim</strong></span> <span class='ocrx_word' id='word_1_160' title='bbox 445 3139 600 3232; x_wconf 85' lang='lat' dir='ltr'><strong>expulsos</strong></span> <span class='ocrx_word' id='word_1_161' title='bbox 628 3139 717 3230; x_wconf 82' lang='lat' dir='ltr'><strong>agris</strong></span> <span class='ocrx_word' id='word_1_162' title='bbox 750 3138 867 3208; x_wconf 91' lang='lat' dir='ltr'><strong>inertia</strong></span> <span class='ocrx_word' id='word_1_163' title='bbox 893 3149 991 3231; x_wconf 89' lang='lat' dir='ltr'><strong>atque</strong></span> <span class='ocrx_word' id='word_1_164' title='bbox 1016 3139 1131 3232; x_wconf 92' lang='lat' dir='ltr'><strong>inopia</strong></span> <span class='ocrx_word' id='word_1_165' title='bbox 1155 3139 1297 3212; x_wconf 86' lang='lat' dir='ltr'><strong>incertas</strong></span> <span class='ocrx_word' id='word_1_166' title='bbox 1322 3143 1384 3212; x_wconf 95' lang='lat' dir='ltr'><strong>do-</strong></span> 
     </span>
     <span class='ocr_line' id='line_1_21' title="bbox 180 3263 1383 3358; baseline 0.002 -25"><span class='ocrx_word' id='word_1_167' title='bbox 180 3287 250 3334; x_wconf 89' lang='lat' dir='ltr'><strong>mos</strong></span> <span class='ocrx_word' id='word_1_168' title='bbox 277 3263 402 3336; x_wconf 88' lang='lat' dir='ltr'><strong>babere</strong></span> <span class='ocrx_word' id='word_1_169' title='bbox 427 3265 569 3357; x_wconf 86' lang='lat' dir='ltr'><strong>subegit,</strong></span> <span class='ocrx_word' id='word_1_170' title='bbox 608 3287 739 3358; x_wconf 87' lang='lat' dir='ltr'><strong>coepere</strong></span> <span class='ocrx_word' id='word_1_171' title='bbox 770 3265 895 3335; x_wconf 88' lang='lat' dir='ltr'><strong>alienas</strong></span> <span class='ocrx_word' id='word_1_172' title='bbox 926 3287 1005 3358; x_wconf 92' lang='lat' dir='ltr'><strong>opes</strong></span> <span class='ocrx_word' id='word_1_173' title='bbox 1031 3277 1155 3358; x_wconf 90' lang='lat' dir='ltr'><strong>petere,</strong></span> <span class='ocrx_word' id='word_1_174' title='bbox 1195 3266 1383 3337; x_wconf 90' lang='lat' dir='ltr'><strong>libertatem</strong></span> 
     </span>
     <span class='ocr_line' id='line_1_22' title="bbox 179 3386 1384 3484; baseline 0.002 -27"><span class='ocrx_word' id='word_1_175' title='bbox 179 3410 273 3458; x_wconf 89' lang='lat' dir='ltr'><strong>snam</strong></span> <span class='ocrx_word' id='word_1_176' title='bbox 298 3412 375 3459; x_wconf 91' lang='lat' dir='ltr'><strong>cnm</strong></span> <span class='ocrx_word' id='word_1_177' title='bbox 400 3412 436 3458; x_wconf 89' lang='lat' dir='ltr'><strong>re</strong></span> <span class='ocrx_word' id='word_1_178' title='bbox 461 3387 596 3482; x_wconf 90' lang='lat' dir='ltr'><strong>publica</strong></span> <span class='ocrx_word' id='word_1_179' title='bbox 621 3387 774 3458; x_wconf 85' lang='lat' dir='ltr'><strong>venalem</strong></span> <span class='ocrx_word' id='word_1_180' title='bbox 791 3386 928 3458; x_wconf 89' lang='lat' dir='ltr'><strong>babere.</strong></span> <span class='ocrx_word' id='word_1_181' title='bbox 972 3388 1020 3459; x_wconf 89' lang='lat' dir='ltr'><strong>lta</strong></span> <span class='ocrx_word' id='word_1_182' title='bbox 1045 3389 1205 3482; x_wconf 90' lang='lat' dir='ltr'><strong>paulatim</strong></span> <span class='ocrx_word' id='word_1_183' title='bbox 1230 3391 1384 3484; x_wconf 91' lang='lat' dir='ltr'><strong>populus,</strong></span> 
     </span>
     <span class='ocr_line' id='line_1_23' title="bbox 180 3511 1386 3608; baseline -0.001 -24"><span class='ocrx_word' id='word_1_184' title='bbox 180 3513 238 3607; x_wconf 81' lang='lat' dir='ltr'><strong>qui</strong></span> <span class='ocrx_word' id='word_1_185' title='bbox 247 3512 402 3585; x_wconf 89' lang='lat' dir='ltr'><strong>dominus</strong></span> <span class='ocrx_word' id='word_1_186' title='bbox 418 3523 500 3595; x_wconf 89' lang='lat' dir='ltr'><strong>erat,</strong></span> <span class='ocrx_word' id='word_1_187' title='bbox 514 3513 640 3583; x_wconf 90' lang='lat' dir='ltr'><strong>cunctis</strong></span> <span class='ocrx_word' id='word_1_188' title='bbox 653 3511 808 3603; x_wconf 86' lang='lat' dir='ltr'><strong>gentibus</strong></span> <span class='ocrx_word' id='word_1_189' title='bbox 822 3512 1039 3606; x_wconf 89' lang='lat' dir='ltr'><strong>imperitabat,</strong></span> <span class='ocrx_word' id='word_1_190' title='bbox 1057 3514 1205 3608; x_wconf 87' lang='lat' dir='ltr'><strong>dilapsus</strong></span> <span class='ocrx_word' id='word_1_191' title='bbox 1214 3525 1271 3596; x_wconf 91' lang='lat' dir='ltr'><strong>est,</strong></span> <span class='ocrx_word' id='word_1_192' title='bbox 1284 3525 1315 3584; x_wconf 89' lang='lat' dir='ltr'><strong>et</strong></span> <span class='ocrx_word' id='word_1_193' title='bbox 1325 3537 1386 3607; x_wconf 90' lang='lat' dir='ltr'><strong>pro</strong></span> 
     </span>
     <span class='ocr_line' id='line_1_24' title="bbox 181 3635 1385 3731; baseline -0.002 -23"><span class='ocrx_word' id='word_1_194' title='bbox 181 3637 351 3708; x_wconf 90' lang='lat' dir='ltr'><strong>communi</strong></span> <span class='ocrx_word' id='word_1_195' title='bbox 383 3635 524 3729; x_wconf 89' lang='lat' dir='ltr'><strong>imperio</strong></span> <span class='ocrx_word' id='word_1_196' title='bbox 556 3635 712 3729; x_wconf 85' lang='lat' dir='ltr'><strong>privatim</strong></span> <span class='ocrx_word' id='word_1_197' title='bbox 745 3635 808 3706; x_wconf 92' lang='lat' dir='ltr'><strong>sibi</strong></span> <span class='ocrx_word' id='word_1_198' title='bbox 842 3635 983 3731; x_wconf 87' lang='lat' dir='ltr'><strong>quisque</strong></span> <span class='ocrx_word' id='word_1_199' title='bbox 1020 3637 1211 3707; x_wconf 84' lang='lat' dir='ltr'><strong>servitutem</strong></span> <span class='ocrx_word' id='word_1_200' title='bbox 1245 3635 1385 3730; x_wconf 87' lang='lat' dir='ltr'><strong>peperit.</strong></span> 
     </span>
     <span class='ocr_line' id='line_1_25' title="bbox 182 3737 1387 3853; baseline -0.001 -22"><span class='ocrx_word' id='word_1_201' title='bbox 182 3765 264 3832; x_wconf 74' lang='lat' dir='ltr'><strong>llaec</strong></span> <span class='ocrx_word' id='word_1_202' title='bbox 289 3762 392 3853; x_wconf 86' lang='lat' dir='ltr'><strong>igitur</strong></span> <span class='ocrx_word' id='word_1_203' title='bbox 416 3758 604 3842; x_wconf 90' lang='lat' dir='ltr'><strong>multitudo,</strong></span> <span class='ocrx_word' id='word_1_204' title='bbox 640 3737 783 3853; x_wconf 87' lang='lat' dir='ltr'><strong>primum</strong></span> <span class='ocrx_word' id='word_1_205' title='bbox 808 3760 905 3829; x_wconf 89' lang='lat' dir='ltr'><strong>malis</strong></span> <span class='ocrx_word' id='word_1_206' title='bbox 930 3760 1077 3832; x_wconf 88' lang='lat' dir='ltr'><strong>moribus</strong></span> <span class='ocrx_word' id='word_1_207' title='bbox 1103 3761 1229 3844; x_wconf 91' lang='lat' dir='ltr'><strong>inbuta,</strong></span> <span class='ocrx_word' id='word_1_208' title='bbox 1265 3760 1387 3832; x_wconf 92' lang='lat' dir='ltr'><strong>deinde</strong></span> 
     </span>
     <span class='ocr_line' id='line_1_26' title="bbox 183 3880 1388 3978; baseline 0.002 -25"><span class='ocrx_word' id='word_1_209' title='bbox 183 3887 216 3956; x_wconf 92' lang='lat' dir='ltr'><strong>in</strong></span> <span class='ocrx_word' id='word_1_210' title='bbox 240 3887 323 3957; x_wconf 85' lang='lat' dir='ltr'><strong>artis</strong></span> <span class='ocrx_word' id='word_1_211' title='bbox 347 3885 496 3978; x_wconf 70' lang='lat' dir='ltr'><strong>uitasque</strong></span> <span class='ocrx_word' id='word_1_212' title='bbox 524 3882 635 3952; x_wconf 81' lang='lat' dir='ltr'><strong>varias</strong></span> <span class='ocrx_word' id='word_1_213' title='bbox 671 3880 847 3975; x_wconf 87' lang='lat' dir='ltr'><strong>dispalata,</strong></span> <span class='ocrx_word' id='word_1_214' title='bbox 885 3883 980 3954; x_wconf 90' lang='lat' dir='ltr'><strong>nullo</strong></span> <span class='ocrx_word' id='word_1_215' title='bbox 1009 3885 1108 3954; x_wconf 93' lang='lat' dir='ltr'><strong>modo</strong></span> <span class='ocrx_word' id='word_1_216' title='bbox 1134 3887 1279 3956; x_wconf 82' lang='lat' dir='ltr'><strong>intense</strong></span> <span class='ocrx_word' id='word_1_217' title='bbox 1305 3908 1388 3956; x_wconf 92' lang='lat' dir='ltr'><strong>con-</strong></span> 
     </span>
     <span class='ocr_line' id='line_1_27' title="bbox 184 4006 1388 4104; baseline 0 -24"><span class='ocrx_word' id='word_1_218' title='bbox 184 4032 320 4102; x_wconf 83' lang='lat' dir='ltr'><strong>gruens,</strong></span> <span class='ocrx_word' id='word_1_219' title='bbox 354 4033 472 4103; x_wconf 90' lang='lat' dir='ltr'><strong>parum</strong></span> <span class='ocrx_word' id='word_1_220' title='bbox 497 4006 581 4078; x_wconf 89' lang='lat' dir='ltr'><strong>mihi</strong></span> <span class='ocrx_word' id='word_1_221' title='bbox 615 4007 750 4101; x_wconf 89' lang='lat' dir='ltr'><strong>quidem</strong></span> <span class='ocrx_word' id='word_1_222' title='bbox 785 4008 905 4078; x_wconf 90' lang='lat' dir='ltr'><strong>idonea</strong></span> <span class='ocrx_word' id='word_1_223' title='bbox 930 4009 1061 4081; x_wconf 85' lang='lat' dir='ltr'><strong>videtur</strong></span> <span class='ocrx_word' id='word_1_224' title='bbox 1084 4009 1125 4081; x_wconf 91' lang='lat' dir='ltr'><strong>ad</strong></span> <span class='ocrx_word' id='word_1_225' title='bbox 1152 4010 1388 4104; x_wconf 88' lang='lat' dir='ltr'><strong>capessendam</strong></span> 
     </span>
     <span class='ocr_line' id='line_1_28' title="bbox 183 4129 1389 4229; baseline -0.002 -25"><span class='ocrx_word' id='word_1_226' title='bbox 183 4134 452 4228; x_wconf 85' lang='lat' dir='ltr'><strong>rempublicam.</strong></span> <span class='ocrx_word' id='word_1_227' title='bbox 492 4132 659 4214; x_wconf 83' lang='lat' dir='ltr'><strong>Ceterum,</strong></span> <span class='ocrx_word' id='word_1_228' title='bbox 686 4129 805 4201; x_wconf 87' lang='lat' dir='ltr'><strong>additis</strong></span> <span class='ocrx_word' id='word_1_229' title='bbox 823 4132 917 4202; x_wconf 88' lang='lat' dir='ltr'><strong>novis</strong></span> <span class='ocrx_word' id='word_1_230' title='bbox 942 4131 1079 4214; x_wconf 91' lang='lat' dir='ltr'><strong>civibus,</strong></span> <span class='ocrx_word' id='word_1_231' title='bbox 1105 4154 1228 4225; x_wconf 84' lang='lat' dir='ltr'><strong>magna</strong></span> <span class='ocrx_word' id='word_1_232' title='bbox 1245 4157 1298 4226; x_wconf 82' lang='lat' dir='ltr'><strong>me</strong></span> <span class='ocrx_word' id='word_1_233' title='bbox 1315 4156 1389 4229; x_wconf 89' lang='lat' dir='ltr'><strong>spes</strong></span> 
     </span>
     <span class='ocr_line' id='line_1_29' title="bbox 184 4254 1389 4350; baseline -0.002 -21"><span class='ocrx_word' id='word_1_234' title='bbox 184 4269 273 4328; x_wconf 90' lang='lat' dir='ltr'><strong>tenet</strong></span> <span class='ocrx_word' id='word_1_235' title='bbox 305 4257 390 4339; x_wconf 83' lang='lat' dir='ltr'><strong>toro,</strong></span> <span class='ocrx_word' id='word_1_236' title='bbox 431 4267 469 4327; x_wconf 92' lang='lat' dir='ltr'><strong>nt</strong></span> <span class='ocrx_word' id='word_1_237' title='bbox 498 4276 614 4325; x_wconf 86' lang='lat' dir='ltr'><strong>omnes</strong></span> <span class='ocrx_word' id='word_1_238' title='bbox 644 4254 916 4346; x_wconf 84' lang='lat' dir='ltr'><strong>expergiscantur</strong></span> <span class='ocrx_word' id='word_1_239' title='bbox 947 4254 989 4325; x_wconf 89' lang='lat' dir='ltr'><strong>ad</strong></span> <span class='ocrx_word' id='word_1_240' title='bbox 1022 4255 1227 4337; x_wconf 69' lang='lat' dir='ltr'><strong>libertatem</strong></span> <span class='ocrx_word' id='word_1_241' title='bbox 1265 4256 1389 4350; x_wconf 87' lang='lat' dir='ltr'><strong>quippe</strong></span> 
     </span>
     <span class='ocr_line' id='line_1_30' title="bbox 186 4376 1389 4459; baseline -0.004 -5"><span class='ocrx_word' id='word_1_242' title='bbox 186 4406 262 4454; x_wconf 87' lang='lat' dir='ltr'><strong>cnm</strong></span> <span class='ocrx_word' id='word_1_243' title='bbox 296 4379 362 4452; x_wconf 88' lang='lat' dir='ltr'><strong>illis</strong></span> <span class='ocrx_word' id='word_1_244' title='bbox 394 4377 554 4448; x_wconf 84' lang='lat' dir='ltr'><strong>libertatis</strong></span> <span class='ocrx_word' id='word_1_245' title='bbox 587 4376 780 4459; x_wconf 77' lang='lat' dir='ltr'><strong>retinenda,</strong></span> <span class='ocrx_word' id='word_1_246' title='bbox 818 4387 888 4447; x_wconf 91' lang='lat' dir='ltr'><strong>tum</strong></span> <span class='ocrx_word' id='word_1_247' title='bbox 921 4376 973 4447; x_wconf 90' lang='lat' dir='ltr'><strong>bis</strong></span> <span class='ocrx_word' id='word_1_248' title='bbox 1001 4377 1164 4448; x_wconf 87' lang='lat' dir='ltr'><strong>servitutis</strong></span> <span class='ocrx_word' id='word_1_249' title='bbox 1196 4378 1389 4449; x_wconf 78' lang='lat' dir='ltr'><strong>amittanda</strong></span> 
     </span>
     <span class='ocr_line' id='line_1_31' title="bbox 187 4501 1391 4594; baseline -0.005 -17"><span class='ocrx_word' id='word_1_250' title='bbox 187 4529 267 4577; x_wconf 90' lang='lat' dir='ltr'><strong>cura</strong></span> <span class='ocrx_word' id='word_1_251' title='bbox 292 4504 428 4575; x_wconf 89' lang='lat' dir='ltr'><strong>orietur.</strong></span> <span class='ocrx_word' id='word_1_252' title='bbox 471 4503 541 4572; x_wconf 89' lang='lat' dir='ltr'><strong>llos</strong></span> <span class='ocrx_word' id='word_1_253' title='bbox 567 4523 631 4594; x_wconf 78' lang='lat' dir='ltr'><strong>ogo</strong></span> <span class='ocrx_word' id='word_1_254' title='bbox 656 4523 775 4572; x_wconf 85' lang='lat' dir='ltr'><strong>censeo</strong></span> <span class='ocrx_word' id='word_1_255' title='bbox 796 4501 977 4593; x_wconf 82' lang='lat' dir='ltr'><strong>permixtos</strong></span> <span class='ocrx_word' id='word_1_256' title='bbox 1003 4521 1079 4572; x_wconf 90' lang='lat' dir='ltr'><strong>cum</strong></span> <span class='ocrx_word' id='word_1_257' title='bbox 1103 4501 1269 4572; x_wconf 87' lang='lat' dir='ltr'><strong>veteribus</strong></span> <span class='ocrx_word' id='word_1_258' title='bbox 1289 4523 1391 4574; x_wconf 85' lang='lat' dir='ltr'><strong>novos</strong></span> 
     </span>
     <span class='ocr_line' id='line_1_32' title="bbox 188 4623 1394 4718; baseline -0.004 -17"><span class='ocrx_word' id='word_1_259' title='bbox 188 4630 221 4700; x_wconf 92' lang='lat' dir='ltr'><strong>in</strong></span> <span class='ocrx_word' id='word_1_260' title='bbox 247 4628 388 4700; x_wconf 90' lang='lat' dir='ltr'><strong>coloniis</strong></span> <span class='ocrx_word' id='word_1_261' title='bbox 414 4625 608 4706; x_wconf 63' lang='lat' dir='ltr'><strong>constituam</strong></span> <span class='ocrx_word' id='word_1_262' title='bbox 646 4625 691 4695; x_wconf 90' lang='lat' dir='ltr'><strong>ita</strong></span> <span class='ocrx_word' id='word_1_263' title='bbox 717 4634 749 4694; x_wconf 90' lang='lat' dir='ltr'><strong>et</strong></span> <span class='ocrx_word' id='word_1_264' title='bbox 772 4645 828 4694; x_wconf 90' lang='lat' dir='ltr'><strong>res</strong></span> <span class='ocrx_word' id='word_1_265' title='bbox 857 4623 1008 4696; x_wconf 87' lang='lat' dir='ltr'><strong>militaris</strong></span> <span class='ocrx_word' id='word_1_266' title='bbox 1039 4625 1228 4718; x_wconf 91' lang='lat' dir='ltr'><strong>opulentior</strong></span> <span class='ocrx_word' id='word_1_267' title='bbox 1254 4625 1327 4709; x_wconf 90' lang='lat' dir='ltr'><strong>erit,</strong></span> <span class='ocrx_word' id='word_1_268' title='bbox 1360 4637 1394 4696; x_wconf 92' lang='lat' dir='ltr'><strong>et</strong></span> 
     </span>
     <span class='ocr_line' id='line_1_33' title="bbox 188 4746 1391 4847; baseline -0.01 -21"><span class='ocrx_word' id='word_1_269' title='bbox 188 4755 302 4847; x_wconf 87' lang='lat' dir='ltr'><strong>plebes</strong></span> <span class='ocrx_word' id='word_1_270' title='bbox 327 4750 424 4824; x_wconf 90' lang='lat' dir='ltr'><strong>bonis</strong></span> <span class='ocrx_word' id='word_1_271' title='bbox 449 4749 591 4842; x_wconf 78' lang='lat' dir='ltr'><strong>negotiis</strong></span> <span class='ocrx_word' id='word_1_272' title='bbox 618 4748 766 4843; x_wconf 89' lang='lat' dir='ltr'><strong>inpedita</strong></span> <span class='ocrx_word' id='word_1_273' title='bbox 791 4747 916 4818; x_wconf 90' lang='lat' dir='ltr'><strong>malum</strong></span> <span class='ocrx_word' id='word_1_274' title='bbox 933 4746 1104 4841; x_wconf 90' lang='lat' dir='ltr'><strong>publicum</strong></span> <span class='ocrx_word' id='word_1_275' title='bbox 1126 4750 1236 4820; x_wconf 84' lang='lat' dir='ltr'><strong>lacere</strong></span> <span class='ocrx_word' id='word_1_276' title='bbox 1254 4749 1391 4821; x_wconf 86' lang='lat' dir='ltr'><strong>desinet.</strong></span> 
     </span>
    </p>
   </div>
   <div class='ocr_carea' id='block_1_3' title="bbox 0 0 1824 5594">
    <p class='ocr_par' dir='ltr' id='par_1_4' title="bbox 0 0 1824 5594">
     <span class='ocr_line' id='line_1_34' title="bbox 0 0 1824 5594; baseline 0 0"><span class='ocrx_word' id='word_1_277' title='bbox 0 0 1824 5594; x_wconf 95' lang='lat' dir='ltr'><strong> </strong></span> 
     </span>
    </p>
   </div>
  </div>
 </body>
</html>
