3526 5604
449 866 520 951 XX
568 867 604 955 b
633 865 829 952 tmstlttt
858 866 1047 953 tarmus

223 1077 255 1146 l.
281 1077 351 1148 lam
370 1077 411 1161 Ο.
424 1077 559 1149 Catulus
576 1102 643 1149 non
660 1079 797 1173 antiquo
815 1079 874 1149 illo
891 1101 995 1161 more,
1014 1079 1072 1148 sed
1090 1077 1153 1148 hon
1169 1087 1279 1150 nostro

136 1198 305 1269 eruditos.
347 1200 470 1272 Multae
495 1201 634 1284 litterae,
664 1224 793 1273 summa
818 1224 885 1270 non
911 1202 997 1271 vitae
1024 1203 1131 1271 solnm
1157 1211 1257 1294 atque
1284 1226 1345 1274 na-

135 1333 250 1404 turae,
277 1323 334 1392 sed
354 1325 512 1394 orationis
538 1326 637 1395 etiam
662 1325 810 1406 comitas,
836 1325 1028 1417 incorrupta
1053 1325 1216 1419 quaedam
1233 1327 1345 1399 Latini

134 1447 306 1516 sermonis
339 1448 528 1540 integritasa
567 1472 653 1543 quae
684 1448 828 1543 perspici
859 1473 934 1519 cnm
967 1473 1009 1519 ex
1041 1451 1244 1522 orationibus
1274 1452 1344 1522 eius

133 1581 265 1662 potest,
304 1584 373 1642 tum
399 1575 556 1644 facillime
587 1597 628 1644 ex
654 1596 694 1643 eo
719 1573 822 1656 libro,
857 1596 957 1666 quem
983 1573 1024 1644 de
1049 1576 1220 1646 consulatu
1246 1576 1343 1646 etde

134 1695 242 1765 rebus
274 1698 375 1790 gestis
408 1699 473 1768 suis
505 1698 725 1791 conscriptum
757 1698 851 1767 molli
882 1708 914 1767 et
945 1697 1187 1790 Xenophonteo
1219 1721 1343 1791 genere

134 1813 304 1890 sermonis
329 1822 416 1892 misit
440 1823 482 1892 ad
513 1825 554 1895 Α.
580 1823 718 1892 Furium
749 1830 881 1913 poetam
907 1821 1104 1891 familiarem
1130 1846 1247 1903 suum;
1286 1824 1343 1917 qui

135 1943 227 2014 liber
262 1946 367 2016 nihilo
400 1947 511 2016 notior
544 1957 593 2016 est
625 1968 726 2039 quam
759 1945 810 2015 illi
844 1953 909 2014 tres
943 1943 984 2014 de
1014 1944 1134 2036 quibus
1168 1956 1243 2015 ante
1273 1945 1343 2017 dixi

136 2066 271 2136 Scauri.
319 2067 404 2138 Tum
429 2070 569 2139 Brutus:
611 2068 694 2140 mibi
729 2068 865 2160 quidem
897 2085 960 2137 nec
991 2067 1052 2136 iste
1076 2077 1173 2138 notus
1205 2080 1256 2139 est
1280 2093 1343 2141 nec
1475 2147 1481 2160 ‚

136 2189 278 2260 illi...
303 2217 486 2287 numquam
513 2196 602 2266 enim
627 2196 662 2265 in
685 2217 802 2265 manus
824 2194 1021 2264 inciderunt.
1064 2193 1169 2265 Oicnn
1188 2198 1224 2265 in
1242 2199 1343 2267 Brnto

136 2309 199 2396 35,
227 2312 311 2386 132.
352 2317 482 2388 Omnbus
506 2322 545 2390 de
569 2320 704 2390 Cimbris
729 2319 936 2410 triompbooit
959 2341 991 2387 o.
1014 2316 1097 2400 653,
1124 2322 1277 2391 sbtinctns
1300 2334 1342 2390 cst

135 2461 169 2507 o.
194 2435 281 2510 667.
320 2441 503 2512 Corminnm
530 2446 596 2513 eins
626 2435 677 2530 (de
701 2443 815 2534 qnibns
830 2442 956 2511 Plinius
974 2443 1061 2533 epist.
1088 2441 1122 2524 5,
1149 2440 1184 2525 3,
1211 2438 1246 2533 5)
1275 2466 1342 2514 ser·

135 2577 257 2633 norunt
285 2563 469 2637 Vdisticbn
494 2568 601 2637 Cicero
625 2581 653 2638 nt
678 2566 809 2636 Gallina.
848 2564 956 2656 Magis
981 2588 1020 2634 ao
1043 2566 1151 2658 magis
1177 2578 1209 2637 et
1233 2569 1340 2660 gratia

136 2697 169 2757 et
195 2711 278 2758 cura
302 2690 381 2759 artis
407 2686 676 2782 [grammaticae]
702 2689 850 2771 increvit,
881 2700 982 2758 utne
1008 2690 1181 2760 clarissimi
1206 2692 1340 2786 quidem

134 2810 199 2881 viri
218 2812 437 2884 abstinuerint
453 2815 629 2908 quominus
647 2825 678 2885 et
699 2814 762 2907 ipsi
787 2812 913 2906 aliquid
939 2812 980 2883 de
1003 2836 1043 2882 ea
1060 2814 1253 2898 scriberent,
1273 2867 1281 2884 .
1302 2866 1310 2885 .
1330 2867 1339 2884 .

135 2936 243 3026 pretia
268 2959 348 3006 vero
374 2938 664 3028 grammaticorum
689 2947 789 3020 tanta,
818 2946 854 3007 nt
878 2945 1002 3006 constet
1030 2937 1197 3006 Lutatium
1222 2939 1341 3032 Daph-

134 3059 251 3129 nidem
270 3111 279 3128 .
299 3112 308 3130 .
328 3111 336 3128 .
354 3061 569 3154 septingentis
594 3061 729 3131 milibus
754 3083 927 3132 nummum
948 3082 969 3130 a
987 3060 1029 3144 Q.
1048 3060 1167 3130 Catulo
1192 3073 1339 3156 emptum

134 3206 175 3254 ac
208 3185 303 3255 brevi
337 3186 586 3256 manumissum.
632 3185 800 3256 Suetonius
832 3188 870 3254 ds
894 3207 1027 3275 promm.
1056 3181 1090 3254 3.
1123 3189 1180 3278 cfr.
1212 3188 1339 3258 Plinius

133 3323 203 3379 not.
230 3308 363 3392 bisti,
389 3307 448 3393 39,
479 3308 559 3382 128.
667 3312 701 3379 2.
732 3312 770 3379 ln
795 3331 908 3402 pugna
934 3331 1036 3400 prope
1062 3310 1230 3380 Vercellas
1261 3333 1337 3380 cnm

137 3433 282 3505 Cimbris
308 3435 541 3506 committenda
566 3487 574 3504 .
595 3487 631 3505 ..
656 3435 791 3506 Catulus
815 3433 938 3503 milites
964 3433 1078 3504 habuit
1103 3433 1220 3526 viginti
1244 3434 1338 3506 milia

134 3567 311 3640 necentos,
337 3559 460 3630 Marius
486 3557 620 3651 triginta
636 3559 702 3628 duo
719 3558 821 3628 milia.
864 3559 974 3650 Atque
999 3558 1025 3627 is
1051 3558 1157 3628 aciem
1183 3558 1339 3629 instruxit

133 3681 189 3762 ita,
216 3693 254 3751 ut
278 3680 314 3750 in
339 3682 486 3752 medium
512 3681 654 3774 acceptis
680 3681 788 3752 Catuli
820 3681 1005 3773 legionibus
1035 3703 1110 3750 suos
1142 3681 1258 3752 dextra
1289 3683 1338 3752 si-

132 3806 305 3896 nistraque
330 3806 521 3888 collocaret,
560 3815 631 3875 tum
662 3805 827 3898 productis
861 3806 961 3897 longe
987 3806 1141 3877 cornibus
1166 3807 1338 3900 pugnandi

132 3929 269 4000 initium
293 3929 369 3999 lecit
393 3930 543 4013 consilio,
569 3930 849 4024 quemadmodum
869 3930 962 4000 Sulla
987 3931 1045 4023 qui
1072 3930 1103 4000 ei
1128 3931 1257 4023 proelio
1282 3933 1336 4000 in·

131 4053 248 4122 terluit
277 4051 433 4144 scriptum
465 4054 609 4146 reliquit,
651 4054 707 4123 tali
739 4063 774 4123 ut
802 4055 938 4124 victoria
970 4053 1022 4123 sui
1053 4053 1217 4124 exercitus
1242 4053 1336 4125 lieret

132 4178 267 4269 propria
293 4187 325 4246 et
350 4180 485 4250 Catulus
510 4203 529 4250 a
555 4179 736 4250 certamine
768 4180 1000 4250 excluderetur
1026 4231 1092 4249 ...
1118 4179 1247 4249 Eadem
1278 4203 1335 4248 re·

131 4322 206 4370 rum
233 4303 437 4393 expositione
455 4305 603 4374 raserunt
618 4303 770 4376 Catulum
796 4305 854 4385 oti,
882 4316 1033 4396 questum
1060 4303 1100 4373 dc
1123 4303 1221 4374 Marii
1248 4303 1280 4372 in
1299 4326 1334 4372 sc

131 4424 349 4516 malignitate.
392 4427 578 4503 Plntorcbos
602 4427 709 4497 blasio
729 4425 789 4508 25,
815 4426 850 4497 2.
952 4428 985 4497 3.
1012 4426 1154 4498 Romani
1182 4426 1335 4518 corpori-

130 4547 193 4618 bus
218 4549 265 4618 ita
290 4550 474 4620 exercitatis
500 4550 598 4619 etad
625 4549 754 4620 labores
780 4549 946 4620 obduratis
978 4560 1085 4632 erant,
1121 4562 1158 4620 nt
1183 4550 1216 4619 in
1243 4561 1333 4620 tanto

130 4683 223 4742 aestu
256 4674 410 4764 laetoque
442 4673 527 4744 inter
559 4673 758 4744 currendum
790 4674 913 4766 impetu
939 4673 1107 4744 neminem
1134 4696 1175 4742 ex
1201 4672 1252 4744 his
1278 4673 1332 4743 vel
