3576 5602
397 659 468 727 460

396 859 484 916 entus
505 872 576 915 esse
598 857 750 915 videatur.
793 857 1050 926 Quemadmodum
1071 859 1166 934 igitur
1186 859 1241 916 vix
1262 859 1377 933 aliquis
1399 859 1430 918 in
1453 859 1605 918 eiusmodi

396 961 531 1023 diotione
545 961 709 1021 offenderit
729 963 851 1022 mmuloc
871 964 987 1024 oedibus
1003 965 1146 1024 mutandis
1166 980 1234 1038 apes
1254 964 1351 1022 oblato
1373 971 1424 1038 eet,
1448 966 1489 1022 ita
1512 966 1605 1023 etiam

395 1069 595 1130 dubitaretur
614 1070 755 1128 nouandis
777 1069 839 1129 dioi
860 1087 955 1147 posse
978 1071 1108 1130 videtur.
1150 1071 1292 1148 Seriptor
1314 1071 1409 1148 igitur
1435 1072 1530 1132 dubiis
1552 1091 1605 1130 re-

395 1177 450 1236 bus
471 1177 614 1252 ponendo
635 1195 746 1238 novam
768 1179 871 1238 intulit
891 1180 1060 1255 notionem,
1093 1180 1145 1238 vel
1165 1181 1321 1240 notionem
1347 1180 1493 1240 vocabuli
1518 1181 1606 1240 reto·

395 1286 532 1360 mutavit,
562 1286 604 1344 ita
630 1291 663 1346 ut
685 1304 724 1346 ne
745 1304 855 1347 menore
876 1288 999 1363 quidem
1028 1289 1208 1348 sollemnem
1236 1289 1321 1348 illam
1348 1288 1605 1366 significationem

395 1393 553 1468 retineret,
574 1394 630 1452 sed
650 1393 728 1452 nihil
742 1394 802 1453 nisi
816 1401 928 1454 mutere
947 1395 1146 1472 significaret.
1169 1395 1216 1455 lta
1236 1396 1317 1472 apud
1336 1395 1456 1454 Livium
1474 1414 1544 1454 ιιιιι.
1559 1398 1604 1452 31.

399 1498 448 1574 „ln
471 1501 603 1560 tribunis
632 1500 761 1560 militum
787 1507 935 1562 novatum
962 1519 1001 1562 eo
1027 1519 1106 1563 arrno
1127 1506 1257 1580 propter
1278 1503 1510 1563 Macedonicum
1532 1503 1604 1560 bel-

394 1599 483 1663 lum.“
511 1603 551 1664 llt
562 1605 690 1665 Ovidius
706 1607 824 1666 llletam.
846 1627 875 1667 ιι.
892 1611 967 1668 674ι
990 1613 1105 1668 novata
1125 1610 1176 1668 est
1196 1625 1258 1668 vox
1279 1613 1310 1667 et
1334 1608 1430 1667 lanies
1453 1609 1472 1666 i.
1488 1627 1514 1668 e.
1538 1625 1606 1668 mn-

395 1713 466 1771 tata.
503 1711 547 1770 ld.
563 1714 591 1787 l,
613 1714 680 1772 279.
715 1731 790 1788 „neo
805 1715 915 1790 loquor
937 1719 969 1774 nt
991 1716 1142 1790 quondam
1163 1723 1280 1775 natura
1301 1715 1369 1774 iure
1389 1719 1517 1791 novato,
1540 1733 1606 1774 am-

395 1817 504 1895 biguus
526 1817 621 1877 luerit
642 1819 733 1879 modo
756 1819 813 1894 vir,
835 1820 926 1880 modo
948 1819 1061 1880 semina
1083 1815 1233 1896 Sytbbn,¹‘
1269 1827 1303 1881 et
1321 1821 1403 1897 apud
1426 1815 1622 1881 Cineronem‘

397 1925 436 1983 de
452 1922 546 2000 Legg.
562 1943 603 1983 ιιι.
619 1929 646 1983 5.
672 1925 766 2000 „nibil
783 1927 884 2003 habui,
906 1944 982 1987 sane
996 1945 1055 1987 non
1072 1929 1207 2002 multum,
1230 1929 1312 2003 quod
1330 1933 1470 2005 putarem
1486 1946 1608 1988 novan-

396 2031 466 2090 dum
479 2031 512 2089 in
526 2031 679 2109 legibus.“
695 2032 767 2091 (lum
785 2033 877 2110 igitur
891 2035 985 2093 vnriae
998 2035 1120 2094 dicendi
1133 2035 1271 2095 lormulae
1283 2039 1389 2094 essent
1403 2036 1607 2113 inpromptu:

397 2139 520 2198 miseris
543 2139 593 2197 vel
609 2139 770 2215 oppressis
785 2155 857 2216 spes
871 2157 973 2200 rerum
988 2159 1136 2202 novarum
1150 2143 1269 2216 oblatu;
1295 2142 1480 2216 simulatque
1499 2143 1530 2202 in
1547 2148 1608 2202 tarn

395 2243 498 2304 dubiis
525 2246 618 2305 rebus
641 2246 750 2304 melior
775 2264 849 2324 spes
875 2247 1003 2324 affulsit3
1034 2249 1122 2308 simul
1152 2253 1270 2309 mmeroe
1291 2249 1485 2309 condicionis
1507 2253 1609 2308 muta-

395 2352 474 2411 tioni
495 2352 582 2411 loeus
603 2369 675 2412 esse
698 2351 875 2429 videbatnr;
909 2355 1044 2431 scriptor
1065 2373 1104 2414 ex
1133 2356 1183 2415 bis
1210 2356 1307 2414 variis
1328 2356 1474 2415 sensibus
1495 2374 1609 2416 novum

396 2457 547 2532 quoddam
569 2459 692 2519 dieendi
713 2477 810 2537 genum
828 2461 1017 2537 oomposuit:
1049 2459 1156 2520 Dubiis
1170 2461 1263 2521 rebus
1282 2462 1433 2522 novandis
1454 2481 1529 2540 spes
1547 2465 1611 2523 ob-

396 2563 458 2623 lata
481 2569 538 2640 est,
561 2567 579 2624 i.
596 2583 621 2626 e.
646 2583 713 2626 eum
734 2565 803 2626 lieri
824 2584 918 2644 posse
939 2567 1110 2642 videretur,
1133 2573 1165 2628 nt
1186 2569 1298 2629 misera
1320 2569 1372 2629 illa
1394 2571 1508 2629 civium
1531 2589 1610 2630 oon·

397 2671 480 2730 dioio
502 2672 533 2730 in
555 2672 663 2732 melius
684 2676 862 2733 mutaretur.

477 2779 680 2855 eoeeooyutboe
710 2782 814 2838 ceteris
841 2777 911 2838 Bas.
931 2800 949 2840 ι.
985 2783 1067 2856 quod
1096 2783 1135 2842 ab
1162 2784 1201 2842 iis
1223 2784 1358 2843 additum
1380 2801 1452 2844 esse
1474 2786 1611 2860 videtur,

396 2885 448 2959 qui
478 2885 544 2943 baeo
566 2885 661 2944 verba
683 2903 739 2962 pro
762 2885 900 2946 ablativo
922 2887 1067 2948 absoluto
1089 2889 1240 2950 baberent
1265 2897 1296 2949 et
1320 2897 1501 2969 extorquere
1525 2893 1610 2952 nullo

396 2991 501 3051 dativo
523 2992 629 3053 addito
652 2995 712 3054 diei
733 3011 827 3072 posse
850 2996 1034 3054 statuebant.

476 3115 501 3158 e.
522 3101 570 3158 oo.
605 3103 764 3160 cledonium
785 3099 856 3161 Bas.
877 3121 897 3159 ι.
925 3102 1001 3160 uidet
1019 3102 1085 3162 illos
1112 3141 1136 3148 -
1161 3105 1294 3163 municio
1316 3103 1405 3162 idem.

477 3222 501 3264 o.
523 3209 571 3267 lt.
597 3223 754 3282 proxumo:
784 3226 812 3284 u,
839 3210 933 3268 babet
958 3209 987 3268 b.
1007 3210 1026 3268 l.
1053 3208 1123 3268 Bas.
1149 3228 1169 3268 ι.
1204 3227 1288 3270 soum
1312 3227 1433 3288 qumque
1464 3214 1611 3286 mequomo

395 3309 465 3371 Bas.
490 3316 514 3371 l.
537 3319 569 3372 et
587 3314 678 3390 longe
693 3314 815 3391 plurimi
835 3315 919 3390 libri,
942 3333 1026 3375 suum
1043 3319 1149 3394 quique
1166 3316 1253 3377 solus
1269 3317 1427 3376 Parisinus
1449 3315 1508 3386 (de
1523 3315 1610 3375 Leid.

394 3417 429 3476 1..
451 3419 530 3478 euim
552 3437 611 3480 non
633 3422 710 3480 satis
726 3419 861 3492 onustat)
884 3425 915 3481 et
936 3421 1043 3481 (lodex
1065 3422 1153 3500 llivii,
1176 3424 1375 3501 sodomisque
1400 3429 1433 3483 et
1455 3425 1610 3483 sermonis

397 3521 498 3584 Latini
519 3526 673 3604 elegantia
695 3531 727 3587 et
748 3545 858 3588 sensns
878 3529 1024 3605 postulat.

478 3649 502 3692 e.
526 3635 574 3692 ll.
604 3649 641 3692 oo
660 3634 782 3693 Leomlo
803 3651 860 3711 pro
882 3635 926 3712 ab,
957 3637 1099 3696 mendum
1120 3638 1289 3714 scriptura.
1308 3635 1381 3698 Bas.

478 3756 503 3798 e.
526 3741 573 3798 lb.
607 3741 638 3800 C.
657 3744 819 3816 promptimo
849 3739 919 3801 Bas.
943 3761 963 3802 ι.
1002 3743 1148 3818 Pomptino
1182 3744 1280 3804 Paris.
1313 3743 1450 3805 Einsied.
1485 3745 1610 3821 Promp-

398 3847 467 3903 tim‘o
481 3845 548 3905 Tur.
565 3847 721 3922 Pomptinis
743 3866 782 3908 ex
797 3847 947 3909 Gioerone
969 3849 1163 3910 emendatum
1185 3851 1273 3910 Catil.
1292 3851 1342 3910 lll.
1358 3855 1386 3910 2.
1401 3856 1429 3912 5.
1451 3856 1493 3911 ito
1511 3859 1609 3928 uomit.

396 3951 535 4011 Permittit
556 3953 614 4012 illia
636 3954 715 4013 male
737 3956 968 4032 interponetum,
995 3961 1027 4015 et
1048 3956 1119 4016 inde
1145 3975 1295 4034 perversa
1317 3959 1412 4017 leetio
1433 3965 1513 4018 orta.
1547 3958 1611 4018 Sed

395 4060 440 4119 illi
461 4058 557 4119 Paris.
580 4061 647 4120 Tur.
669 4076 685 4119 a
707 4077 801 4137 super
818 4061 936 4120 lineam.
955 4067 1146 4138 promotionum
1170 4064 1325 4125 obtestatus
1345 4063 1417 4125 Bas.
1431 4084 1450 4124 ι.
1481 4072 1567 4125 noum
1582 4070 1611 4124 ei

397 4165 493 4242 idem;
516 4183 583 4242 quae
606 4167 756 4226 voeabula
779 4173 867 4227 erant
885 4170 1119 4245 transponenda.

476 4291 501 4333 e.
518 4275 566 4332 ll.
583 4273 653 4345 fidei
667 4293 698 4348 p.
713 4273 782 4334 Bas.
798 4279 823 4334 1.
834 4274 943 4335 Sullam
957 4274 1028 4336 Bas.
1044 4295 1054 4334 ι
1075 4295 1113 4336 m.
1128 4295 1174 4355 pr.
1192 4296 1229 4337 m.
1246 4277 1381 4338 secunda
1394 4279 1445 4340 Sil.
1461 4281 1610 4339 eorrexit.

479 4381 639 4456 Caeparius
661 4381 753 4457 idem,
774 4386 809 4442 ut
830 4400 934 4460 supra,
958 4385 1014 4443 sed
1036 4385 1129 4444 tertio
1151 4386 1221 4446 loeo
1243 4390 1378 4461 ceperim
1395 4415 1432 4424 —
1447 4387 1524 4462 Cep.
1547 4387 1611 4446 Pa-

397 4487 449 4545 ris.
473 4483 609 4547 Einsied.
630 4489 698 4548 Tur.

480 4612 504 4653 e.
528 4598 567 4653 ts
598 4595 739 4656 laeticiam
760 4597 887 4674 oqitobot
906 4596 976 4656 Bas.
1007 4617 1027 4659 1.
1054 4597 1193 4657 nonnum
1218 4597 1258 4656 od
1275 4604 1405 4658 renonem
1426 4607 1492 4657 erut
1512 4600 1611 4663 idem:

397 4703 447 4776 qui
470 4703 635 4762 verborum
658 4704 735 4763 ordo
759 4721 814 4780 per
841 4722 977 4764 errorem
1008 4723 1066 4765 non
1090 4704 1251 4764 restitutus
1277 4711 1337 4778 est;
1369 4705 1482 4764 ommis
1510 4707 1611 4774 idem;
