3702 5600
1378 627 1449 696 513

323 839 348 880 c.
378 823 425 882 67.
453 822 605 897 trepidare,
637 839 734 883 urcem
763 823 869 900 optimi
896 823 969 884 libri
996 823 1067 884 Bes.
1088 822 1154 884 llin.
1176 823 1245 884 Par.
1267 844 1294 883 z.
1321 825 1350 883 b.
1374 842 1399 885 c.
1419 844 1449 884 rc

243 926 283 985 od
294 944 391 987 urcem
409 929 476 987 Tur.
496 927 580 988 Leid.
603 929 664 988 olii.
681 930 763 1004 quod
783 947 888 990 omnes
911 931 977 991 lere
999 931 1138 990 editores
1158 939 1350 1008 receperunt.
1386 931 1449 991 Sed

243 1034 375 1109 priorem
398 1035 561 1094 lectionem
587 1053 641 1094 cur
667 1035 710 1094 illi
740 1053 799 1096 non
827 1037 1014 1110 admiserint,
1048 1037 1189 1114 equidem
1216 1053 1275 1096 non
1298 1037 1448 1115 intelligo.

242 1141 376 1218 Zeugma
392 1147 448 1216 est,
471 1159 569 1217 neque
592 1159 630 1201 ex
652 1142 840 1219 durissimis,
862 1143 957 1203 multo
978 1145 1075 1221 magis
1097 1144 1198 1203 aliena
1219 1144 1341 1204 Tacitus
1362 1162 1448 1204 com·

242 1250 353 1324 posuit,
376 1249 431 1307 cir.
454 1249 557 1326 Agric.
587 1266 611 1307 o.
634 1251 682 1308 lb.
725 1267 781 1308 nos
807 1249 935 1309 Maurici
959 1249 1137 1324 Rusticique
1158 1250 1253 1325 visus,
1279 1267 1335 1310 nos
1357 1251 1448 1312 innc-

243 1358 322 1415 centi
344 1349 491 1434 sanguine
513 1357 644 1416 Senecio
666 1356 812 1434 pertudit.
834 1356 961 1419 Histoi.
985 1359 1023 1415 20
1046 1357 1128 1433 quod
1152 1359 1276 1418 arduum
1299 1359 1366 1432 sibi,
1392 1374 1447 1418 oe-

242 1468 309 1522 tera
336 1464 448 1538 legatis
477 1463 630 1540 permisit;
662 1463 739 1522 Αιιιι.
766 1481 806 1520 rv.
836 1465 883 1523 29.
913 1463 1028 1524 lessam
1059 1464 1247 1540 loricamque
1272 1471 1447 1525 contexens.

241 1567 319 1626 llist.
349 1587 376 1626 v.
406 1570 453 1626 22.
497 1571 590 1643 utque
619 1569 658 1627 ad
685 1567 853 1627 fallendum
891 1569 1025 1644 silentio,
1058 1570 1102 1629 ita
1133 1574 1232 1647 coepta
1261 1571 1354 1648 caede,
1387 1589 1447 1646 quo

241 1673 310 1751 plus
325 1677 455 1735 terroris
471 1678 629 1752 adderent,
651 1682 758 1736 cuncta
778 1675 962 1736 clamoribus
978 1678 1154 1743 miscebant.
1170 1677 1224 1738 cir.
1239 1676 1304 1736 Liv.
1318 1698 1381 1754 xxr,
1397 1682 1447 1740 31.

242 1779 386 1850 (liuvius)
420 1798 500 1840 nova
529 1798 651 1858 semper
677 1781 756 1840 vada
787 1799 947 1858 novosque
976 1783 1114 1859 gurgites
1144 1813 1182 1824 -
1207 1783 1246 1843 ed
1275 1784 1341 1844 bec
1370 1803 1446 1846 saxa

239 1887 383 1964 glareosa
405 1889 544 1950 volvens.
566 1909 639 1950 xxn.
665 1893 710 1950 19.
733 1891 861 1949 rravibus
883 1907 981 1968 prope
1001 1894 1127 1965 ternam,
1159 1893 1327 1951 exercitum
1349 1892 1378 1951 in
1405 1893 1446 1950 li-

240 1995 308 2052 tore
339 1994 479 2054 ducebat.
507 2014 580 2054 xxv.
607 1997 654 2054 39.
676 1996 707 2054 ni
729 2000 855 2055 cruenta
882 2001 968 2055 scuta
988 1996 1190 2056 Romanorum
1214 1997 1280 2056 visa
1302 1997 1446 2057 indicium

239 2101 367 2160 alterius
389 2102 487 2161 cladis
509 2103 612 2161 Poenis
634 2105 725 2178 atque
748 2103 818 2162 inde
839 2119 986 2179 pavorem
1002 2103 1194 2179 iniecissent;
1218 2109 1249 2162 et
1270 2119 1340 2162 mox
1362 2121 1386 2163 c.
1407 2105 1446 2163 69

238 2211 338 2266 mailoc
367 2213 471 2266 cuncto
490 2224 585 2281 poenoe
611 2213 663 2267 out
684 2207 793 2282 prodo
820 2208 886 2284 soil,
912 2209 963 2267 ubi
991 2225 1077 2268 nomo
1104 2227 1241 2284 umquam
1264 2208 1446 2284 simpliciter

232 2331 328 2389 pono
349 2329 414 2372 esso
441 2313 562 2372 dixerit.
605 2313 786 2382 Quibuscum
809 2315 835 2372 si
856 2319 993 2374 nostrum
1021 2315 1118 2374 locum
1144 2332 1313 2392 comparas,
1341 2317 1444 2374 struc-

238 2423 335 2478 turam
356 2419 454 2478 minus
476 2420 582 2478 durem
605 2419 752 2478 invenies.
770 2419 959 2494 probibentur
979 2426 1011 2480 et
1032 2421 1140 2480 hostes
1161 2438 1179 2479 a
1200 2421 1291 2496 locis,
1322 2420 1444 2494 etlooa

237 2526 276 2584 ab
297 2526 451 2604 hostibus;
475 2526 541 2586 Liv.
563 2547 645 2587 xxxi.
668 2530 714 2588 25.
737 2545 830 2604 egros
845 2529 1005 2612 sociorum
1030 2529 1278 2606 populationibus
1300 2529 1443 2606 probibi-

237 2640 345 2693 turum.
367 2652 408 2692 111.
426 2632 472 2693 28.
497 2635 554 2693 iam
577 2651 611 2693 se
635 2634 675 2693 ad
695 2635 889 2711 prohibenda
911 2636 1093 2695 circumdari
1115 2652 1209 2712 opera
1228 2636 1327 2710 Aequi
1348 2653 1443 2713 para-

236 2743 318 2802 bant.
340 2741 424 2801 Nihil
446 2743 538 2818 igitur
559 2760 636 2820 opus
659 2747 707 2803 est
729 2761 817 2818 quam
845 2751 877 2804 ut
898 2746 980 2802 odire
1002 2744 1052 2804 vel
1073 2745 1109 2803 ob
1130 2745 1208 2804 odila
1228 2743 1344 2803 militum
1366 2761 1442 2819 sup·

236 2851 367 2928 pleatur.
395 2868 484 2926 quern
511 2852 550 2910 ad
572 2853 693 2911 modum
715 2852 809 2936 igitur
832 2870 924 2929 supra
947 2854 1060 2913 dictum
1083 2856 1143 2912 est:
1168 2856 1349 2930 insequentes
1370 2868 1442 2910 ηια-

235 2960 321 3019 nibus
341 2960 487 3034 probibuit
507 2965 538 3020 et
563 2960 627 3020 eat.
651 2979 676 3020 o.
692 2963 730 3020 28
753 2961 796 3020 illi
815 2965 905 3021 ionico
924 2963 1067 3037 prohibiti,
1099 2963 1142 3021 ita
1166 2962 1257 3021 etiam
1277 2978 1334 3020 arx
1356 2963 1442 3018 recte

234 3067 396 3144 prohiberi
416 3088 473 3147 per
494 3087 620 3147 zeugma
643 3070 703 3130 dici
728 3087 822 3147 posse
846 3071 979 3130 videtur.

316 3191 340 3232 o.
363 3176 411 3233 68.
448 3178 546 3234 Vocem
567 3175 637 3234 Bas.
662 3179 738 3252 Vape
757 3176 825 3235 Par.
847 3176 902 3234 scd
931 3193 965 3234 cc
989 3175 1046 3251 spl.
1073 3175 1214 3251 quendam
1243 3174 1313 3234 Bas.
1340 3172 1439 3251 ospl.

235 3278 303 3338 Par.
332 3281 484 3342 mouente
509 3287 605 3341 omnio
631 3283 713 3342 docet
737 3283 807 3342 llas.
835 3287 865 3342 in
888 3286 982 3358 primo
1011 3282 1101 3341 tulere
1127 3299 1231 3340 omnes
1259 3281 1326 3340 lere
1353 3280 1439 3355 libri;

235 3385 292 3444 lule
312 3385 381 3445 Vat.
409 3391 433 3444 1.
460 3387 528 3446 Par.
557 3405 581 3446 o.
613 3387 704 3446 Bnrb.
734 3394 760 3448 5.
786 3407 823 3447 m.
852 3406 896 3465 pr.
925 3387 956 3446 id
986 3388 1066 3462 quod
1092 3389 1150 3446 iam
1173 3392 1245 3445 ante
1267 3386 1438 3446 Palmarius

235 3493 411 3553 coniectura
436 3496 597 3553 assecutus
629 3500 705 3569 erat,
737 3512 804 3570 quae
832 3499 918 3554 recte
949 3495 987 3553 ab
1015 3495 1154 3554 omnibus
1181 3493 1352 3552 editoribus
1384 3509 1437 3552 rc-

234 3606 323 3676 copta
346 3609 403 3676 est,
424 3603 552 3677 primum
575 3603 655 3660 enim
677 3603 759 3662 latus
781 3603 936 3661 exercitus
957 3619 1014 3678 pro
1036 3601 1138 3660 fronte
1161 3601 1210 3659 vel
1223 3604 1320 3674 primu
1338 3600 1437 3674 fronte

234 3704 289 3765 cir.
311 3705 377 3765 Liv.
400 3728 427 3767 x.
446 3711 489 3768 lt.
513 3724 599 3766 nemo
623 3726 760 3784 umquam
780 3709 865 3767 dixit.
887 3712 918 3767 in
934 3711 1030 3782 primo
1044 3708 1157 3766 dictum
1180 3713 1211 3765 ut
1230 3710 1260 3764 in
1281 3706 1380 3780 medio,
1406 3709 1436 3764 in

232 3819 371 3888 extremo,
393 3817 423 3871 in
440 3831 587 3889 proeumo
610 3817 666 3873 etc.
702 3813 749 3873 lta
770 3815 849 3890 apud
870 3813 988 3873 Livium
1011 3833 1040 3871 ιι.
1060 3814 1107 3871 20.
1129 3812 1296 3888 provolant
1315 3812 1346 3872 in
1367 3813 1435 3890 pri-

233 3937 320 3980 mum.
342 3921 434 3979 etad
457 3919 514 3979 lule
534 3920 589 3979 cir.
611 3919 676 3979 Liv.
698 3939 738 3979 ιιι.
761 3923 810 3979 27.
831 3920 924 3979 latius
946 3917 1101 3996 patefacta
1122 3919 1214 3978 acies.

314 4047 338 4088 c.
368 4031 414 4089 69.
447 4033 570 4088 animum
601 4029 751 4088 aduertere
778 4027 817 4086 od
845 4044 877 4086 ae
904 4044 1019 4086 coretum
1047 4026 1118 4085 Bes.
1147 4027 1216 4086 Par.
1239 4026 1266 4084 b.
1287 4043 1317 4085 x.
1339 4043 1364 4084 ιι.
1386 4042 1433 4084 on.

232 4134 384 4195 advertere
397 4134 465 4194 Par.
482 4152 506 4194 c.
522 4134 634 4211 colpum
649 4165 686 4176 -
701 4137 791 4193 turris
806 4134 875 4192 Bas.
890 4151 930 4192 ea
949 4132 1069 4193 collatio
1091 4131 1160 4191 llas.
1179 4133 1232 4192 cot.
1251 4132 1307 4208 spl.
1322 4132 1390 4190 Par.
1406 4151 1433 4190 z.
1524 4119 1532 4132 ’

231 4248 264 4302 et
277 4243 346 4302 Tur.
361 4261 397 4301 m.
413 4259 474 4302 seo.
486 4241 642 4301 LotioEin.
655 4241 736 4316 quod
747 4241 845 4300 solum
856 4239 1033 4316 dicipotnit,
1049 4256 1106 4298 non
1117 4241 1197 4298 enim
1207 4239 1245 4298 de
1261 4239 1367 4316 patria,
1378 4237 1434 4296 sed

232 4349 271 4408 de
287 4349 352 4408 iure
367 4346 445 4407 Latii
460 4347 576 4423 agitur3
598 4347 637 4406 de
652 4347 746 4406 sociis
769 4347 846 4405 enim
861 4344 980 4404 Latinis
994 4345 1092 4420 virgis
1111 4345 1291 4422 supplicium
1312 4361 1433 4404 sumere

230 4456 356 4515 licuisse
372 4454 566 4514 manifestum
588 4457 636 4514 est
658 4471 696 4513 ex
715 4453 793 4512 Plut.
810 4472 838 4512 v.
854 4453 885 4512 C.
903 4451 1033 4512 Gracchi
1048 4469 1073 4511 c.
1089 4453 1130 4526 9.,
1155 4451 1205 4510 ubi
1225 4451 1276 4509 lex
1296 4453 1334 4511 Μ.
1353 4450 1433 4512 Livii

231 4563 320 4624 llrusi
342 4566 602 4636 commemoratur,
628 4579 695 4636 quae
716 4563 745 4620 id
769 4561 833 4619 lueri
856 4560 989 4620 vetabat.
1011 4551 1104 4631 ὅπως
1118 4547 1198 4642 μηδ’·
1213 4551 1269 4620 ἐπὶ
1287 4552 1432 4637 στρατεί-

230 4691 269 4745 ας
289 4665 347 4756 ἐξῇ
366 4659 437 4733 τινὰ
450 4665 599 4733 Aouivmn
619 4659 756 4754 ῥάβδοις
777 4662 979 4742 αἰκίσασθαι,
1002 4685 1068 4742 quae
1086 4683 1146 4725 non
1161 4665 1281 4742 perlata
1296 4665 1347 4724 vel
1362 4682 1433 4725 mcx

1235 4773 1272 4830 93
