3526 5604
1247 731 1317 798 285

127 953 235 1001 eorum
254 928 387 1010 luerint,
414 929 471 1022 qui
493 951 559 1000 non
578 937 708 999 nostrae
728 928 949 999 contumeliae
970 951 1070 998 causa
1095 929 1129 998 id
1154 931 1320 1000 noluerint

128 1057 269 1135 evenire;
310 1055 366 1124 sed
397 1055 485 1123 enim
517 1053 552 1123 id
585 1063 751 1129 metuere,
786 1053 814 1120 si
846 1075 946 1122 nemo
977 1062 1060 1122 esset
1089 1053 1188 1122 bomo
1218 1076 1318 1145 quem

127 1202 320 1259 vereremur,
356 1175 518 1270 quidquid
543 1177 673 1247 luberet
697 1177 894 1259 laceremus,
929 1200 972 1247 ne
997 1177 1058 1246 sub
1083 1177 1154 1246 solo
1178 1177 1320 1269 imperio

127 1315 229 1372 nostro
252 1303 286 1371 in
313 1302 468 1372 servitute
494 1312 605 1370 nostra
629 1310 756 1380 essent3
797 1300 956 1370 libertatis
988 1323 1067 1370 suae
1093 1323 1193 1370 causa
1218 1301 1252 1370 in
1279 1323 1319 1369 ea

129 1428 279 1496 sententia
304 1427 404 1496 luisse
429 1425 581 1496 arbitror.
624 1425 733 1516 Atque
753 1423 957 1493 Rhodienses
982 1433 1092 1494 umen
1117 1427 1238 1496 Persen
1255 1449 1320 1516 pu·

129 1549 207 1619 blice
232 1572 412 1643 numquam
434 1549 600 1620 adiuvere.
650 1548 811 1638 Cogitate,
837 1557 964 1640 quanto
985 1571 1045 1618 nos
1067 1550 1153 1618 inter
1173 1573 1233 1619 nos
1250 1550 1323 1641 pri-

129 1674 220 1744 vatim
253 1674 382 1744 cautius
414 1673 562 1742 lecimus.
607 1673 692 1742 Nam
727 1673 955 1767 unusquisque
984 1685 1148 1756 nostrum,
1187 1675 1214 1744 si
1246 1674 1320 1767 quis

131 1797 275 1866 advorsus
307 1819 379 1866 rem
410 1818 504 1865 suam
537 1795 617 1886 quid
646 1794 721 1864 lieri
754 1796 948 1876 arbitratur,
983 1820 1110 1867 somma
1142 1799 1174 1867 vi
1206 1810 1320 1869 contra

131 1923 245 2003 nititur,
271 1943 314 1990 ne
340 1920 500 1990 advorsus
527 1941 600 1988 eam
627 1919 694 1988 fiat.
746 1919 844 2002 Quod
870 1920 920 1990 illi
946 1932 1054 1991 umen
1080 1924 1318 2015 perpessi...

131 2050 174 2116 lla
197 2069 283 2116 nunc
309 2046 486 2137 derepente
511 2053 600 2113 tanta
617 2043 779 2113 beneficia
800 2045 889 2114 ultro
904 2045 1063 2138 citroque,
1090 2057 1212 2117 uotam
1234 2049 1324 2118 ami-1

132 2171 233 2239 citiam
259 2168 511 2261 relinquemus?
552 2168 649 2251 Quod
680 2167 754 2237 illos
787 2167 925 2238 dicimus
956 2171 1097 2241 voluisse
1124 2173 1247 2254 lacere,
1286 2173 1322 2242 id

132 2317 184 2363 nos
215 2295 341 2386 priores
371 2294 482 2362 lacere
514 2291 773 2384 occupabimusl
886 2293 952 2376 Qui
977 2295 1138 2365 acerrime
1165 2298 1320 2369 advorsus

133 2441 181 2487 eos
204 2418 291 2499 dicit,
323 2415 368 2486 ita
394 2415 484 2496 dicit,
519 2414 619 2484 bostis
650 2415 792 2485 voluisse
823 2415 905 2484 lieri.
954 2420 1076 2510 Ecquis
1103 2427 1151 2488 est
1176 2421 1323 2502 tandem,

133 2545 183 2636 qui
199 2555 393 2623 rostrorum,
420 2540 509 2632 quod
536 2539 577 2609 ad
603 2561 674 2608 sese
700 2539 846 2621 attineat,
873 2564 1016 2634 aequum
1043 2557 1173 2614 censeat
1198 2568 1321 2638 poenas

133 2666 203 2736 dare
220 2667 262 2736 ob
281 2689 356 2736 earn
374 2688 457 2745 rem,
483 2663 573 2756 qnod
590 2675 748 2753 arguatur
770 2665 857 2734 male
875 2667 985 2736 lacere
1004 2669 1169 2738 voluisse?
1202 2673 1319 2751 Nemo,

134 2791 255 2882 opinor;
282 2813 361 2860 nam
388 2811 461 2878 ego,
489 2788 578 2880 quod
603 2788 645 2857 ad
671 2811 725 2857 me
751 2788 876 2870 attinet,
902 2792 1079 2862 nolim...
1107 2792 1195 2875 Quid
1213 2795 1325 2864 nuncl'

135 2937 227 3006 ecqua
251 2915 384 2984 tandem
409 2914 466 2983 lex
491 2923 539 2981 est
564 2924 629 2981 tam
655 2913 786 2993 acerbe,
819 2937 904 3006 qnae
930 2914 1037 2986 dicat:
1074 2917 1100 2985 si
1134 2919 1207 3009 quis
1238 2919 1321 2989 illud

136 3040 232 3108 lacere
263 3039 419 3122 voluerit,
458 3038 551 3108 mille
586 3038 694 3106 minus
724 3037 898 3108 dimidium
930 3040 1075 3111 familiae
1104 3043 1207 3112 multa
1233 3055 1320 3124 esto;

137 3163 256 3256 siquis
288 3163 363 3254 plus
392 3162 572 3253 quingenta
603 3160 719 3251 iugera
748 3159 872 3230 bebere
904 3163 1062 3244 voluerit,
1100 3175 1189 3235 tanta
1214 3189 1322 3258 poena

138 3299 213 3367 csto;
249 3289 275 3356 si
301 3289 375 3382 quis
408 3287 567 3356 maiorem
601 3308 744 3378 pecuum
776 3282 897 3370 [Festos
926 3290 980 3358 lib.
1007 3289 1052 3360 16
1074 3315 1099 3360 s.
1119 3315 1150 3360 o.
1174 3292 1321 3384 paurum]

92 3479 95 3487 ,
138 3435 297 3484 nnmerum
333 3412 455 3482 babere
487 3411 638 3491 voluerit,
678 3420 805 3480 tantum
836 3411 972 3482 damnas
1003 3426 1082 3484 esto.
1126 3416 1227 3508 Atqui
1262 3439 1321 3486 nos

137 3540 235 3608 omnia
260 3539 356 3630 plura
376 3531 524 3628 [plutini
558 3539 597 3628 cf.
615 3534 735 3604 Gellius
757 3533 791 3613 5,
810 3534 869 3616 21,
889 3534 928 3623 6]
955 3536 1077 3608 babere
1102 3540 1265 3622 volumus,
1292 3552 1323 3610 et

137 3662 164 3730 id
190 3665 281 3734 nobis
314 3663 451 3755 impune
486 3671 545 3730 est.
570 3713 577 3729 .
600 3713 636 3729 ..
676 3661 740 3730 Sed
773 3660 799 3728 si
826 3661 985 3733 bonorem
1012 3687 1079 3734 non
1105 3688 1249 3759 aequum
1276 3679 1324 3737 est
1367 3667 1370 3674 ’

136 3783 239 3856 baberi
256 3786 388 3855 obeam
407 3807 490 3864 rem,
517 3783 604 3876 quod
625 3785 709 3853 bene
734 3785 843 3853 lacere
859 3786 1002 3855 voluisse
1023 3789 1096 3880 quis
1113 3789 1193 3860 dicit
1212 3813 1323 3884 neque

137 3907 203 3978 lecit
226 3921 346 3989 umen,
373 3907 617 3977 Rhodiensibus
643 3907 730 3976 male
757 3907 830 3987 erit,
855 3930 922 3977 non
948 3910 1036 4002 quod
1058 3913 1321 3994 malefecerunt,

136 4033 185 4102 sed
208 4036 285 4126 quia
310 4034 452 4104 voluisse
479 4032 632 4102 dicuntur
657 4032 792 4101 taceret
820 4085 828 4100 .
852 4085 890 4101 ..
930 4035 1135 4105 Rhodienses
1165 4039 1322 4130 superbos

136 4179 199 4226 esse
222 4160 313 4228 aiunt
338 4157 373 4227 id
399 4155 609 4237 obiectantes,
649 4154 739 4246 quod
773 4155 853 4224 mibi
880 4167 912 4224 et
939 4156 1051 4227 liberis
1077 4159 1159 4228 meis
1184 4161 1322 4230 minime

136 4280 192 4350 dici
216 4283 324 4352 velim.
376 4280 449 4350 Sint
473 4303 551 4348 sane
577 4278 730 4370 superbi:
758 4278 839 4371 quid
864 4279 897 4349 id
922 4281 963 4350 ad
990 4305 1050 4353 nos
1075 4283 1208 4354 attinet?
1242 4285 1322 4356 ldne

136 4403 323 4488 irascimini,
357 4407 384 4474 si
419 4406 493 4498 quis
522 4405 695 4496 superbior
728 4415 774 4472 est
805 4427 906 4496 quam
937 4409 1021 4477 nos‘l
1045 4461 1052 4478 .
1075 4462 1114 4477 ..
1147 4412 1322 4482 Praeterea

11 4609 12 4614 ἵ
137 4527 179 4612 [in
203 4533 260 4600 ista
289 4532 439 4601 oratione
464 4529 684 4617 Rhodienses]
724 4553 812 4600 nunc
846 4543 882 4601 ut
914 4535 1036 4626 optime
1068 4535 1201 4605 meritos
1231 4559 1323 4605 com-

136 4655 269 4737 mendat,
295 4677 384 4724 nunc
410 4664 577 4746 umquam
603 4653 667 4722 sint
693 4654 883 4722 innocentes
903 4669 1033 4748 purgat,
1059 4681 1100 4726 ue
1126 4658 1211 4728 bona
1237 4659 1326 4729 divi-

139 4778 258 4872 tiaeque
283 4803 398 4851 eornm
423 4791 618 4872 expetantur
641 4779 803 4871 obiurget,
831 4793 970 4851 nuncet
994 4784 1088 4874 qnasi
1113 4786 1155 4852 sit
1180 4795 1326 4855 erratum
