3576 5602
473 629 544 701 398

473 839 583 923 patum
616 841 811 912 tennerunt;
850 831 906 926 qui
938 843 1010 924 post
1044 854 1116 900 eam
1151 832 1281 902 cladem
1314 833 1445 902 luerunt
1474 831 1646 924 superstites.

471 956 595 1047 recepti
625 978 645 1024 a
671 955 834 1037 Reatinis,
873 977 972 1047 saepe
1005 957 1122 1026 frustra
1159 955 1269 1026 conati
1302 956 1442 1049 patriam
1468 979 1648 1048 recuperare,

472 1101 589 1171 agrum
617 1079 723 1160 illum,
751 1090 920 1171 tamquam
946 1080 1116 1149 etiamtum
1142 1103 1220 1150 suus
1240 1090 1336 1159 esset,
1362 1080 1428 1149 diis
1453 1093 1650 1158 sacraverunt,
1755 1163 1756 1170 ἵ

472 1203 552 1273 diris
577 1203 775 1272 devoventes
801 1203 859 1295 qui
886 1204 918 1272 in
945 1215 1113 1297 posterum
1140 1205 1265 1274 fructus
1291 1227 1333 1274 ex
1356 1227 1397 1273 eo
1415 1205 1539 1295 capturi
1554 1216 1653 1274 essent.

472 1327 593 1397 Studiis
619 1329 708 1396 Lxx
730 1328 869 1396 aReate
895 1327 988 1397 abest
1012 1327 1146 1406 Cutilia,
1174 1329 1301 1400 clarum
1327 1329 1487 1421 oppidum
1511 1328 1550 1398 ad
1574 1352 1654 1397 mon·

471 1461 537 1520 tem
572 1451 732 1544 positum,
775 1463 808 1520 et
840 1451 882 1520 ab
915 1473 954 1520 ea
988 1475 1053 1520 uon
1086 1453 1185 1542 longe
1215 1454 1306 1523 lacus
1337 1465 1494 1544 quattuor
1522 1453 1653 1544 iugerum
1755 1463 1756 1499 t

473 1575 713 1667 magnitudine,
739 1575 856 1648 nativis
882 1589 914 1644 et
938 1576 1139 1669 perennibus
1164 1579 1260 1671 aquis
1279 1577 1409 1670 plenus,
1437 1578 1606 1646 immensae
1627 1587 1655 1644 ut

472 1699 567 1770 aiunt
591 1698 834 1791 profunditatis.
883 1699 971 1769 Huic
996 1723 1120 1770 numen
1147 1700 1314 1793 quoddam
1340 1724 1496 1790 praesens
1522 1723 1586 1770 esse
1607 1723 1655 1768 ac·
1755 1723 1756 1752 t

472 1825 566 1894 colae
592 1823 741 1904 credunt,
768 1823 943 1916 ipsumque
969 1823 1078 1894 lacum
1104 1824 1269 1894 Victoriae
1294 1848 1443 1904 sacrum;
1474 1825 1578 1916 itaque
1599 1824 1655 1892 cir·

472 1969 682 2042 cumquaque
708 1947 840 2018 coronis
866 1947 1046 2037 cingentes,
1079 1948 1248 2016 neminem
1274 1949 1542 2041 appropinquare
1565 1948 1657 2016 sinunt

473 2052 721 2162 indecessosque
746 2082 877 2140 servunt
901 2069 973 2138 eius
1000 2069 1124 2147 latices.
1158 2069 1219 2139 nisi
1246 2093 1323 2140 cum
1348 2081 1431 2140 stata
1457 2093 1547 2141 sacra
1572 2072 1657 2140 altero

474 2217 609 2288 quoque
636 2217 723 2265 anuo
749 2195 903 2264 sollemni
930 2194 997 2265 ritu
1022 2194 1157 2274 faciunt,
1183 2195 1479 2266 conscendentibus
1500 2197 1537 2266 iis
1555 2194 1657 2287 quibus

472 2320 522 2390 las
549 2317 657 2389 estin
683 2339 820 2411 parvam
853 2317 924 2386 eius
958 2317 1114 2394 insulam.
1159 2321 1209 2390 Ea
1235 2320 1343 2389 insula
1368 2322 1395 2389 L
1422 2319 1492 2389 lere
1517 2316 1656 2411 pedcsin

473 2443 680 2514 latitudinem
706 2441 805 2512 habet
831 2464 940 2533 neque
965 2442 1039 2533 plus
1065 2441 1148 2534 pede
1174 2465 1241 2512 uuo
1266 2466 1309 2511 ex
1333 2443 1429 2534 aquis
1455 2443 1585 2523 eminet.
1614 2440 1658 2508 in-

472 2567 598 2638 stabilis
624 2577 656 2636 et
681 2567 879 2660 plerumque
905 2566 971 2636 huc
995 2566 1076 2636 illuc
1102 2565 1276 2647 fluctuans,
1303 2579 1401 2660 prout
1426 2568 1532 2638 ventis
1556 2565 1658 2657 impel-

472 2692 562 2763 litur.
618 2694 654 2761 ln
688 2713 727 2761 ea
766 2713 903 2782 gramen
939 2689 1103 2781 quoddam
1138 2691 1288 2782 provenit
1331 2692 1468 2760 butomo
1501 2690 1602 2758 simile
1632 2699 1657 2756 et
1755 2681 1756 2684 '

473 2817 606 2887 frutices
630 2815 765 2906 quidam
792 2813 924 2904 exiguis
963 2835 1016 2883 res
1042 2812 1246 2883 incredibilis
1275 2813 1345 2883 visa
1375 2814 1415 2882 iis
1440 2815 1499 2906 qui
1523 2835 1584 2883 non
1607 2810 1656 2903 ipsi

472 2940 637 3020 viderunt,
663 2962 774 3030 neque
799 2938 870 3008 ullo
895 2937 1058 3008 miraculo
1084 2937 1203 3007 minor.
1251 2938 1429 3028 Dionysius
1453 2939 1612 3008 Halicore.
1630 2933 1655 3012 l.

476 3061 611 3136 14.15.
713 3063 747 3130 9.
776 3053 957 3150 [Pelasgos]
983 3061 1108 3151 primos
1135 3061 1240 3130 Varro
1265 3061 1394 3131 ltaliam
1426 3060 1576 3154 appulsos
1598 3078 1657 3126 esse

471 3194 718 3257 commemorat.
760 3183 906 3254 Isidorus
932 3186 1013 3274 orip.
1041 3182 1076 3263 9,
1102 3182 1138 3254 2.
1181 3184 1329 3274 Pelasgi.
1362 3183 1447 3255 sicut
1474 3185 1574 3254 Varro
1596 3203 1657 3250 me-

473 3325 590 3394 morat,
622 3336 698 3382 cum
724 3312 857 3382 sedibus
881 3312 949 3382 suis
975 3311 1060 3404 pulsi
1087 3312 1233 3382 diversas
1264 3322 1369 3381 terras
1395 3307 1560 3404 petissent,
1590 3331 1658 3378 con·

474 3439 644 3510 lluxerunt
660 3440 811 3532 plerique
829 3437 1003 3509 Dodonam
1025 3449 1058 3506 et
1080 3437 1209 3518 incerti,
1235 3438 1356 3532 quibus
1381 3436 1559 3508 haererent
1580 3433 1657 3512 locis,

474 3563 638 3634 eiusmodi
663 3586 821 3657 accepere
846 3583 1061 3655 responsumz

595 3714 739 3798 Ecelxece
759 3704 926 3796 μαιόμενοι
945 3712 1081 3778 Σικελῶν
1101 3711 1299 3798 Σατουρνίαν
1320 3705 1392 3780 αἶαν

587 3812 654 3893 'Hc'
671 3812 892 3910 Ἀβοριγινέων
914 3811 1072 3908 Κοτύλην,
1094 3811 1136 3888 οὗ
1154 3819 1252 3897 νᾶοος
1273 3809 1405 3901 ὀχεῖται·

599 3924 656 4011 Οἷς
675 3921 902 4015 ἀναμιχθέντες
920 3919 1053 4017 δεκάτην
1072 3921 1264 4019 ἐκπέμψατε
1287 3925 1402 4014 Φοίβῳ

596 4039 663 4106 Καὶ
681 4029 825 4128 κεφαλᾶς
837 4034 926 4125 A‘l'dp
947 4035 1001 4102 καὶ
1021 4038 1070 4120 uqi
1091 4034 1191 4122 πατρὶ
1211 4025 1354 4119 πέμπετε
1375 4037 1487 4125 φῶτα.

474 4200 675 4283 acceptaque
701 4195 788 4256 sorte
814 4206 891 4255 cum
917 4184 1049 4254 Latium
1079 4193 1152 4275 post
1183 4205 1312 4253 errores
1343 4183 1505 4275 plurimos
1530 4178 1658 4274 appulis·

474 4327 561 4396 sent,
595 4313 629 4383 in
656 4314 732 4384 lacu
758 4309 928 4382 Cutilieusi
955 4319 1086 4378 enatam
1116 4307 1258 4378 insulam
1293 4306 1656 4399 deprehenderunt

475 4445 547 4512 Hoc
574 4440 674 4530 igitur
700 4434 861 4506 miraculo
887 4431 1092 4525 deprehenso
1118 4430 1177 4501 has
1202 4431 1265 4500 sibi
1290 4430 1385 4502 sedes
1405 4431 1658 4526 praedictasesse

475 4567 672 4644 didicerunt,
704 4560 903 4651 vastatisque
928 4556 1155 4630 Siciliensibus
1186 4555 1301 4625 incolis
1335 4579 1539 4649 occupavere
1563 4552 1658 4644 regio-

475 4714 566 4766 nem,
605 4690 733 4758 decima
762 4683 905 4778 praedae
937 4681 1118 4752 secundum
1157 4703 1349 4773 responsum
1381 4681 1526 4772 Apollini
1557 4697 1657 4748 conse
