3576 5602
1280 631 1351 700 tao

144 824 302 895 Iudaeam
329 834 447 893 octona
473 824 565 894 milia
592 826 740 917 equitum
766 849 825 896 sua
851 829 990 918 pecunia
1022 830 1225 910 toleravisse‚
1260 831 1352 900 mille

144 952 300 1021 convivas
327 949 461 1019 totidem
488 951 597 1019 aureis
624 951 772 1042 potoriis,
806 962 985 1021 mutantem
1012 975 1049 1021 ea
1077 977 1153 1022 rasa
1180 978 1256 1024 cum
1284 956 1353 1023 ler-

145 1075 242 1155 cnlis,
267 1075 446 1166 saginasse.
489 1077 615 1146 Plinius
636 1093 704 1146 not.
727 1079 799 1146 ln'st.
818 1075 877 1160 33,
908 1078 964 1160 16,
995 1077 1075 1150 136.
1177 1082 1235 1149 77.
1264 1082 1354 1150 Dac-

145 1198 358 1291 tyliothecam
391 1199 516 1290 primus
548 1200 697 1269 omnium
728 1201 854 1269 Romae
887 1200 1003 1270 habuit
1037 1203 1208 1295 privignus
1241 1206 1354 1275 Sullae

146 1325 302 1402 Scaurus,
332 1375 339 1390 .
367 1375 375 1389 .
400 1323 505 1392 donec
539 1324 714 1415 Pompeius
740 1326 892 1414 Magnus,
926 1349 1013 1418 quae
1039 1326 1239 1397 Mithridatis
1264 1331 1354 1421 regis

146 1450 266 1530 luerat,
294 1449 381 1518 inter
405 1449 492 1518 dona
518 1450 550 1518 in
578 1450 740 1541 Capitolio
766 1451 900 1529 dicaret,
928 1464 963 1521 ut
978 1455 1085 1523 Varro
1113 1453 1237 1546 aliique
1262 1463 1355 1524 aeta-

148 1575 186 1642 tis
212 1575 284 1642 eius
311 1585 461 1643 auctores
488 1575 704 1654 confirmant,
740 1575 879 1644 multum
906 1576 1090 1667 praelatam
1116 1577 1243 1647 Scauri.
1285 1578 1355 1646 Pli-

146 1701 219 1767 nius
244 1713 311 1768 nol.
338 1701 410 1767 bist.
439 1696 498 1778 37,
530 1698 561 1778 1,
591 1697 646 1769 11.
756 1699 815 1768 78.
848 1699 962 1770 Tradit
993 1702 1037 1771 Μ.
1063 1703 1170 1771 Varro
1206 1701 1354 1771 Serrium

147 1822 299 1893 Clodium
330 1825 475 1915 equitem
504 1824 690 1892 Romanum
724 1824 951 1914 magnitudine
986 1823 1108 1894 doloris
1143 1826 1176 1894 in
1207 1825 1355 1917 podagra

147 1957 297 2016 coactum
333 1969 460 2015 veneno
490 1970 587 2016 crura
619 1947 831 2039 perunxisse,
872 1959 903 2016 et
932 1957 1046 2040 postea
1080 1948 1225 2017 caruisse
1255 1971 1354 2018 sensu

146 2072 237 2140 omni
265 2096 372 2164 aeque
401 2095 501 2164 quam
528 2071 642 2141 dolore
673 2072 706 2140 in
740 2095 779 2141 ea
805 2083 898 2164 parte
928 2073 1085 2165 corporis.
1137 2073 1262 2142 Plinius
1287 2087 1353 2143 not.

146 2198 217 2266 list.
245 2195 307 2276 25,
334 2195 368 2276 3,
396 2194 455 2266 24.
557 2195 615 2265 to.
648 2197 754 2265 Varro
788 2208 902 2266 auctor
936 2208 994 2276 est,
1029 2197 1163 2267 XXuiro
1196 2219 1231 2265 se
1257 2219 1354 2287 agros

146 2321 315 2392 dividente
341 2321 487 2412 Capuae,
523 2319 689 2413 quendam
723 2319 781 2411 qui
814 2319 997 2396 efferretur,
1035 2321 1107 2389 loro
1139 2320 1273 2390 domum
1299 2343 1354 2391 re-

147 2470 274 2519 measse
301 2444 450 2536 pedibus.
496 2447 568 2514 Hoc
594 2444 683 2513 idem
706 2445 829 2537 Aquini
856 2445 1026 2515 accidisse.
1070 2446 1195 2514 Romae
1221 2468 1353 2538 quoque

147 2571 328 2643 Corfidium
356 2579 554 2639 materterae
580 2591 659 2638 suae
685 2568 841 2638 maritum
868 2569 983 2638 funere
1009 2569 1115 2638 locato
1141 2570 1299 2639 revixisse
1322 2582 1354 2640 et

146 2699 327 2768 locatorem
354 2695 479 2766 luneris
505 2694 547 2764 ab
573 2717 613 2763 eo
634 2694 768 2764 elatum.
811 2693 921 2764 Adicit
945 2693 1106 2763 miracula
1129 2705 1190 2763 etc.
1228 2696 1354 2764 Plinius

147 2838 211 2892 not.
239 2824 313 2892 bist.
341 2820 375 2902 7,
403 2819 461 2900 52,
496 2818 577 2889 176.
686 2819 745 2890 80.
779 2821 935 2910 Serapem
968 2832 1000 2887 et
1032 2818 1150 2888 lsidem
1185 2831 1217 2887 et
1244 2821 1354 2912 Arpo-

148 2959 259 3018 craten
298 2955 330 3014 et
362 2945 516 3017 Anubem
550 2943 733 3037 prohibitos
766 2943 928 3036 Capitolio
960 2944 1067 3014 Varro
1103 2954 1352 3025 commemorat,

148 3094 331 3164 eorumque
357 3093 431 3140 aras
457 3091 476 3138 a
502 3079 618 3138 senatu
643 3067 785 3136 deiectas
811 3066 943 3135 nonnisi
967 3089 1027 3158 per
1052 3067 1118 3135 vim
1142 3066 1353 3158 popularium

147 3207 336 3268 restructas.
381 3194 447 3264 Sed
472 3205 582 3262 tamen
609 3203 642 3262 et
658 3191 818 3263 Gabinius
844 3191 961 3261 consul
982 3192 1057 3261 Kal.
1076 3191 1249 3273 Ianuariis,
1276 3216 1352 3262 cum

147 3325 201 3392 vix
232 3321 354 3390 hostias
387 3317 541 3408 probaret
573 3339 652 3407 prae
683 3313 895 3408 popularium
927 3324 1042 3395 coetu,
1081 3314 1159 3408 quia
1193 3314 1279 3385 nihil
1311 3315 1351 3384 de

148 3450 272 3538 Serape
298 3453 330 3512 et
347 3441 432 3513 Iside
450 3439 680 3518 constituisset,
707 3438 868 3530 potiorem
887 3436 1004 3506 habuit
1020 3447 1151 3506 senatus
1177 3461 1351 3508 censuram

146 3591 247 3665 quam
280 3570 440 3660 impetum
474 3562 566 3654 vulgi
597 3572 629 3631 et
656 3585 730 3631 aras
756 3560 882 3630 institui
907 3559 1086 3653 probibuit.
1141 3561 1353 3633 Tertullianus

147 3700 190 3768 ad
215 3698 358 3765 notiones
387 3692 418 3773 1,
449 3690 504 3762 16.
552 3691 658 3760 Varro
691 3687 883 3778 indignatur
907 3686 1152 3757 Alexandrinos
1177 3687 1257 3756 deos
1283 3690 1352 3758 no-

148 3843 223 3890 mae
250 3818 325 3889 coli.
369 3817 497 3886 Seruius
522 3816 565 3883 nd
593 3817 682 3904 Verq.
703 3814 780 3882 Aen.
800 3809 835 3892 8,
863 3808 947 3881 698.
990 3810 1231 3902 Aegyptiorum
1252 3811 1352 3902 pestis

74 4007 83 4028 ,
147 3943 376 4017 Alexandrina
393 3945 533 4011 Romam
558 3959 692 4031 quoque
718 3936 845 4005 invasit.
881 3936 1000 4005 Varro.
1035 3934 1196 4003 Suidcss.
1214 3959 1351 4030 onyca.

145 4071 322 4171 τέσκηψαγ,
423 4065 482 4134 81.
517 4061 607 4131 ldem
639 4056 776 4145 [Varro]
809 4058 1001 4149 magnificat
1031 4057 1238 4128 Arcesilaum
1269 4058 1352 4127 Luci

148 4191 281 4262 Luculli
303 4189 512 4266 familiarem,
540 4185 636 4254 cuius
663 4184 886 4278 proplasmata
910 4181 1014 4274 pluris
1041 4181 1154 4251 venire
1179 4182 1275 4251 solita
1295 4205 1353 4252 ar·

148 4317 290 4388 tilicibus
318 4313 394 4405 ipsis
421 4333 520 4404 quam
546 4309 689 4378 aliorum
715 4329 826 4398 opera.
874 4307 926 4376 Ab
953 4304 1016 4374 boc
1042 4307 1160 4374 tactam
1187 4307 1352 4376 Venerem

148 4439 358 4511 Genetricem
377 4439 410 4506 in
429 4436 501 4505 loro
523 4432 673 4505 Caesaris
698 4443 730 4501 et
754 4431 946 4524 priusquam
968 4430 1192 4500 absolveretur
1217 4431 1354 4502 testina-

148 4565 237 4634 tione
273 4562 449 4632 dedicandi
479 4561 639 4653 positam3
681 4556 790 4626 eidem
825 4577 844 4624 a
874 4554 1015 4624 Lucullo
1042 4555 1109 4622 HS.
1144 4531 1193 4622 [i
1220 4555 1352 4647 signum

147 4688 326 4758 Felicitatis
344 4688 501 4766 locatum,
528 4683 581 4754 cui
600 4705 689 4752 mors
707 4680 879 4773 utriusque
896 4678 1066 4756 inviderit:
1093 4679 1232 4749 Octavio
1249 4681 1352 4773 equiti

1126 4795 1190 4858 28*
