<?xml version="1.0" encoding="UTF-8"?>
<!DOCTYPE html PUBLIC "-//W3C//DTD XHTML 1.0 Transitional//EN"
    "http://www.w3.org/TR/xhtml1/DTD/xhtml1-transitional.dtd">
<html xmlns="http://www.w3.org/1999/xhtml" xml:lang="en" lang="en">
 <head>
  <title>
</title>
<meta http-equiv="Content-Type" content="text/html;charset=utf-8" />
  <meta name='ocr-system' content='tesseract 3.04.00' />
  <meta name='ocr-capabilities' content='ocr_page ocr_carea ocr_par ocr_line ocrx_word'/>
</head>
<body>
  <div class='ocr_page' id='page_1' title='image "./gaisalustiicris00rothgoog_0533.png"; bbox 0 0 3702 5600; ppageno 0'>
   <div class='ocr_carea' id='block_1_1' title="bbox 448 633 519 702">
    <p class='ocr_par' dir='ltr' id='par_1_1' title="bbox 448 633 519 702">
     <span class='ocr_line' id='line_1_1' title="bbox 448 633 519 702; baseline 0.028 -2"><span class='ocrx_word' id='word_1_1' title='bbox 448 633 519 702; x_wconf 66' lang='grc'><strong>496</strong></span> 
     </span>
    </p>
   </div>
   <div class='ocr_carea' id='block_1_2' title="bbox 445 827 1717 4752">
    <p class='ocr_par' dir='ltr' id='par_1_2' title="bbox 445 827 1717 2936">
     <span class='ocr_line' id='line_1_2' title="bbox 446 827 1657 907; baseline 0 -17"><span class='ocrx_word' id='word_1_2' title='bbox 446 830 532 891; x_wconf 88' lang='lat' dir='ltr'><strong>Unde</strong></span> <span class='ocrx_word' id='word_1_3' title='bbox 553 828 618 890; x_wconf 82' lang='lat' dir='ltr'><strong>Lex</strong></span> <span class='ocrx_word' id='word_1_4' title='bbox 638 827 758 890; x_wconf 87' lang='lat' dir='ltr'><strong>Licinia</strong></span> <span class='ocrx_word' id='word_1_5' title='bbox 783 833 815 888; x_wconf 92' lang='lat' dir='ltr'><strong>et</strong></span> <span class='ocrx_word' id='word_1_6' title='bbox 840 829 939 888; x_wconf 88' lang='lat' dir='ltr'><strong>Mucia</strong></span> <span class='ocrx_word' id='word_1_7' title='bbox 966 829 1004 889; x_wconf 89' lang='lat' dir='ltr'><strong>de</strong></span> <span class='ocrx_word' id='word_1_8' title='bbox 1030 829 1150 890; x_wconf 89' lang='lat' dir='ltr'><strong>civibus</strong></span> <span class='ocrx_word' id='word_1_9' title='bbox 1179 830 1324 906; x_wconf 77' lang='lat' dir='ltr'>regundis</span> <span class='ocrx_word' id='word_1_10' title='bbox 1351 836 1436 905; x_wconf 85' lang='lat' dir='ltr'><strong>nate,</strong></span> <span class='ocrx_word' id='word_1_11' title='bbox 1476 847 1567 907; x_wconf 87' lang='lat' dir='ltr'><strong>quern</strong></span> <span class='ocrx_word' id='word_1_12' title='bbox 1589 831 1657 907; x_wconf 91' lang='lat' dir='ltr'><strong>ipse</strong></span> 
     </span>
     <span class='ocr_line' id='line_1_3' title="bbox 447 935 1657 1014; baseline 0 -18"><span class='ocrx_word' id='word_1_13' title='bbox 447 937 554 998; x_wconf 85' lang='lat' dir='ltr'><strong>Cicero</strong></span> <span class='ocrx_word' id='word_1_14' title='bbox 575 955 635 996; x_wconf 96' lang='lat' dir='ltr'><strong>non</strong></span> <span class='ocrx_word' id='word_1_15' title='bbox 656 937 746 996; x_wconf 89' lang='lat' dir='ltr'><strong>modo</strong></span> <span class='ocrx_word' id='word_1_16' title='bbox 767 937 904 996; x_wconf 91' lang='lat' dir='ltr'><strong>inutilem</strong></span> <span class='ocrx_word' id='word_1_17' title='bbox 925 937 982 996; x_wconf 93' lang='lat' dir='ltr'><strong>sed</strong></span> <span class='ocrx_word' id='word_1_18' title='bbox 1001 937 1207 1014; x_wconf 78' lang='lat' dir='ltr'><strong>perniciosam</strong></span> <span class='ocrx_word' id='word_1_19' title='bbox 1237 938 1282 997; x_wconf 90' lang='lat' dir='ltr'><strong>rei</strong></span> <span class='ocrx_word' id='word_1_20' title='bbox 1303 935 1432 1014; x_wconf 85' lang='lat' dir='ltr'><strong>publicae</strong></span> <span class='ocrx_word' id='word_1_21' title='bbox 1454 936 1555 997; x_wconf 81' lang='lat' dir='ltr'><strong>luisse</strong></span> <span class='ocrx_word' id='word_1_22' title='bbox 1573 938 1657 997; x_wconf 86' lang='lat' dir='ltr'><strong>dicit.</strong></span> 
     </span>
     <span class='ocr_line' id='line_1_4' title="bbox 446 1043 1659 1122; baseline -0.002 -18"><span class='ocrx_word' id='word_1_23' title='bbox 446 1045 502 1104; x_wconf 86' lang='lat' dir='ltr'><strong>cir.</strong></span> <span class='ocrx_word' id='word_1_24' title='bbox 524 1045 638 1105; x_wconf 83' lang='lat' dir='ltr'><strong>Ascon.</strong></span> <span class='ocrx_word' id='word_1_25' title='bbox 660 1046 690 1103; x_wconf 93' lang='lat' dir='ltr'><strong>in</strong></span> <span class='ocrx_word' id='word_1_26' title='bbox 713 1043 832 1104; x_wconf 82' lang='lat' dir='ltr'><strong>Comei.</strong></span> <span class='ocrx_word' id='word_1_27' title='bbox 853 1063 882 1121; x_wconf 94' lang='lat' dir='ltr'><strong>p.</strong></span> <span class='ocrx_word' id='word_1_28' title='bbox 897 1047 937 1105; x_wconf 76' lang='grc'><strong>67</strong></span> <span class='ocrx_word' id='word_1_29' title='bbox 969 1045 1062 1106; x_wconf 91' lang='lat' dir='ltr'><strong>0rell.</strong></span> <span class='ocrx_word' id='word_1_30' title='bbox 1077 1045 1132 1105; x_wconf 85' lang='lat' dir='ltr'><strong>oir.</strong></span> <span class='ocrx_word' id='word_1_31' title='bbox 1155 1044 1268 1105; x_wconf 81' lang='lat' dir='ltr'><strong>Ascon.</strong></span> <span class='ocrx_word' id='word_1_32' title='bbox 1296 1064 1324 1122; x_wconf 93' lang='lat' dir='ltr'><strong>p.</strong></span> <span class='ocrx_word' id='word_1_33' title='bbox 1346 1047 1373 1103; x_wconf 89' lang='lat'><strong>3.</strong></span> <span class='ocrx_word' id='word_1_34' title='bbox 1395 1045 1446 1104; x_wconf 91' lang='lat' dir='ltr'><strong>0r.</strong></span> <span class='ocrx_word' id='word_1_35' title='bbox 1482 1047 1549 1120; x_wconf 85' lang='lat' dir='ltr'><strong>,ius</strong></span> <span class='ocrx_word' id='word_1_36' title='bbox 1572 1045 1659 1104; x_wconf 90' lang='lat' dir='ltr'><strong>dedit</strong></span> 
     </span>
     <span class='ocr_line' id='line_1_5' title="bbox 446 1151 1656 1228; baseline -0.002 -15"><span class='ocrx_word' id='word_1_37' title='bbox 446 1153 535 1228; x_wconf 84' lang='lat' dir='ltr'><strong>Latii,</strong></span> <span class='ocrx_word' id='word_1_38' title='bbox 565 1154 599 1212; x_wconf 90' lang='lat' dir='ltr'><strong>ut</strong></span> <span class='ocrx_word' id='word_1_39' title='bbox 620 1157 749 1228; x_wconf 77' lang='lat' dir='ltr'><strong>possent</strong></span> <span class='ocrx_word' id='word_1_40' title='bbox 769 1151 886 1211; x_wconf 89' lang='lat' dir='ltr'><strong>habere</strong></span> <span class='ocrx_word' id='word_1_41' title='bbox 908 1153 964 1227; x_wconf 91' lang='lat' dir='ltr'><strong>ins,</strong></span> <span class='ocrx_word' id='word_1_42' title='bbox 995 1152 1078 1228; x_wconf 86' lang='lat' dir='ltr'><strong>quod</strong></span> <span class='ocrx_word' id='word_1_43' title='bbox 1099 1157 1211 1212; x_wconf 78' lang='lat' dir='ltr'><strong>cetere</strong></span> <span class='ocrx_word' id='word_1_44' title='bbox 1232 1151 1349 1211; x_wconf 76' lang='lat' dir='ltr'><strong>Latine</strong></span> <span class='ocrx_word' id='word_1_45' title='bbox 1377 1153 1515 1226; x_wconf 74' lang='lat' dir='ltr'><strong>colonie,</strong></span> <span class='ocrx_word' id='word_1_46' title='bbox 1545 1152 1576 1211; x_wconf 95' lang='lat' dir='ltr'><strong>id</strong></span> <span class='ocrx_word' id='word_1_47' title='bbox 1600 1157 1656 1222; x_wconf 83' lang='lat' dir='ltr'><strong>est,</strong></span> 
     </span>
     <span class='ocr_line' id='line_1_6' title="bbox 446 1251 1656 1336; baseline -0.003 -16"><span class='ocrx_word' id='word_1_48' title='bbox 446 1265 479 1320; x_wconf 91' lang='lat' dir='ltr'><strong>ut</strong></span> <span class='ocrx_word' id='word_1_49' title='bbox 497 1259 634 1336; x_wconf 89' lang='lat' dir='ltr'><strong>gerendo</strong></span> <span class='ocrx_word' id='word_1_50' title='bbox 648 1258 846 1335; x_wconf 80' lang='lat' dir='ltr'><strong>magistratus</strong></span> <span class='ocrx_word' id='word_1_51' title='bbox 861 1259 1019 1318; x_wconf 88' lang='lat' dir='ltr'><strong>civitatem</strong></span> <span class='ocrx_word' id='word_1_52' title='bbox 1033 1257 1198 1318; x_wconf 80' lang='lat' dir='ltr'><strong>Romanam</strong></span> <span class='ocrx_word' id='word_1_53' title='bbox 1214 1251 1488 1336; x_wconf 76' lang='lat' dir='ltr'><strong>adipiscerentur.“</strong></span> <span class='ocrx_word' id='word_1_54' title='bbox 1522 1257 1586 1316; x_wconf 84' lang='lat' dir='ltr'><strong>Cic.</strong></span> <span class='ocrx_word' id='word_1_55' title='bbox 1600 1275 1656 1334; x_wconf 87' lang='lat' dir='ltr'><strong>pro</strong></span> 
     </span>
     <span class='ocr_line' id='line_1_7' title="bbox 445 1363 1670 1441; baseline -0.002 -16"><span class='ocrx_word' id='word_1_56' title='bbox 445 1364 545 1426; x_wconf 88' lang='lat' dir='ltr'><strong>Balbo</strong></span> <span class='ocrx_word' id='word_1_57' title='bbox 566 1367 613 1424; x_wconf 66' lang='lat' dir='ltr'><strong>ii.</strong></span> <span class='ocrx_word' id='word_1_58' title='bbox 641 1363 706 1423; x_wconf 86' lang='lat' dir='ltr'><strong>Liv.</strong></span> <span class='ocrx_word' id='word_1_59' title='bbox 727 1382 834 1423; x_wconf 85' lang='lat' dir='ltr'><strong>xxxrx.</strong></span> <span class='ocrx_word' id='word_1_60' title='bbox 861 1368 888 1424; x_wconf 82' lang='lat'><strong>3.</strong></span> <span class='ocrx_word' id='word_1_61' title='bbox 922 1363 1072 1436; x_wconf 85' lang='lat' dir='ltr'><strong>(Latinis)</strong></span> <span class='ocrx_word' id='word_1_62' title='bbox 1101 1366 1297 1441; x_wconf 87' lang='lat' dir='ltr'><strong>querentibus</strong></span> <span class='ocrx_word' id='word_1_63' title='bbox 1321 1383 1458 1440; x_wconf 88' lang='lat' dir='ltr'><strong>magnam</strong></span> <span class='ocrx_word' id='word_1_64' title='bbox 1484 1365 1670 1423; x_wconf 90' lang='lat' dir='ltr'><strong>multitudi-·</strong></span> 
     </span>
     <span class='ocr_line' id='line_1_8' title="bbox 446 1473 1650 1551; baseline 0.001 -20"><span class='ocrx_word' id='word_1_65' title='bbox 446 1490 513 1532; x_wconf 90' lang='lat' dir='ltr'><strong>nem</strong></span> <span class='ocrx_word' id='word_1_66' title='bbox 535 1473 646 1532; x_wconf 90' lang='lat' dir='ltr'><strong>civium</strong></span> <span class='ocrx_word' id='word_1_67' title='bbox 669 1491 792 1533; x_wconf 88' lang='lat' dir='ltr'><strong>suorum</strong></span> <span class='ocrx_word' id='word_1_68' title='bbox 817 1473 941 1532; x_wconf 84' lang='lat' dir='ltr'><strong>Romam</strong></span> <span class='ocrx_word' id='word_1_69' title='bbox 963 1476 1185 1551; x_wconf 77' lang='lat' dir='ltr'><strong>commigrasse</strong></span> <span class='ocrx_word' id='word_1_70' title='bbox 1206 1479 1239 1534; x_wconf 91' lang='lat' dir='ltr'><strong>et</strong></span> <span class='ocrx_word' id='word_1_71' title='bbox 1259 1476 1301 1534; x_wconf 87' lang='lat' dir='ltr'><strong>ibi</strong></span> <span class='ocrx_word' id='word_1_72' title='bbox 1323 1491 1434 1534; x_wconf 88' lang='lat' dir='ltr'><strong>censos</strong></span> <span class='ocrx_word' id='word_1_73' title='bbox 1456 1491 1529 1532; x_wconf 87' lang='lat' dir='ltr'><strong>asse</strong></span> <span class='ocrx_word' id='word_1_74' title='bbox 1552 1480 1610 1532; x_wconf 87' lang='lat' dir='ltr'><strong>etc.</strong></span> <span class='ocrx_word' id='word_1_75' title='bbox 1625 1511 1650 1520; x_wconf 77' lang='lat'>-</span> 
     </span>
     <span class='ocr_line' id='line_1_9' title="bbox 446 1578 1655 1654; baseline -0.001 -16"><span class='ocrx_word' id='word_1_76' title='bbox 446 1579 510 1639; x_wconf 86' lang='lat' dir='ltr'><strong>Hac</strong></span> <span class='ocrx_word' id='word_1_77' title='bbox 531 1579 756 1654; x_wconf 77' lang='lat' dir='ltr'><strong>conquisitione</strong></span> <span class='ocrx_word' id='word_1_78' title='bbox 775 1580 934 1640; x_wconf 81' lang='lat' dir='ltr'><strong>duodecim</strong></span> <span class='ocrx_word' id='word_1_79' title='bbox 957 1581 1040 1640; x_wconf 89' lang='lat' dir='ltr'><strong>milia</strong></span> <span class='ocrx_word' id='word_1_80' title='bbox 1056 1580 1233 1641; x_wconf 92' lang='lat' dir='ltr'><strong>Latinorum</strong></span> <span class='ocrx_word' id='word_1_81' title='bbox 1256 1581 1363 1641; x_wconf 91' lang='lat' dir='ltr'><strong>domos</strong></span> <span class='ocrx_word' id='word_1_82' title='bbox 1385 1580 1556 1640; x_wconf 90' lang='lat' dir='ltr'><strong>redierunt.</strong></span> <span class='ocrx_word' id='word_1_83' title='bbox 1592 1578 1655 1637; x_wconf 76' lang='lat' dir='ltr'><strong>liv.</strong></span> 
     </span>
     <span class='ocr_line' id='line_1_10' title="bbox 446 1685 1655 1764; baseline -0.002 -18"><span class='ocrx_word' id='word_1_84' title='bbox 446 1706 504 1746; x_wconf 84' lang='lat' dir='ltr'><strong>xur.</strong></span> <span class='ocrx_word' id='word_1_85' title='bbox 524 1689 552 1746; x_wconf 90' lang='lat'><strong>8.</strong></span> <span class='ocrx_word' id='word_1_86' title='bbox 585 1685 651 1744; x_wconf 85' lang='lat' dir='ltr'><strong>Lex</strong></span> <span class='ocrx_word' id='word_1_87' title='bbox 672 1687 767 1746; x_wconf 88' lang='lat' dir='ltr'><strong>sociis</strong></span> <span class='ocrx_word' id='word_1_88' title='bbox 788 1687 919 1746; x_wconf 90' lang='lat' dir='ltr'><strong>nominis</strong></span> <span class='ocrx_word' id='word_1_89' title='bbox 940 1687 1051 1762; x_wconf 86' lang='lat' dir='ltr'><strong>Latini,</strong></span> <span class='ocrx_word' id='word_1_90' title='bbox 1077 1689 1128 1763; x_wconf 89' lang='lat' dir='ltr'><strong>qui</strong></span> <span class='ocrx_word' id='word_1_91' title='bbox 1150 1689 1278 1764; x_wconf 77' lang='lat' dir='ltr'><strong>stirpem</strong></span> <span class='ocrx_word' id='word_1_92' title='bbox 1301 1703 1339 1745; x_wconf 88' lang='lat' dir='ltr'><strong>ex</strong></span> <span class='ocrx_word' id='word_1_93' title='bbox 1360 1704 1431 1746; x_wconf 88' lang='lat' dir='ltr'><strong>sese</strong></span> <span class='ocrx_word' id='word_1_94' title='bbox 1453 1686 1537 1748; x_wconf 91' lang='lat' dir='ltr'><strong>domi</strong></span> <span class='ocrx_word' id='word_1_95' title='bbox 1558 1686 1655 1745; x_wconf 91' lang='lat' dir='ltr'><strong>relin-</strong></span> 
     </span>
     <span class='ocr_line' id='line_1_11' title="bbox 449 1791 1656 1869; baseline -0.003 -15"><span class='ocrx_word' id='word_1_96' title='bbox 449 1798 587 1869; x_wconf 85' lang='lat' dir='ltr'><strong>querent,</strong></span> <span class='ocrx_word' id='word_1_97' title='bbox 610 1793 712 1868; x_wconf 92' lang='lat' dir='ltr'><strong>dabat,</strong></span> <span class='ocrx_word' id='word_1_98' title='bbox 736 1796 768 1852; x_wconf 89' lang='lat' dir='ltr'><strong>ut</strong></span> <span class='ocrx_word' id='word_1_99' title='bbox 789 1795 874 1854; x_wconf 85' lang='lat' dir='ltr'><strong>cives</strong></span> <span class='ocrx_word' id='word_1_100' title='bbox 897 1795 1026 1854; x_wconf 93' lang='lat' dir='ltr'><strong>Romani</strong></span> <span class='ocrx_word' id='word_1_101' title='bbox 1048 1795 1157 1854; x_wconf 86' lang='lat' dir='ltr'><strong>tierent</strong></span> <span class='ocrx_word' id='word_1_102' title='bbox 1174 1825 1206 1833; x_wconf 95' lang='lat'>-</span> <span class='ocrx_word' id='word_1_103' title='bbox 1230 1800 1261 1853; x_wconf 89' lang='lat' dir='ltr'><strong>et</strong></span> <span class='ocrx_word' id='word_1_104' title='bbox 1281 1791 1372 1869; x_wconf 91' lang='lat' dir='ltr'><strong>paulo</strong></span> <span class='ocrx_word' id='word_1_105' title='bbox 1400 1797 1487 1869; x_wconf 91' lang='lat' dir='ltr'><strong>post:</strong></span> <span class='ocrx_word' id='word_1_106' title='bbox 1524 1793 1592 1851; x_wconf 79' lang='lat' dir='ltr'><strong>lraec</strong></span> <span class='ocrx_word' id='word_1_107' title='bbox 1620 1809 1656 1850; x_wconf 95' lang='lat' dir='ltr'><strong>ne</strong></span> 
     </span>
     <span class='ocr_line' id='line_1_12' title="bbox 446 1897 1658 1978; baseline -0.004 -17"><span class='ocrx_word' id='word_1_108' title='bbox 446 1903 557 1977; x_wconf 89' lang='lat' dir='ltr'><strong>postea</strong></span> <span class='ocrx_word' id='word_1_109' title='bbox 584 1899 704 1974; x_wconf 86' lang='lat' dir='ltr'><strong>flerent,</strong></span> <span class='ocrx_word' id='word_1_110' title='bbox 739 1902 887 1977; x_wconf 88' lang='lat' dir='ltr'><strong>petebant</strong></span> <span class='ocrx_word' id='word_1_111' title='bbox 916 1901 1021 1978; x_wconf 89' lang='lat' dir='ltr'><strong>legati,</strong></span> <span class='ocrx_word' id='word_1_112' title='bbox 1051 1905 1084 1961; x_wconf 90' lang='lat' dir='ltr'><strong>et</strong></span> <span class='ocrx_word' id='word_1_113' title='bbox 1110 1905 1143 1960; x_wconf 88' lang='lat' dir='ltr'><strong>ut</strong></span> <span class='ocrx_word' id='word_1_114' title='bbox 1168 1899 1272 1959; x_wconf 87' lang='lat' dir='ltr'><strong>redire</strong></span> <span class='ocrx_word' id='word_1_115' title='bbox 1302 1900 1334 1957; x_wconf 94' lang='lat' dir='ltr'><strong>in</strong></span> <span class='ocrx_word' id='word_1_116' title='bbox 1355 1898 1491 1958; x_wconf 89' lang='lat' dir='ltr'><strong>civitatis</strong></span> <span class='ocrx_word' id='word_1_117' title='bbox 1514 1897 1658 1958; x_wconf 90' lang='lat' dir='ltr'><strong>iuberent</strong></span> 
     </span>
     <span class='ocr_line' id='line_1_13' title="bbox 448 2005 1656 2084; baseline -0.002 -18"><span class='ocrx_word' id='word_1_118' title='bbox 448 2007 568 2083; x_wconf 88' lang='lat' dir='ltr'><strong>socios,</strong></span> <span class='ocrx_word' id='word_1_119' title='bbox 599 2007 710 2066; x_wconf 88' lang='lat' dir='ltr'><strong>deinde</strong></span> <span class='ocrx_word' id='word_1_120' title='bbox 733 2013 766 2066; x_wconf 91' lang='lat' dir='ltr'><strong>ut</strong></span> <span class='ocrx_word' id='word_1_121' title='bbox 792 2007 861 2084; x_wconf 89' lang='lat' dir='ltr'><strong>lege</strong></span> <span class='ocrx_word' id='word_1_122' title='bbox 890 2014 1050 2084; x_wconf 82' lang='lat' dir='ltr'><strong>caverent,</strong></span> <span class='ocrx_word' id='word_1_123' title='bbox 1084 2007 1214 2084; x_wconf 87' lang='lat' dir='ltr'><strong>nequis</strong></span> <span class='ocrx_word' id='word_1_124' title='bbox 1236 2023 1325 2082; x_wconf 88' lang='lat' dir='ltr'><strong>quem</strong></span> <span class='ocrx_word' id='word_1_125' title='bbox 1347 2006 1483 2065; x_wconf 87' lang='lat' dir='ltr'><strong>civitatis</strong></span> <span class='ocrx_word' id='word_1_126' title='bbox 1505 2005 1656 2064; x_wconf 80' lang='lat' dir='ltr'><strong>mutandae</strong></span> 
     </span>
     <span class='ocr_line' id='line_1_14' title="bbox 447 2112 1656 2190; baseline -0.001 -18"><span class='ocrx_word' id='word_1_127' title='bbox 447 2129 539 2172; x_wconf 88' lang='lat' dir='ltr'><strong>causa</strong></span> <span class='ocrx_word' id='word_1_128' title='bbox 562 2129 646 2172; x_wconf 88' lang='lat' dir='ltr'><strong>suum</strong></span> <span class='ocrx_word' id='word_1_129' title='bbox 668 2112 785 2172; x_wconf 85' lang='lat' dir='ltr'><strong>iaceret</strong></span> <span class='ocrx_word' id='word_1_130' title='bbox 812 2131 891 2173; x_wconf 90' lang='lat' dir='ltr'><strong>neve</strong></span> <span class='ocrx_word' id='word_1_131' title='bbox 917 2115 1083 2190; x_wconf 86' lang='lat' dir='ltr'><strong>alienarct;</strong></span> <span class='ocrx_word' id='word_1_132' title='bbox 1119 2119 1151 2174; x_wconf 90' lang='lat' dir='ltr'><strong>et</strong></span> <span class='ocrx_word' id='word_1_133' title='bbox 1177 2115 1205 2174; x_wconf 88' lang='lat' dir='ltr'><strong>si</strong></span> <span class='ocrx_word' id='word_1_134' title='bbox 1227 2115 1294 2188; x_wconf 88' lang='lat' dir='ltr'><strong>quis</strong></span> <span class='ocrx_word' id='word_1_135' title='bbox 1319 2114 1362 2172; x_wconf 90' lang='lat' dir='ltr'><strong>ita</strong></span> <span class='ocrx_word' id='word_1_136' title='bbox 1390 2113 1468 2172; x_wconf 86' lang='lat' dir='ltr'><strong>civis</strong></span> <span class='ocrx_word' id='word_1_137' title='bbox 1504 2113 1656 2172; x_wconf 86' lang='lat' dir='ltr'><strong>Romanus</strong></span> 
     </span>
     <span class='ocr_line' id='line_1_15' title="bbox 447 2217 1717 2295; baseline -0.001 -16"><span class='ocrx_word' id='word_1_138' title='bbox 447 2218 546 2280; x_wconf 84' lang='lat' dir='ltr'><strong>luctus</strong></span> <span class='ocrx_word' id='word_1_139' title='bbox 561 2222 655 2292; x_wconf 88' lang='lat' dir='ltr'><strong>esset,</strong></span> <span class='ocrx_word' id='word_1_140' title='bbox 678 2217 722 2290; x_wconf 94' lang='lat' dir='ltr'><strong>[id</strong></span> <span class='ocrx_word' id='word_1_141' title='bbox 744 2223 841 2279; x_wconf 90' lang='lat' dir='ltr'><strong>ratum</strong></span> <span class='ocrx_word' id='word_1_142' title='bbox 867 2239 904 2280; x_wconf 94' lang='lat' dir='ltr'><strong>ne</strong></span> <span class='ocrx_word' id='word_1_143' title='bbox 927 2219 1035 2290; x_wconf 90' lang='lat' dir='ltr'><strong>esset].</strong></span> <span class='ocrx_word' id='word_1_144' title='bbox 1068 2220 1160 2280; x_wconf 84' lang='lat' dir='ltr'><strong>Cuius</strong></span> <span class='ocrx_word' id='word_1_145' title='bbox 1183 2219 1306 2295; x_wconf 86' lang='lat' dir='ltr'><strong>quidem</strong></span> <span class='ocrx_word' id='word_1_146' title='bbox 1328 2221 1374 2278; x_wconf 89' lang='lat' dir='ltr'><strong>rei</strong></span> <span class='ocrx_word' id='word_1_147' title='bbox 1397 2237 1521 2278; x_wconf 88' lang='lat' dir='ltr'><strong>oausam</strong></span> <span class='ocrx_word' id='word_1_148' title='bbox 1544 2221 1655 2278; x_wconf 84' lang='lat' dir='ltr'><strong>Ascod.</strong></span> <span class='ocrx_word' id='word_1_149' title='bbox 1713 2278 1717 2286; x_wconf 78' lang='grc'><strong>,</strong></span> 
     </span>
     <span class='ocr_line' id='line_1_16' title="bbox 446 2325 1655 2405; baseline -0.003 -19"><span class='ocrx_word' id='word_1_150' title='bbox 446 2327 465 2386; x_wconf 93' lang='lat' dir='ltr'><strong>l.</strong></span> <span class='ocrx_word' id='word_1_151' title='bbox 481 2327 498 2384; x_wconf 93' lang='lat' dir='ltr'><strong>l.</strong></span> <span class='ocrx_word' id='word_1_152' title='bbox 522 2327 659 2404; x_wconf 82' lang='lat' dir='ltr'><strong>exponit:</strong></span> <span class='ocrx_word' id='word_1_153' title='bbox 686 2325 777 2400; x_wconf 88' lang='lat' dir='ltr'><strong>,Cum</strong></span> <span class='ocrx_word' id='word_1_154' title='bbox 792 2343 907 2386; x_wconf 86' lang='lat' dir='ltr'><strong>summa</strong></span> <span class='ocrx_word' id='word_1_155' title='bbox 929 2327 1099 2405; x_wconf 89' lang='lat' dir='ltr'><strong>cupiditate</strong></span> <span class='ocrx_word' id='word_1_156' title='bbox 1122 2327 1257 2387; x_wconf 88' lang='lat' dir='ltr'><strong>civitatis</strong></span> <span class='ocrx_word' id='word_1_157' title='bbox 1272 2327 1414 2386; x_wconf 84' lang='lat' dir='ltr'><strong>Romanae</strong></span> <span class='ocrx_word' id='word_1_158' title='bbox 1429 2325 1531 2386; x_wconf 86' lang='lat' dir='ltr'><strong>ltaliri</strong></span> <span class='ocrx_word' id='word_1_159' title='bbox 1554 2325 1655 2402; x_wconf 91' lang='lat' dir='ltr'><strong>populi</strong></span> 
     </span>
     <span class='ocr_line' id='line_1_17' title="bbox 446 2433 1655 2511; baseline -0.002 -19"><span class='ocrx_word' id='word_1_160' title='bbox 446 2435 625 2493; x_wconf 92' lang='lat' dir='ltr'><strong>tenerentur</strong></span> <span class='ocrx_word' id='word_1_161' title='bbox 656 2437 687 2492; x_wconf 89' lang='lat' dir='ltr'><strong>et</strong></span> <span class='ocrx_word' id='word_1_162' title='bbox 713 2433 753 2492; x_wconf 90' lang='lat' dir='ltr'><strong>ob</strong></span> <span class='ocrx_word' id='word_1_163' title='bbox 779 2433 812 2491; x_wconf 93' lang='lat' dir='ltr'><strong>id</strong></span> <span class='ocrx_word' id='word_1_164' title='bbox 836 2451 944 2510; x_wconf 89' lang='lat' dir='ltr'><strong>magna</strong></span> <span class='ocrx_word' id='word_1_165' title='bbox 973 2453 1046 2511; x_wconf 92' lang='lat' dir='ltr'><strong>pars</strong></span> <span class='ocrx_word' id='word_1_166' title='bbox 1075 2453 1179 2495; x_wconf 89' lang='lat' dir='ltr'><strong>eorum</strong></span> <span class='ocrx_word' id='word_1_167' title='bbox 1209 2452 1266 2510; x_wconf 90' lang='lat' dir='ltr'><strong>pro</strong></span> <span class='ocrx_word' id='word_1_168' title='bbox 1293 2434 1412 2493; x_wconf 88' lang='lat' dir='ltr'><strong>civibus</strong></span> <span class='ocrx_word' id='word_1_169' title='bbox 1443 2433 1591 2493; x_wconf 88' lang='lat' dir='ltr'><strong>Romanis</strong></span> <span class='ocrx_word' id='word_1_170' title='bbox 1622 2450 1655 2491; x_wconf 91' lang='lat' dir='ltr'><strong>se</strong></span> 
     </span>
     <span class='ocr_line' id='line_1_18' title="bbox 446 2539 1654 2616; baseline -0.002 -16"><span class='ocrx_word' id='word_1_171' title='bbox 446 2544 579 2616; x_wconf 88' lang='lat' dir='ltr'><strong>gereret,</strong></span> <span class='ocrx_word' id='word_1_172' title='bbox 600 2539 776 2598; x_wconf 87' lang='lat' dir='ltr'><strong>necessaria</strong></span> <span class='ocrx_word' id='word_1_173' title='bbox 792 2539 843 2598; x_wconf 89' lang='lat' dir='ltr'><strong>lex</strong></span> <span class='ocrx_word' id='word_1_174' title='bbox 858 2539 925 2598; x_wconf 87' lang='lat' dir='ltr'><strong>visa</strong></span> <span class='ocrx_word' id='word_1_175' title='bbox 943 2545 992 2600; x_wconf 86' lang='lat' dir='ltr'><strong>est</strong></span> <span class='ocrx_word' id='word_1_176' title='bbox 1013 2544 1045 2600; x_wconf 92' lang='lat' dir='ltr'><strong>ut</strong></span> <span class='ocrx_word' id='word_1_177' title='bbox 1066 2544 1095 2600; x_wconf 91' lang='lat' dir='ltr'><strong>in</strong></span> <span class='ocrx_word' id='word_1_178' title='bbox 1114 2559 1177 2601; x_wconf 83' lang='lat' dir='ltr'><strong>sue</strong></span> <span class='ocrx_word' id='word_1_179' title='bbox 1195 2541 1323 2616; x_wconf 88' lang='lat' dir='ltr'><strong>quisque</strong></span> <span class='ocrx_word' id='word_1_180' title='bbox 1341 2541 1476 2600; x_wconf 87' lang='lat' dir='ltr'><strong>civitatis</strong></span> <span class='ocrx_word' id='word_1_181' title='bbox 1503 2542 1551 2598; x_wconf 91' lang='lat' dir='ltr'><strong>ius</strong></span> <span class='ocrx_word' id='word_1_182' title='bbox 1570 2539 1654 2598; x_wconf 90' lang='lat' dir='ltr'><strong>redi·</strong></span> 
     </span>
     <span class='ocr_line' id='line_1_19' title="bbox 446 2640 1654 2726; baseline -0.002 -19"><span class='ocrx_word' id='word_1_183' title='bbox 446 2640 596 2726; x_wconf 87' lang='lat' dir='ltr'><strong>geretur.“</strong></span> <span class='ocrx_word' id='word_1_184' title='bbox 634 2643 681 2704; x_wconf 85' lang='lat' dir='ltr'><strong>Ex</strong></span> <span class='ocrx_word' id='word_1_185' title='bbox 696 2645 805 2720; x_wconf 84' lang='lat' dir='ltr'><strong>quibus</strong></span> <span class='ocrx_word' id='word_1_186' title='bbox 820 2645 941 2720; x_wconf 87' lang='lat' dir='ltr'><strong>quidem</strong></span> <span class='ocrx_word' id='word_1_187' title='bbox 959 2648 1038 2708; x_wconf 88' lang='lat' dir='ltr'><strong>locis</strong></span> <span class='ocrx_word' id='word_1_188' title='bbox 1058 2647 1151 2706; x_wconf 87' lang='lat' dir='ltr'><strong>laoile</strong></span> <span class='ocrx_word' id='word_1_189' title='bbox 1176 2650 1270 2724; x_wconf 87' lang='lat' dir='ltr'><strong>patet,</strong></span> <span class='ocrx_word' id='word_1_190' title='bbox 1297 2649 1354 2707; x_wconf 87' lang='lat' dir='ltr'><strong>iam</strong></span> <span class='ocrx_word' id='word_1_191' title='bbox 1374 2648 1439 2707; x_wconf 91' lang='lat' dir='ltr'><strong>illis</strong></span> <span class='ocrx_word' id='word_1_192' title='bbox 1465 2646 1654 2724; x_wconf 85' lang='lat' dir='ltr'><strong>temporibus</strong></span> 
     </span>
     <span class='ocr_line' id='line_1_20' title="bbox 448 2748 1654 2829; baseline -0.002 -17"><span class='ocrx_word' id='word_1_193' title='bbox 448 2754 551 2813; x_wconf 87' lang='lat' dir='ltr'><strong>socios</strong></span> <span class='ocrx_word' id='word_1_194' title='bbox 573 2756 604 2811; x_wconf 88' lang='lat' dir='ltr'><strong>et</strong></span> <span class='ocrx_word' id='word_1_195' title='bbox 625 2768 732 2810; x_wconf 88' lang='lat' dir='ltr'><strong>nomen</strong></span> <span class='ocrx_word' id='word_1_196' title='bbox 756 2748 894 2812; x_wconf 82' lang='lat' dir='ltr'><strong>Latinum</strong></span> <span class='ocrx_word' id='word_1_197' title='bbox 917 2754 946 2811; x_wconf 95' lang='lat' dir='ltr'><strong>in</strong></span> <span class='ocrx_word' id='word_1_198' title='bbox 969 2755 1098 2813; x_wconf 90' lang='lat' dir='ltr'><strong>comitiis</strong></span> <span class='ocrx_word' id='word_1_199' title='bbox 1121 2753 1187 2812; x_wconf 91' lang='lat' dir='ltr'><strong>iuro</strong></span> <span class='ocrx_word' id='word_1_200' title='bbox 1209 2753 1346 2829; x_wconf 81' lang='lat' dir='ltr'><strong>suffragii</strong></span> <span class='ocrx_word' id='word_1_201' title='bbox 1365 2753 1489 2812; x_wconf 89' lang='lat' dir='ltr'><strong>multum</strong></span> <span class='ocrx_word' id='word_1_202' title='bbox 1509 2753 1654 2826; x_wconf 88' lang='lat' dir='ltr'><strong>valuisse,</strong></span> 
     </span>
     <span class='ocr_line' id='line_1_21' title="bbox 447 2859 1376 2936; baseline -0.002 -16"><span class='ocrx_word' id='word_1_203' title='bbox 447 2862 490 2922; x_wconf 87' lang='lat' dir='ltr'><strong>ita</strong></span> <span class='ocrx_word' id='word_1_204' title='bbox 512 2867 545 2920; x_wconf 95' lang='lat' dir='ltr'><strong>ut</strong></span> <span class='ocrx_word' id='word_1_205' title='bbox 566 2859 633 2918; x_wconf 91' lang='lat' dir='ltr'><strong>utili</strong></span> <span class='ocrx_word' id='word_1_206' title='bbox 656 2875 759 2918; x_wconf 87' lang='lat' dir='ltr'><strong>eorum</strong></span> <span class='ocrx_word' id='word_1_207' title='bbox 782 2875 877 2936; x_wconf 90' lang='lat' dir='ltr'><strong>opera</strong></span> <span class='ocrx_word' id='word_1_208' title='bbox 900 2865 1057 2919; x_wconf 87' lang='lat' dir='ltr'><strong>uterentur</strong></span> <span class='ocrx_word' id='word_1_209' title='bbox 1080 2861 1220 2919; x_wconf 87' lang='lat' dir='ltr'><strong>homines</strong></span> <span class='ocrx_word' id='word_1_210' title='bbox 1244 2861 1376 2920; x_wconf 75' lang='lat' dir='ltr'><strong>factiosi.</strong></span> 
     </span>
    </p>

    <p class='ocr_par' dir='ltr' id='par_1_3' title="bbox 445 2965 1654 4752">
     <span class='ocr_line' id='line_1_22' title="bbox 527 2965 1651 3043; baseline -0.001 -17"><span class='ocrx_word' id='word_1_211' title='bbox 527 2968 690 3041; x_wconf 75' lang='lat' dir='ltr'><strong>demeret-it,</strong></span> <span class='ocrx_word' id='word_1_212' title='bbox 711 2965 835 3024; x_wconf 73' lang='lat' dir='ltr'><strong>volucrit</strong></span> <span class='ocrx_word' id='word_1_213' title='bbox 854 2967 884 3024; x_wconf 93' lang='lat' dir='ltr'><strong>in</strong></span> <span class='ocrx_word' id='word_1_214' title='bbox 905 2965 974 3024; x_wconf 91' lang='lat' dir='ltr'><strong>Par.</strong></span> <span class='ocrx_word' id='word_1_215' title='bbox 996 2967 1053 3043; x_wconf 94' lang='lat' dir='ltr'><strong>spl.</strong></span> <span class='ocrx_word' id='word_1_216' title='bbox 1076 2969 1105 3026; x_wconf 93' lang='lat' dir='ltr'><strong>in</strong></span> <span class='ocrx_word' id='word_1_217' title='bbox 1129 2965 1194 3026; x_wconf 84' lang='lat' dir='ltr'><strong>Rin.</strong></span> <span class='ocrx_word' id='word_1_218' title='bbox 1217 2969 1341 3042; x_wconf 87' lang='lat' dir='ltr'><strong>omissa,</strong></span> <span class='ocrx_word' id='word_1_219' title='bbox 1368 2967 1423 3026; x_wconf 92' lang='lat' dir='ltr'><strong>sed</strong></span> <span class='ocrx_word' id='word_1_220' title='bbox 1444 2968 1563 3026; x_wconf 86' lang='lat' dir='ltr'><strong>retinet</strong></span> <span class='ocrx_word' id='word_1_221' title='bbox 1583 2965 1651 3025; x_wconf 85' lang='lat' dir='ltr'><strong>Bas·</strong></span> 
     </span>
     <span class='ocr_line' id='line_1_23' title="bbox 445 3069 1654 3134; baseline -0.002 -1"><span class='ocrx_word' id='word_1_222' title='bbox 445 3072 531 3133; x_wconf 88' lang='lat' dir='ltr'><strong>Laid.</strong></span> <span class='ocrx_word' id='word_1_223' title='bbox 565 3073 627 3132; x_wconf 88' lang='lat' dir='ltr'><strong>Sed</strong></span> <span class='ocrx_word' id='word_1_224' title='bbox 649 3089 714 3132; x_wconf 90' lang='lat' dir='ltr'><strong>cum</strong></span> <span class='ocrx_word' id='word_1_225' title='bbox 735 3069 788 3130; x_wconf 91' lang='lat' dir='ltr'><strong>illa</strong></span> <span class='ocrx_word' id='word_1_226' title='bbox 810 3072 907 3131; x_wconf 88' lang='lat' dir='ltr'><strong>verba</strong></span> <span class='ocrx_word' id='word_1_227' title='bbox 928 3073 1019 3132; x_wconf 89' lang='lat' dir='ltr'><strong>etiam</strong></span> <span class='ocrx_word' id='word_1_228' title='bbox 1042 3074 1071 3132; x_wconf 94' lang='lat' dir='ltr'><strong>in</strong></span> <span class='ocrx_word' id='word_1_229' title='bbox 1098 3075 1202 3134; x_wconf 89' lang='lat' dir='ltr'><strong>multis</strong></span> <span class='ocrx_word' id='word_1_230' title='bbox 1224 3074 1295 3134; x_wconf 93' lang='lat' dir='ltr'><strong>aliis</strong></span> <span class='ocrx_word' id='word_1_231' title='bbox 1325 3074 1412 3133; x_wconf 91' lang='lat' dir='ltr'><strong>libris</strong></span> <span class='ocrx_word' id='word_1_232' title='bbox 1437 3073 1654 3133; x_wconf 87' lang='lat' dir='ltr'><strong>desiderentur</strong></span> 
     </span>
     <span class='ocr_line' id='line_1_24' title="bbox 446 3177 1653 3241; baseline 0 -3"><span class='ocrx_word' id='word_1_233' title='bbox 446 3181 514 3240; x_wconf 95' lang='lat' dir='ltr'><strong>Vin.</strong></span> <span class='ocrx_word' id='word_1_234' title='bbox 529 3183 555 3240; x_wconf 79' lang='lat'><strong>2.</strong></span> <span class='ocrx_word' id='word_1_235' title='bbox 579 3180 672 3238; x_wconf 87' lang='lat' dir='ltr'><strong>Acad.</strong></span> <span class='ocrx_word' id='word_1_236' title='bbox 687 3179 755 3238; x_wconf 89' lang='lat' dir='ltr'><strong>Sen.</strong></span> <span class='ocrx_word' id='word_1_237' title='bbox 771 3181 797 3238; x_wconf 76' lang='lat'><strong>2.</strong></span> <span class='ocrx_word' id='word_1_238' title='bbox 820 3177 927 3239; x_wconf 79' lang='lat' dir='ltr'><strong>lleuss</strong></span> <span class='ocrx_word' id='word_1_239' title='bbox 944 3179 1003 3240; x_wconf 91' lang='lat' dir='ltr'><strong>lno.</strong></span> <span class='ocrx_word' id='word_1_240' title='bbox 1022 3184 1045 3240; x_wconf 87' lang='lat'><strong>1.</strong></span> <span class='ocrx_word' id='word_1_241' title='bbox 1069 3180 1234 3240; x_wconf 89' lang='lat' dir='ltr'><strong>Vratislav.</strong></span> <span class='ocrx_word' id='word_1_242' title='bbox 1249 3183 1275 3239; x_wconf 78' lang='grc'><strong>2.</strong></span> <span class='ocrx_word' id='word_1_243' title='bbox 1300 3181 1399 3241; x_wconf 83' lang='lat' dir='ltr'><strong>Guelf.</strong></span> <span class='ocrx_word' id='word_1_244' title='bbox 1415 3185 1442 3239; x_wconf 86' lang='lat'><strong>3.</strong></span> <span class='ocrx_word' id='word_1_245' title='bbox 1464 3183 1493 3240; x_wconf 86' lang='grc'><strong>9.</strong></span> <span class='ocrx_word' id='word_1_246' title='bbox 1516 3179 1602 3240; x_wconf 86' lang='lat' dir='ltr'><strong>Leid.</strong></span> <span class='ocrx_word' id='word_1_247' title='bbox 1617 3181 1653 3240; x_wconf 77' lang='lat' dir='ltr'><strong>A.</strong></span> 
     </span>
     <span class='ocr_line' id='line_1_25' title="bbox 446 3285 1653 3364; baseline 0.001 -19"><span class='ocrx_word' id='word_1_248' title='bbox 446 3287 516 3347; x_wconf 84' lang='lat' dir='ltr'><strong>Bas·</strong></span> <span class='ocrx_word' id='word_1_249' title='bbox 541 3289 567 3346; x_wconf 78' lang='grc' dir='ltr'>ι.</span> <span class='ocrx_word' id='word_1_250' title='bbox 589 3286 686 3345; x_wconf 89' lang='lat' dir='ltr'><strong>Paris.</strong></span> <span class='ocrx_word' id='word_1_251' title='bbox 708 3285 736 3344; x_wconf 92' lang='lat' dir='ltr'><strong>b.</strong></span> <span class='ocrx_word' id='word_1_252' title='bbox 756 3301 781 3344; x_wconf 86' lang='lat' dir='ltr'><strong>o.</strong></span> <span class='ocrx_word' id='word_1_253' title='bbox 804 3288 835 3343; x_wconf 90' lang='lat' dir='ltr'><strong>et</strong></span> <span class='ocrx_word' id='word_1_254' title='bbox 856 3302 923 3347; x_wconf 90' lang='lat' dir='ltr'><strong>cum</strong></span> <span class='ocrx_word' id='word_1_255' title='bbox 944 3289 1070 3362; x_wconf 79' lang='lat' dir='ltr'><strong>iusserit,</strong></span> <span class='ocrx_word' id='word_1_256' title='bbox 1096 3289 1279 3347; x_wconf 87' lang='lat' dir='ltr'><strong>vocabulum</strong></span> <span class='ocrx_word' id='word_1_257' title='bbox 1299 3289 1455 3364; x_wconf 90' lang='lat' dir='ltr'><strong>proprium</strong></span> <span class='ocrx_word' id='word_1_258' title='bbox 1478 3289 1508 3346; x_wconf 91' lang='lat' dir='ltr'><strong>in</strong></span> <span class='ocrx_word' id='word_1_259' title='bbox 1532 3288 1591 3347; x_wconf 90' lang='lat' dir='ltr'><strong>hac</strong></span> <span class='ocrx_word' id='word_1_260' title='bbox 1611 3305 1653 3360; x_wconf 86' lang='lat' dir='ltr'><strong>re,</strong></span> 
     </span>
     <span class='ocr_line' id='line_1_26' title="bbox 447 3391 1653 3469; baseline 0 -17"><span class='ocrx_word' id='word_1_261' title='bbox 447 3395 534 3454; x_wconf 87' lang='lat' dir='ltr'><strong>initio</strong></span> <span class='ocrx_word' id='word_1_262' title='bbox 556 3393 688 3469; x_wconf 90' lang='lat' dir='ltr'><strong>positum</strong></span> <span class='ocrx_word' id='word_1_263' title='bbox 710 3392 760 3466; x_wconf 87' lang='lat' dir='ltr'><strong>sit,</strong></span> <span class='ocrx_word' id='word_1_264' title='bbox 786 3391 868 3451; x_wconf 91' lang='lat' dir='ltr'><strong>hand</strong></span> <span class='ocrx_word' id='word_1_265' title='bbox 890 3392 971 3450; x_wconf 92' lang='lat' dir='ltr'><strong>male</strong></span> <span class='ocrx_word' id='word_1_266' title='bbox 992 3393 1104 3468; x_wconf 88' lang='lat' dir='ltr'><strong>aliquis</strong></span> <span class='ocrx_word' id='word_1_267' title='bbox 1127 3396 1303 3469; x_wconf 86' lang='lat' dir='ltr'><strong>coniecerit,</strong></span> <span class='ocrx_word' id='word_1_268' title='bbox 1334 3395 1393 3454; x_wconf 95' lang='lat' dir='ltr'><strong>duo</strong></span> <span class='ocrx_word' id='word_1_269' title='bbox 1415 3394 1521 3454; x_wconf 88' lang='lat' dir='ltr'><strong>addita</strong></span> <span class='ocrx_word' id='word_1_270' title='bbox 1544 3412 1615 3454; x_wconf 88' lang='lat' dir='ltr'><strong>esse</strong></span> <span class='ocrx_word' id='word_1_271' title='bbox 1636 3412 1653 3452; x_wconf 94' lang='lat' dir='ltr'><strong>a</strong></span> 
     </span>
     <span class='ocr_line' id='line_1_27' title="bbox 446 3499 1653 3579; baseline 0 -19"><span class='ocrx_word' id='word_1_272' title='bbox 446 3499 682 3579; x_wconf 82' lang='lat' dir='ltr'><strong>glossatoribus,</strong></span> <span class='ocrx_word' id='word_1_273' title='bbox 702 3502 736 3557; x_wconf 93' lang='lat' dir='ltr'><strong>ut</strong></span> <span class='ocrx_word' id='word_1_274' title='bbox 756 3499 816 3557; x_wconf 85' lang='lat' dir='ltr'><strong>vim</strong></span> <span class='ocrx_word' id='word_1_275' title='bbox 839 3499 1051 3558; x_wconf 88' lang='lat' dir='ltr'><strong>antecedentis</strong></span> <span class='ocrx_word' id='word_1_276' title='bbox 1074 3501 1160 3559; x_wconf 87' lang='lat' dir='ltr'><strong>verbi</strong></span> <span class='ocrx_word' id='word_1_277' title='bbox 1182 3500 1390 3576; x_wconf 88' lang='lat' dir='ltr'><strong>declararent;</strong></span> <span class='ocrx_word' id='word_1_278' title='bbox 1416 3502 1508 3576; x_wconf 87' lang='lat' dir='ltr'><strong>idque</strong></span> <span class='ocrx_word' id='word_1_279' title='bbox 1530 3503 1563 3560; x_wconf 86' lang='lat' dir='ltr'><strong>et</strong></span> <span class='ocrx_word' id='word_1_280' title='bbox 1583 3502 1653 3562; x_wconf 91' lang='lat' dir='ltr'><strong>olim</strong></span> 
     </span>
     <span class='ocr_line' id='line_1_28' title="bbox 447 3605 1652 3684; baseline -0.002 -16"><span class='ocrx_word' id='word_1_281' title='bbox 447 3609 621 3684; x_wconf 87' lang='lat' dir='ltr'><strong>suspicatus</strong></span> <span class='ocrx_word' id='word_1_282' title='bbox 643 3622 739 3678; x_wconf 89' lang='lat' dir='ltr'><strong>eram,</strong></span> <span class='ocrx_word' id='word_1_283' title='bbox 769 3621 867 3680; x_wconf 86' lang='lat' dir='ltr'><strong>neque</strong></span> <span class='ocrx_word' id='word_1_284' title='bbox 894 3623 971 3664; x_wconf 94' lang='lat' dir='ltr'><strong>nunc</strong></span> <span class='ocrx_word' id='word_1_285' title='bbox 996 3605 1094 3665; x_wconf 88' lang='lat' dir='ltr'><strong>omnis</strong></span> <span class='ocrx_word' id='word_1_286' title='bbox 1120 3607 1210 3666; x_wconf 87' lang='lat' dir='ltr'><strong>abest</strong></span> <span class='ocrx_word' id='word_1_287' title='bbox 1230 3608 1374 3683; x_wconf 88' lang='lat' dir='ltr'><strong>suspicio.</strong></span> <span class='ocrx_word' id='word_1_288' title='bbox 1415 3606 1554 3666; x_wconf 87' lang='lat' dir='ltr'><strong>Nondum</strong></span> <span class='ocrx_word' id='word_1_289' title='bbox 1576 3609 1652 3667; x_wconf 81' lang='lat' dir='ltr'><strong>eninr</strong></span> 
     </span>
     <span class='ocr_line' id='line_1_29' title="bbox 447 3712 1654 3788; baseline -0.002 -13"><span class='ocrx_word' id='word_1_290' title='bbox 447 3716 523 3775; x_wconf 82' lang='lat' dir='ltr'><strong>satis</strong></span> <span class='ocrx_word' id='word_1_291' title='bbox 545 3715 631 3773; x_wconf 88' lang='lat' dir='ltr'><strong>firma</strong></span> <span class='ocrx_word' id='word_1_292' title='bbox 652 3712 795 3771; x_wconf 92' lang='lat' dir='ltr'><strong>videntur</strong></span> <span class='ocrx_word' id='word_1_293' title='bbox 824 3712 919 3770; x_wconf 89' lang='lat' dir='ltr'><strong>allata</strong></span> <span class='ocrx_word' id='word_1_294' title='bbox 944 3728 1014 3770; x_wconf 88' lang='lat' dir='ltr'><strong>esse</strong></span> <span class='ocrx_word' id='word_1_295' title='bbox 1036 3717 1228 3788; x_wconf 87' lang='lat' dir='ltr'><strong>argumenta,</strong></span> <span class='ocrx_word' id='word_1_296' title='bbox 1261 3730 1328 3788; x_wconf 86' lang='lat' dir='ltr'><strong>quae</strong></span> <span class='ocrx_word' id='word_1_297' title='bbox 1355 3713 1463 3772; x_wconf 91' lang='lat' dir='ltr'><strong>horum</strong></span> <span class='ocrx_word' id='word_1_298' title='bbox 1490 3713 1654 3774; x_wconf 88' lang='lat' dir='ltr'><strong>verborum</strong></span> 
     </span>
     <span class='ocr_line' id='line_1_30' title="bbox 447 3818 1652 3896; baseline -0.001 -14"><span class='ocrx_word' id='word_1_299' title='bbox 447 3822 660 3882; x_wconf 85' lang='lat' dir='ltr'><strong>auctoritatem</strong></span> <span class='ocrx_word' id='word_1_300' title='bbox 686 3819 860 3878; x_wconf 80' lang='lat' dir='ltr'><strong>defendant.</strong></span> <span class='ocrx_word' id='word_1_301' title='bbox 902 3818 1018 3886; x_wconf 85' lang='lat' dir='ltr'><strong>Quodsi</strong></span> <span class='ocrx_word' id='word_1_302' title='bbox 1047 3819 1126 3878; x_wconf 91' lang='lat' dir='ltr'><strong>enim</strong></span> <span class='ocrx_word' id='word_1_303' title='bbox 1147 3819 1212 3878; x_wconf 84' lang='lat' dir='ltr'><strong>lraee</strong></span> <span class='ocrx_word' id='word_1_304' title='bbox 1233 3837 1271 3880; x_wconf 92' lang='lat' dir='ltr'><strong>eo</strong></span> <span class='ocrx_word' id='word_1_305' title='bbox 1294 3820 1425 3880; x_wconf 85' lang='lat' dir='ltr'><strong>consilio</strong></span> <span class='ocrx_word' id='word_1_306' title='bbox 1447 3822 1554 3881; x_wconf 89' lang='lat' dir='ltr'><strong>addita</strong></span> <span class='ocrx_word' id='word_1_307' title='bbox 1577 3828 1652 3896; x_wconf 84' lang='lat' dir='ltr'><strong>sunt,</strong></span> 
     </span>
     <span class='ocr_line' id='line_1_31' title="bbox 447 3925 1653 4006; baseline 0 -18"><span class='ocrx_word' id='word_1_308' title='bbox 447 3933 480 3988; x_wconf 92' lang='lat' dir='ltr'><strong>ut</strong></span> <span class='ocrx_word' id='word_1_309' title='bbox 508 3933 539 3986; x_wconf 91' lang='lat' dir='ltr'><strong>et</strong></span> <span class='ocrx_word' id='word_1_310' title='bbox 568 3927 662 3984; x_wconf 88' lang='lat' dir='ltr'><strong>ardor</strong></span> <span class='ocrx_word' id='word_1_311' title='bbox 691 3925 794 4001; x_wconf 89' lang='lat' dir='ltr'><strong>plebis</strong></span> <span class='ocrx_word' id='word_1_312' title='bbox 823 3925 1056 4000; x_wconf 84' lang='lat' dir='ltr'><strong>significaretur,</strong></span> <span class='ocrx_word' id='word_1_313' title='bbox 1093 3931 1125 3985; x_wconf 91' lang='lat' dir='ltr'><strong>et</strong></span> <span class='ocrx_word' id='word_1_314' title='bbox 1156 3931 1189 3986; x_wconf 91' lang='lat' dir='ltr'><strong>ut</strong></span> <span class='ocrx_word' id='word_1_315' title='bbox 1215 3927 1385 4004; x_wconf 83' lang='lat' dir='ltr'><strong>rogationis</strong></span> <span class='ocrx_word' id='word_1_316' title='bbox 1417 3927 1551 4004; x_wconf 88' lang='lat' dir='ltr'><strong>perlatio</strong></span> <span class='ocrx_word' id='word_1_317' title='bbox 1585 3929 1653 4006; x_wconf 93' lang='lat' dir='ltr'><strong>plu-</strong></span> 
     </span>
     <span class='ocr_line' id='line_1_32' title="bbox 446 4035 1653 4112; baseline -0.003 -15"><span class='ocrx_word' id='word_1_318' title='bbox 446 4039 534 4098; x_wconf 91' lang='lat' dir='ltr'><strong>ribus</strong></span> <span class='ocrx_word' id='word_1_319' title='bbox 556 4035 663 4095; x_wconf 84' lang='lat' dir='ltr'><strong>verbis</strong></span> <span class='ocrx_word' id='word_1_320' title='bbox 685 4035 851 4109; x_wconf 88' lang='lat' dir='ltr'><strong>diceretur,</strong></span> <span class='ocrx_word' id='word_1_321' title='bbox 872 4035 976 4110; x_wconf 88' lang='lat' dir='ltr'><strong>potins</strong></span> <span class='ocrx_word' id='word_1_322' title='bbox 999 4035 1154 4093; x_wconf 89' lang='lat' dir='ltr'><strong>inversum</strong></span> <span class='ocrx_word' id='word_1_323' title='bbox 1177 4035 1315 4094; x_wconf 84' lang='lat' dir='ltr'><strong>ordinem</strong></span> <span class='ocrx_word' id='word_1_324' title='bbox 1335 4037 1579 4112; x_wconf 82' lang='lat' dir='ltr'><strong>exspectaveris,</strong></span> <span class='ocrx_word' id='word_1_325' title='bbox 1599 4035 1653 4094; x_wconf 85' lang='lat' dir='ltr'><strong>coi.</strong></span> 
     </span>
     <span class='ocr_line' id='line_1_33' title="bbox 447 4141 1653 4217; baseline -0.003 -13"><span class='ocrx_word' id='word_1_326' title='bbox 447 4147 522 4204; x_wconf 81' lang='lat' dir='ltr'><strong>decr.</strong></span> <span class='ocrx_word' id='word_1_327' title='bbox 552 4147 621 4202; x_wconf 80' lang='lat' dir='ltr'><strong>iares.</strong></span> <span class='ocrx_word' id='word_1_328' title='bbox 660 4142 716 4210; x_wconf 81' lang='lat' dir='ltr'><strong>Qui</strong></span> <span class='ocrx_word' id='word_1_329' title='bbox 743 4148 844 4202; x_wconf 88' lang='lat' dir='ltr'><strong>autom</strong></span> <span class='ocrx_word' id='word_1_330' title='bbox 869 4141 974 4200; x_wconf 87' lang='lat' dir='ltr'><strong>nascio</strong></span> <span class='ocrx_word' id='word_1_331' title='bbox 998 4159 1063 4216; x_wconf 81' lang='lat' dir='ltr'><strong>quae</strong></span> <span class='ocrx_word' id='word_1_332' title='bbox 1088 4141 1263 4200; x_wconf 90' lang='lat' dir='ltr'><strong>discrimina</strong></span> <span class='ocrx_word' id='word_1_333' title='bbox 1286 4143 1542 4217; x_wconf 82' lang='lat' dir='ltr'><strong>significationum</strong></span> <span class='ocrx_word' id='word_1_334' title='bbox 1565 4143 1653 4203; x_wconf 94' lang='lat' dir='ltr'><strong>indu-</strong></span> 
     </span>
     <span class='ocr_line' id='line_1_34' title="bbox 448 4247 1653 4325; baseline -0.001 -16"><span class='ocrx_word' id='word_1_335' title='bbox 448 4255 526 4325; x_wconf 88' lang='lat' dir='ltr'><strong>ount,</strong></span> <span class='ocrx_word' id='word_1_336' title='bbox 550 4250 580 4308; x_wconf 93' lang='lat' dir='ltr'><strong>in</strong></span> <span class='ocrx_word' id='word_1_337' title='bbox 601 4249 734 4308; x_wconf 90' lang='lat' dir='ltr'><strong>maiores</strong></span> <span class='ocrx_word' id='word_1_338' title='bbox 751 4248 841 4307; x_wconf 90' lang='lat' dir='ltr'><strong>etiam</strong></span> <span class='ocrx_word' id='word_1_339' title='bbox 862 4264 985 4307; x_wconf 87' lang='lat' dir='ltr'><strong>errores</strong></span> <span class='ocrx_word' id='word_1_340' title='bbox 1008 4265 1042 4306; x_wconf 90' lang='lat' dir='ltr'><strong>se</strong></span> <span class='ocrx_word' id='word_1_341' title='bbox 1064 4247 1227 4324; x_wconf 90' lang='lat' dir='ltr'><strong>implicant.</strong></span> <span class='ocrx_word' id='word_1_342' title='bbox 1262 4247 1382 4325; x_wconf 86' lang='lat' dir='ltr'><strong>Optimo</strong></span> <span class='ocrx_word' id='word_1_343' title='bbox 1404 4247 1520 4308; x_wconf 83' lang='lat' dir='ltr'><strong>iecisse</strong></span> <span class='ocrx_word' id='word_1_344' title='bbox 1543 4250 1653 4309; x_wconf 89' lang='lat' dir='ltr'><strong>viden-</strong></span> 
     </span>
     <span class='ocr_line' id='line_1_35' title="bbox 446 4353 1653 4431; baseline -0.003 -16"><span class='ocrx_word' id='word_1_345' title='bbox 446 4360 505 4431; x_wconf 91' lang='lat' dir='ltr'><strong>tur,</strong></span> <span class='ocrx_word' id='word_1_346' title='bbox 535 4355 585 4430; x_wconf 88' lang='lat' dir='ltr'><strong>qui</strong></span> <span class='ocrx_word' id='word_1_347' title='bbox 614 4354 773 4412; x_wconf 84' lang='lat' dir='ltr'><strong>decreuerit</strong></span> <span class='ocrx_word' id='word_1_348' title='bbox 798 4359 829 4412; x_wconf 92' lang='lat' dir='ltr'><strong>et</strong></span> <span class='ocrx_word' id='word_1_349' title='bbox 858 4353 980 4412; x_wconf 73' lang='lat' dir='ltr'><strong>coluerit</strong></span> <span class='ocrx_word' id='word_1_350' title='bbox 1008 4371 1026 4412; x_wconf 93' lang='lat' dir='ltr'><strong>a</strong></span> <span class='ocrx_word' id='word_1_351' title='bbox 1055 4353 1208 4412; x_wconf 91' lang='lat' dir='ltr'><strong>vocabulo</strong></span> <span class='ocrx_word' id='word_1_352' title='bbox 1235 4357 1414 4430; x_wconf 75' lang='lat' dir='ltr'><strong>rogationem</strong></span> <span class='ocrx_word' id='word_1_353' title='bbox 1439 4354 1604 4430; x_wconf 90' lang='lat' dir='ltr'><strong>seiungunt</strong></span> <span class='ocrx_word' id='word_1_354' title='bbox 1623 4357 1653 4413; x_wconf 88' lang='lat' dir='ltr'><strong>et</strong></span> 
     </span>
     <span class='ocr_line' id='line_1_36' title="bbox 447 4460 1652 4540; baseline -0.002 -16"><span class='ocrx_word' id='word_1_355' title='bbox 447 4463 589 4524; x_wconf 87' lang='lat' dir='ltr'><strong>absolute</strong></span> <span class='ocrx_word' id='word_1_356' title='bbox 619 4460 701 4519; x_wconf 90' lang='lat' dir='ltr'><strong>dicta</strong></span> <span class='ocrx_word' id='word_1_357' title='bbox 733 4477 804 4520; x_wconf 87' lang='lat' dir='ltr'><strong>esse</strong></span> <span class='ocrx_word' id='word_1_358' title='bbox 836 4461 951 4520; x_wconf 90' lang='lat' dir='ltr'><strong>volunt.</strong></span> <span class='ocrx_word' id='word_1_359' title='bbox 991 4461 1065 4520; x_wconf 87' lang='lat' dir='ltr'><strong>Mihi</strong></span> <span class='ocrx_word' id='word_1_360' title='bbox 1096 4461 1217 4536; x_wconf 86' lang='lat' dir='ltr'><strong>quidem</strong></span> <span class='ocrx_word' id='word_1_361' title='bbox 1245 4461 1300 4520; x_wconf 93' lang='lat' dir='ltr'><strong>illa</strong></span> <span class='ocrx_word' id='word_1_362' title='bbox 1325 4462 1488 4520; x_wconf 87' lang='lat' dir='ltr'><strong>etiamnum</strong></span> <span class='ocrx_word' id='word_1_363' title='bbox 1509 4466 1652 4540; x_wconf 82' lang='lat' dir='ltr'><strong>suspecta</strong></span> 
     </span>
     <span class='ocr_line' id='line_1_37' title="bbox 448 4567 1652 4646; baseline -0.003 -14"><span class='ocrx_word' id='word_1_364' title='bbox 448 4590 519 4632; x_wconf 89' lang='lat' dir='ltr'><strong>esse</strong></span> <span class='ocrx_word' id='word_1_365' title='bbox 551 4570 700 4643; x_wconf 89' lang='lat' dir='ltr'><strong>videntur,</strong></span> <span class='ocrx_word' id='word_1_366' title='bbox 731 4567 791 4626; x_wconf 91' lang='lat' dir='ltr'><strong>nisi</strong></span> <span class='ocrx_word' id='word_1_367' title='bbox 820 4568 888 4642; x_wconf 88' lang='lat' dir='ltr'><strong>quis</strong></span> <span class='ocrx_word' id='word_1_368' title='bbox 917 4567 999 4626; x_wconf 83' lang='lat' dir='ltr'><strong>forte</strong></span> <span class='ocrx_word' id='word_1_369' title='bbox 1031 4568 1147 4641; x_wconf 86' lang='lat' dir='ltr'><strong>statuit,</strong></span> <span class='ocrx_word' id='word_1_370' title='bbox 1181 4567 1348 4627; x_wconf 88' lang='lat' dir='ltr'><strong>Salustium</strong></span> <span class='ocrx_word' id='word_1_371' title='bbox 1378 4569 1474 4646; x_wconf 87' lang='lat' dir='ltr'><strong>ipsius</strong></span> <span class='ocrx_word' id='word_1_372' title='bbox 1498 4568 1652 4646; x_wconf 89' lang='lat' dir='ltr'><strong>plebisciti</strong></span> 
     </span>
     <span class='ocr_line' id='line_1_38' title="bbox 447 4673 1652 4752; baseline -0.002 -15"><span class='ocrx_word' id='word_1_373' title='bbox 447 4678 608 4738; x_wconf 78' lang='lat' dir='ltr'><strong>formulam</strong></span> <span class='ocrx_word' id='word_1_374' title='bbox 630 4675 841 4752; x_wconf 78' lang='lat' dir='ltr'><strong>expressiss03</strong></span> <span class='ocrx_word' id='word_1_375' title='bbox 863 4674 892 4733; x_wconf 90' lang='lat' dir='ltr'><strong>in</strong></span> <span class='ocrx_word' id='word_1_376' title='bbox 917 4673 1017 4749; x_wconf 87' lang='lat' dir='ltr'><strong>legum</strong></span> <span class='ocrx_word' id='word_1_377' title='bbox 1039 4675 1118 4732; x_wconf 89' lang='lat' dir='ltr'><strong>enim</strong></span> <span class='ocrx_word' id='word_1_378' title='bbox 1140 4673 1281 4733; x_wconf 80' lang='lat' dir='ltr'><strong>formulis</strong></span> <span class='ocrx_word' id='word_1_379' title='bbox 1303 4691 1474 4750; x_wconf 87' lang='lat' dir='ltr'><strong>synonyma</strong></span> <span class='ocrx_word' id='word_1_380' title='bbox 1498 4676 1652 4735; x_wconf 84' lang='lat' dir='ltr'><strong>cumulare</strong></span> 
     </span>
    </p>
   </div>
   <div class='ocr_carea' id='block_1_3' title="bbox 0 0 1856 5600">
    <p class='ocr_par' dir='ltr' id='par_1_4' title="bbox 0 0 1856 5600">
     <span class='ocr_line' id='line_1_39' title="bbox 0 0 1856 5600; baseline 0 0"><span class='ocrx_word' id='word_1_381' title='bbox 0 0 1856 5600; x_wconf 95' lang='lat' dir='ltr'><strong> </strong></span> 
     </span>
    </p>
   </div>
  </div>
 </body>
</html>
