3702 5600
418 621 491 690 520

401 823 469 890 *cet
489 825 586 878 cetero
607 833 675 876 cum
697 818 798 876 omnia
818 816 939 892 reliqua
959 815 1189 894 complectatur,
1211 815 1335 876 videtur
1356 833 1466 876 novam
1492 815 1628 875 divisio-

417 941 486 982 nem
507 925 683 984 excludere.
722 924 784 984 Sed
805 941 871 984 cum
892 923 961 983 loca
983 941 1001 982 a
1023 925 1114 984 litore
1140 927 1256 982 remota
1280 923 1499 1000 intelligantur,
1521 940 1629 982 eorum

418 1047 478 1090 non
501 1049 557 1090 una
573 1031 671 1090 iacies
687 1039 768 1106 eret;
790 1049 863 1110 pars
879 1032 958 1090 enim
974 1031 1035 1090 alta
1052 1037 1127 1104 erat,
1150 1049 1223 1107 pars
1239 1029 1364 1104 vadosa,
1387 1030 1479 1104 idque
1495 1031 1629 1088 maxime

417 1141 602 1214 tempestate
623 1139 772 1198 saviente
793 1139 895 1210 tiebat,
918 1154 978 1212 quo
1000 1137 1120 1212 quidem
1143 1145 1281 1213 tempore
1303 1153 1406 1210 arena,
1428 1136 1526 1208 limus,
1549 1152 1628 1194 saxa

417 1244 456 1304 ab
478 1244 539 1303 alio
562 1245 631 1304 loco
653 1244 683 1302 in
705 1245 796 1302 alium
820 1244 1030 1304 trahebantur.
1078 1243 1111 1302 Si
1137 1244 1231 1320 igitur
1258 1243 1297 1302 ad
1323 1250 1420 1302 cetero
1445 1243 1546 1302 omnia
1572 1259 1627 1301 re-

418 1350 563 1425 ferantur,
586 1369 622 1410 ne
637 1351 710 1428 poni
726 1351 846 1425 quidem
862 1350 958 1410 semel
973 1350 1079 1409 debuit
1093 1350 1161 1422 clia,
1185 1351 1240 1409 sed
1263 1351 1423 1409 dicendum
1441 1355 1519 1408 erat:
1552 1366 1625 1422 ¹,ce-

417 1459 494 1531 tera,
518 1458 560 1516 uti
582 1457 648 1516 fors
670 1457 748 1530 tulit,
771 1457 862 1517 modo
886 1456 1003 1516 vadosa
1017 1461 1096 1530 sunt,
1120 1474 1156 1515 ea
1179 1458 1258 1517 enim
1274 1458 1323 1516 vis
1340 1457 1532 1534 tempestatis
1547 1449 1623 1514 est“

417 1562 479 1624 Sed
501 1581 556 1640 pro
582 1564 666 1622 modo
688 1599 725 1610 -
747 1563 830 1622 modo
852 1591 888 1602 ·-
912 1569 966 1622 aut
986 1564 1160 1622 accuratior
1186 1563 1334 1639 temporis
1356 1561 1494 1622 delinitio
1515 1561 1627 1622 inferri

417 1672 530 1747 potnit:
558 1671 616 1730 clio
637 1676 771 1744 tempore,
799 1669 866 1743 ulio,
892 1677 944 1728 eut
964 1669 1100 1745 ipsorum
1122 1670 1258 1730 locorum
1281 1670 1405 1729 diversa
1427 1679 1533 1728 natura
1556 1671 1627 1746 sig-

417 1775 565 1850 nificatur,
582 1775 673 1852 idque
687 1776 748 1835 alic
766 1807 794 1816 -
816 1776 876 1836 alic
891 1775 1043 1853 exprimit.
1061 1777 1141 1850 quod
1157 1775 1339 1858 vopebolnm
1353 1777 1380 1834 si
1395 1777 1491 1834 semel
1507 1793 1626 1852 posue-

417 1883 470 1956 ris,
486 1882 661 1942 claudicare
676 1882 799 1942 videtur
811 1883 919 1942 oratio.
940 1883 1040 1957 Syrtes
1052 1881 1087 1940 ab
1097 1889 1189 1940 tractu
1203 1887 1363 1957 nominate,
1377 1900 1444 1957 quae
1454 1883 1548 1942 verba
1564 1899 1625 1941 non

416 1989 528 2048 nemini
549 1993 692 2065 suspecta
707 1989 898 2063 videbantur,
920 1989 1080 2066 contirmat
1094 1989 1231 2048 isidorus
1246 2007 1308 2048 xrrr.
1333 1992 1377 2048 18.
1394 1991 1421 2047 o.
1444 1991 1544 2064 Syrtes
1565 2007 1626 2050 crr-

416 2100 471 2153 tem
490 2093 633 2154 Salustium
648 2111 666 2152 a
682 2101 775 2154 baem
793 2099 893 2154 aerari
913 2095 994 2170 dicit;
1017 2113 1196 2171 quamquam
1219 2096 1365 2156 audacior
1386 2096 1509 2155 criticos
1531 2099 1624 2156 etiam

417 2200 488 2260 huic
513 2201 560 2258 rei
591 2199 757 2260 remedium
787 2201 939 2260 invenerit
968 2204 1001 2260 et
1025 2201 1160 2278 glossam
1187 2206 1259 2260 ente
1289 2201 1440 2260 isidorum
1465 2207 1626 2278 receptam

417 2309 538 2369 dixerit.
560 2308 653 2385 lepum
666 2309 816 2386 cultusque
830 2309 936 2386 optimi
949 2312 981 2370 et
994 2309 1086 2384 longe
1100 2309 1222 2386 plurimi
1237 2310 1325 2384 libri;
1348 2310 1425 2386 tepea
1439 2309 1624 2384 deteriores,

417 2433 484 2490 quae
507 2415 599 2476 lectio
621 2433 660 2474 ex
682 2415 736 2474 illo
758 2416 954 2476 librariorum
976 2416 1078 2476 studio
1098 2422 1176 2491 orta,
1198 2416 1425 2488 vocabulorum,
1450 2433 1516 2490 quae
1538 2415 1626 2474 iuxta

416 2522 519 2599 posita
540 2528 619 2597 sunt,
642 2523 873 2583 terminationes
901 2523 1058 2598 aequendi;
1086 2539 1153 2598 qum
1180 2523 1341 2582 multarum
1369 2524 1624 2599 depravationum

416 2646 510 2688 mosa
532 2628 597 2689 luit.
640 2628 782 2689 Ceterum
804 2630 831 2689 si
861 2629 1022 2689 consilium
1045 2629 1207 2706 scriptoria
1230 2629 1341 2689 luisset
1361 2629 1446 2704 leges
1467 2634 1501 2688 et
1522 2629 1625 2688 cultus

416 2737 587 2812 seiungere,
610 2735 662 2794 vix
682 2735 842 2813 putaveris
863 2735 1012 2813 euboeam
1033 2736 1158 2812 dixisse,
1185 2736 1241 2795 sed
1263 2735 1340 2812 tepea
1362 2743 1389 2795 et
1411 2753 1475 2813 pue
1497 2737 1537 2794 ad
1556 2735 1624 2795 rual-

415 2846 641 2918 temperarent.

497 2965 523 3008 o.
546 2951 592 3008 79.
624 2948 790 3026 Scriptura·
811 2948 878 3008 cod.
899 2947 1094 3010 Basiliensis:
1116 2953 1238 3026 nepocin
1257 2979 1293 2987 —
1316 2953 1482 3008 circuenses
1499 2979 1537 2990 ·-
1552 2949 1624 3022 finis

415 3073 515 3114 eorum
536 3089 572 3098 -
588 3073 691 3116 nomen
704 3055 836 3131 pbilenea
851 3056 1036 3116 —coltortua
1056 3057 1194 3114 immam
1213 3091 1235 3098 --
1256 3073 1328 3132 puer
1346 3057 1416 3128 finis
1430 3087 1468 3095 —
1481 3057 1624 3134 edlmpue

415 3162 480 3221 illie.
506 3195 541 3206 -
559 3161 708 3239 pleraeque
728 3162 837 3238 Maiore
857 3177 962 3220 omues
984 3161 1051 3222 lere
1072 3162 1153 3221 libri.
1166 3162 1306 3239 pleraque
1319 3163 1421 3238 Africo
1434 3162 1622 3222 Arrusianus

415 3271 537 3331 blesens
558 3289 587 3348 p.
609 3271 676 3330 237.
710 3271 757 3330 ed.
780 3268 865 3328 Lind.
892 3270 978 3329 cuius
1005 3272 1189 3330 auctoritate
1211 3271 1302 3329 etiam
1325 3270 1389 3328 baec
1410 3270 1502 3330 lectio
1525 3287 1623 3347 nuper

415 3381 540 3454 recepta
562 3382 621 3437 est.
653 3376 726 3436 Plus
748 3377 827 3436 enim
849 3376 1036 3454 interpretes
1059 3377 1104 3435 illi
1129 3377 1327 3454 grammatico
1355 3393 1444 3450 quem
1466 3377 1622 3435 constanti

415 3483 553 3544 codicum
575 3483 749 3542 testimonio
772 3483 951 3542 tribuerunt.
985 3481 1047 3542 Sed
1067 3483 1126 3542 iam
1144 3481 1256 3558 saepius
1280 3481 1418 3554 vidimus,
1443 3485 1556 3557 quanta
1578 3484 1622 3542 sit

414 3588 672 3650 inconsiderantia
697 3589 779 3649 illius
801 3588 992 3665 grammatici
1019 3590 1048 3646 in
1077 3589 1239 3648 laudandis
1261 3587 1388 3648 Salustii
1409 3589 1497 3664 locis,
1524 3590 1566 3648 ita
1589 3597 1623 3650 ot

413 3702 499 3757 recte
524 3696 655 3771 mireris,
682 3697 748 3756 eius
776 3696 921 3755 iudicium
947 3695 987 3754 ad
1008 3695 1181 3754 mutandam
1209 3695 1336 3754 Salustii
1362 3697 1531 3756 orationem
1563 3716 1621 3756 ve-

413 3804 518 3864 luisse.
549 3803 690 3864 Ceterum
707 3804 838 3880 pdilencs
859 3805 941 3879 qood
964 3803 1062 3881 primo
1083 3805 1153 3865 loco
1176 3805 1207 3864 in
1227 3805 1331 3864 multis
1354 3806 1442 3864 libris
1465 3811 1521 3878 est,
1545 3803 1621 3878 (sed

413 3931 473 3973 non
496 3914 525 3972 in
541 3913 608 3972 Par.
625 3913 644 3970 b
660 3929 677 3972 c
691 3933 711 3972 x
726 3911 770 3983 a.)
801 3931 839 3972 eo
860 3913 957 3972 minus
979 3913 1172 3972 auctoritatis
1186 3913 1290 3986 habet,
1312 3913 1394 3989 qood
1409 3913 1488 3973 infra
1507 3914 1535 3971 in
1551 3931 1621 3972 om-

413 4021 502 4079 nibus
523 4021 657 4081 Pbilmnia
678 4023 825 4099 scriptum
847 4024 906 4081 est.
936 4021 1077 4099 utilerque
1097 4039 1153 4100 pro
1177 4023 1288 4100 aliique
1308 4022 1349 4082 nil
1378 4023 1437 4081 uisi
1459 4023 1621 4098 scripturae

412 4128 552 4185 mendum
574 4131 630 4186 est.

493 4251 518 4292 c.
540 4235 587 4292 80.
620 4237 683 4311 puis
715 4233 901 4308 adiutoribus,
934 4235 992 4312 apl.
1022 4235 1076 4294 bus
1104 4233 1175 4294 Bas.
1204 4239 1315 4309 incepto
1346 4234 1413 4293 belli
1445 4233 1518 4294 Bas.
1549 4233 1620 4294 Par.

411 4339 524 4398 boxa.
554 4337 620 4399 liin.
649 4339 734 4400 Leid.
765 4341 903 4401 etmulti
925 4343 979 4401 alii
1008 4343 1088 4402 libri.
1114 4343 1255 4402 Macrone
1279 4341 1349 4401 Bas.
1378 4343 1480 4401 bellum
1503 4345 1622 4417 caepim

410 4447 501 4506 idem.
523 4448 582 4507 boc
606 4448 638 4508 iu
657 4451 796 4524 macipiut
816 4451 954 4526 corrupit
970 4450 1079 4510 editor.
1102 4449 1175 4509 dallo
1197 4450 1266 4509 Tur.
1293 4456 1325 4509 et
1346 4449 1414 4509 lere
1435 4449 1621 4510 deteriores.

410 4555 486 4614 illud
500 4573 607 4616 errore
621 4558 817 4618 librariorum
833 4563 941 4634 ortum,
957 4559 1088 4634 quicum
1103 4560 1143 4620 de
1158 4560 1351 4620 substantivo
1367 4559 1548 4638 cogitarent,
1561 4575 1620 4635 ge-

410 4661 537 4722 nitivum
558 4663 624 4724 belli
643 4664 844 4740 induxerunt3
877 4684 945 4726 nem
974 4666 1056 4742 quod
1077 4666 1132 4726 alii
1158 4667 1305 4744 suspicati
1329 4670 1406 4738 aunt,
1432 4665 1620 4726 insolentius
