3526 5604
1251 609 1322 678 367

127 805 205 875 161111
229 815 337 874 661616
364 802 693 876 animadvertendum
719 815 769 874 est
784 803 874 896 quod
892 806 1018 877 Gellius
1036 807 1136 878 Neria
1162 808 1240 879 dicit
1265 833 1325 901 per

127 929 320 1008 illitorum,
340 950 407 998 non
426 929 528 999 Nerio
540 952 652 1021 neque
669 929 845 1000 Nerienes.
880 931 1000 1000 Gellius
1016 929 1073 1011 13,
1092 931 1150 1013 22,
1169 932 1322 1005 13-16.

129 1057 180 1124 16.
203 1057 309 1126 Numa
341 1079 402 1126 rex
431 1056 556 1126 latiales
589 1056 737 1126 instituit.
795 1056 945 1139 Quorum
977 1069 1087 1128 utrum
1120 1058 1162 1128 ab
1194 1059 1324 1150 Aequi-

127 1179 203 1248 culis
227 1181 417 1272 excmplum
443 1189 610 1250 mutuatus
635 1179 694 1260 sit,
731 1191 767 1251 61
792 1182 943 1250 66666111
972 1182 1174 1262 6116661661,
1212 1207 1255 1252 66
1281 1184 1323 1254 ab

126 1303 312 1374 Ardeatium
338 1301 481 1382 civitate,
510 1312 547 1371 ut
571 1303 684 1373 scribit
710 1303 848 1384 Gellius,
883 1316 1087 1398 compertum
1112 1329 1179 1378 non
1206 1306 1323 1376 babeo.

127 1427 297 1516 Dionysius
326 1422 434 1495 Halia.
462 1425 497 1507 2,
529 1425 586 1496 72.
697 1428 754 1496 11.
785 1428 924 1498 Liberos
957 1431 1065 1500 Numa
1099 1429 1250 1522 reliquit,
1290 1441 1326 1500 ut

127 1551 268 1644 plerique
294 1562 371 1621 sunt
396 1559 559 1631 auctores,
596 1549 682 1620 filios
708 1561 863 1644 quattuor
888 1575 1057 1643 unamque
1087 1553 1203 1634 filiam,
1239 1577 1325 1645 quo-

126 1697 196 1744 rum
220 1675 328 1745 adhuc
354 1685 519 1766 superstes
545 1686 593 1743 est
614 1674 797 1766 posteritas,
824 1685 860 1745 ut
884 1697 963 1744 vero
981 1675 1044 1745 Gn.
1061 1677 1188 1747 Gellius
1213 1677 1323 1758 tradit,

125 1799 223 1868 solam
249 1799 364 1878 liliam,
391 1821 433 1868 ex
459 1821 524 1891 qua
550 1809 644 1868 natus
671 1810 721 1868 est
741 1800 854 1869 Ancus
877 1799 1031 1880 Marcius,
1058 1802 1116 1892 qui
1142 1803 1255 1872 tertius
1282 1802 1324 1872 ab

126 1923 181 1993 illo
212 1922 374 2014 regnavit.
423 1923 600 2013 Dionysius
625 1923 732 1993 Holic.
761 1920 796 2004 2,
833 1921 891 1993 76.
1001 1926 1056 1993 ta.
1091 1925 1187 1996 Venit
1221 1925 1321 2017 igitur

126 2047 320 2139 Tarquinius
348 2046 477 2116 Priscus
503 2048 643 2117 Romam
677 2048 771 2117 Anco
802 2047 927 2118 Marcio
957 2059 1117 2140 regnante
1148 2071 1254 2130 auno,
1291 2061 1326 2118 ut

125 2171 245 2241 Gellius
265 2171 377 2251 refert,
405 2170 476 2238 eius
501 2169 597 2259 regui
623 2169 743 2261 primo.
770 2181 805 2238 ut
822 2169 969 2240 Licinius
995 2183 1110 2240 octavo
1138 2225 1202 2240 ...
1231 2175 1324 2243 Nono

123 2296 204 2366 Anci
229 2319 317 2366 anno
344 2297 500 2386 magister
525 2295 674 2386 equitum
700 2294 741 2364 ad
760 2295 887 2366 bellum
909 2297 1064 2368 Latinum
1091 2321 1109 2366 a
1135 2317 1216 2387 rege
1242 2297 1324 2366 mis·

124 2443 175 2492 sus
199 2433 256 2502 cst,
283 2421 368 2490 sicut
394 2417 602 2488 consentiens
629 2430 768 2510 uterque
794 2420 935 2512 scriptor
959 2421 1016 2490 ait.
1054 2422 1231 2513 Dionysius
1252 2421 1325 2490 Hu-

124 2542 229 2624 1164,
264 2544 298 2615 6.
411 2543 466 2612 13.
490 2535 564 2630 [Aa
591 2542 700 2611 lacum
727 2542 909 2632 Regillum]
948 2543 1096 2613 Licinius
1128 2554 1161 2613 61
1186 2544 1323 2623 Gellius,

124 2667 215 2758 plane
241 2667 399 2740 incuriosi
419 2689 534 2737 eorum
560 2689 647 2758 quae
673 2667 724 2735 vel
745 2665 817 2736 6611
841 2666 965 2759 possint
986 2668 1037 2736 vel
1058 2668 1245 2760 probabilia
1272 2671 1323 2737 vi-

124 2792 267 2872 deantur,
295 2793 403 2885 ipsum
428 2814 543 2882 rogem
557 2790 773 2883 Tarquinium
801 2802 1062 2861 commemorant
1087 2815 1130 2861 ex
1154 2815 1242 2886 equo
1259 2818 1324 2887 pu-

124 2937 234 3006 gnasse
261 2940 300 2986 ac
326 2917 549 2996 vulneratum,
584 2914 753 2984 homiuem
784 2937 890 3007 paene
921 2915 1105 3007 nonaginta
1131 2940 1235 2988 annos
1262 2943 1324 2988 na·

123 3053 200 3110 tum.
242 3041 422 3131 Dionprr'ue
449 3039 555 3108 Halia.
589 3035 623 3120 6,
654 3036 708 3107 11.
814 3039 868 3106 ll.
902 3039 940 3108 T.
974 3039 1123 3130 Geganio
1154 3041 1323 3112 Macerino

122 3168 155 3236 P.
180 3167 327 3239 Minucio
353 3165 544 3236 consulibus
571 3216 637 3234 ...
668 3165 710 3234 611
737 3167 938 3235 frumentum
964 3165 1182 3236 coenrendum
1208 3167 1242 3235 in
1269 3167 1324 3236 Si-

124 3291 230 3361 ciliam
266 3291 457 3360 missisunt
578 3291 616 3358 ln
643 3312 683 3358 66
715 3289 840 3358 insula·
858 3303 927 3360 tum
958 3312 1019 3382 per
1044 3291 1176 3380 singula
1200 3291 1322 3382 oppida

121 3417 247 3506 tyranni
271 3415 537 3494 dominabantur,
563 3435 705 3506 quorum
731 3413 954 3484 nobilissimus
980 3414 1042 3485 1611
1059 3413 1141 3484 Gelo
1160 3413 1322 3484 Dinome-

122 3538 168 3608 nis
200 3539 303 3620 lilius,
336 3591 344 3607 .
374 3591 417 3608 ..
455 3560 522 3608 non
558 3536 735 3629 Dionysius
768 3537 1007 3630 Syracusanus,
1046 3549 1080 3608 ut
1111 3539 1258 3610 Licinius
1290 3551 1323 3610 61

122 3663 244 3734 Gellius
269 3663 393 3755 aliique
420 3661 513 3732 multi
534 3663 759 3731 Romanorum
781 3661 956 3752 scriptores
972 3662 1168 3743 retulerunt,
1194 3664 1320 3734 nullam

123 3797 304 3880 temporum
341 3785 504 3855 rationem
542 3784 701 3853 habentes
742 3795 774 3853 et
813 3784 974 3878 quidquid
1010 3787 1092 3892 loqte
1127 3788 1322 3858 occurrebat

121 3923 241 3982 1616616
263 3910 525 4004 comprobantes.
565 3911 716 4001 Namque
738 3908 820 3977 11666
846 3909 879 3977 16
906 3909 1051 3978 Siciliam
1079 3911 1202 4002 legatio
1218 3911 1321 3980 traie-

122 4037 161 4104 cit
273 4035 414 4127 septimo
439 4033 568 4104 decimo
592 4045 665 4126 post
689 4054 785 4123 reges
811 4045 943 4102 exactos
967 4056 1067 4114 anno,
1094 4043 1130 4103 ut
1155 4046 1187 4104 et
1212 4035 1262 4105 illi
1288 4047 1321 4104 61

120 4161 238 4253 reliqui
255 4162 324 4229 lere
338 4182 453 4229 omnes
466 4157 707 4229 consentientes
721 4166 870 4229 auctores
883 4169 958 4228 sunt
971 4169 1031 4227 etc.
1057 4159 1321 4249 11166μεί6116-

122 4289 169 4356 lic.
184 4285 218 4367 7,
235 4286 266 4356 1.
370 4285 427 4355 15.
453 4286 579 4356 Omnes
593 4283 656 4354 boc
668 4283 828 4364 historici,
847 4283 953 4366 Fabii,
970 4285 1080 4366 Gellii,
1097 4285 1156 4354 sel
1168 4285 1318 4376 proxime

122 4411 249 4482 Caelius
280 4409 470 4505 [produntzl
506 4410 591 4480 Gum
621 4409 710 4480 bello
737 4409 855 4479 Latino
884 4421 945 4480 etc.
981 4433 1079 4502 supro
1102 4434 1137 4502 p.
1167 4406 1252 4486 255,
1282 4404 1317 4478 4.

125 4535 176 4604 16.
203 4538 245 4608 Et
271 4536 304 4604 in
330 4534 465 4627 quinto:
491 4533 676 4624 puellabus.
715 4535 759 4604 Et
775 4533 808 4602 in
827 4533 981 4625 septimo:
1015 4553 1076 4626 pro
1101 4531 1228 4602 duabus
1254 4555 1319 4624 pu·

122 4657 265 4731 dicabus.
310 4661 475 4730 Gburisc'us
512 4657 543 4738 1,
579 4656 635 4736 17,
671 4655 704 4727 6.
818 4659 874 4726 17.
908 4657 987 4727 Dies
1027 4656 1244 4749 postridiauos
1275 4656 1316 4726 ad

1090 4773 1155 4837 20*
