3582 5594
1329 693 1375 761 65

171 895 296 974 scribo,
329 905 362 963 et
387 894 445 964 illa
470 915 544 986 quae
571 904 668 964 antea
694 895 727 962 in
753 902 870 964 senatu
895 903 1029 985 questus
1043 915 1132 972 sum,
1158 915 1243 962 vana
1268 894 1376 963 forent

170 1020 406 1113 potiusquam
432 1019 565 1089 miseria
590 1041 667 1087 mea
692 1017 792 1088 fidem
818 1016 926 1087 verbis
952 1017 1085 1087 laceret.
1129 1016 1194 1086 Sed
1220 1018 1375 1109 quoniam

170 1167 210 1212 eo
233 1153 437 1223 natussum,
463 1153 499 1211 ut
522 1140 690 1233 Iugurthae
708 1142 872 1212 scelerum
897 1141 1039 1211 ostentui
1065 1163 1190 1222 essem,
1217 1164 1283 1211 nou
1307 1141 1376 1211 iam

171 1279 310 1338 mortem
342 1289 453 1359 neque
487 1289 667 1348 aerumnas,
706 1266 932 1337 tantummodo
966 1267 1092 1336 inimici
1130 1266 1306 1358 imperium
1344 1275 1376 1335 et

170 1391 334 1460 cruciatus
361 1390 507 1483 corporis
533 1389 703 1482 deprecor.
754 1392 870 1483 Regno
894 1390 1079 1473 Numidiae,
1118 1390 1207 1482 quod
1231 1399 1374 1460 vestrum

170 1524 236 1594 est,
264 1514 312 1584 uti
338 1513 430 1584 lubet
454 1513 632 1584 consulite:
659 1536 713 1582 me
738 1514 888 1584 manibus
906 1514 1016 1607 impiis
1045 1513 1161 1606 eripite
1186 1536 1245 1606 per
1270 1513 1375 1583 maie-

171 1649 288 1707 statem
316 1636 465 1730 imperii,
491 1660 551 1730 per
564 1637 717 1708 amicitia
735 1638 853 1720 fidem,
880 1638 906 1708 si
926 1639 994 1709 ulla
1019 1637 1107 1731 apud
1131 1661 1188 1708 vos
1214 1637 1375 1708 memoria

170 1773 320 1831 remanet
345 1762 399 1831 avi
426 1762 491 1830 mei
515 1761 708 1833 Masinissa.

242 1910 328 1957 xxv.
381 1886 442 1955 llis
469 1885 584 1955 litteris
608 1886 752 1956 recitatis
778 1887 871 1957 luere
897 1887 954 1979 qui
972 1889 1154 1958 exercitum
1177 1888 1211 1956 in
1227 1887 1374 1957 Africam

168 2010 362 2081 mittendum
389 2020 559 2078 censerent
593 2021 624 2078 et
655 2032 756 2101 quam
787 2010 931 2102 primum
957 2010 1141 2081 Adherbali
1171 2011 1374 2082 subveniun-

168 2137 268 2214 dum;
308 2134 349 2203 de
375 2132 534 2224 Iugurtha
560 2133 692 2202 interim
719 2133 765 2203 uti
796 2134 1040 2214 consuleretur,
1075 2135 1232 2226 quoniam
1257 2135 1374 2224 legatis

167 2281 234 2328 non
261 2257 434 2350 paruisset.
477 2256 542 2326 Sed
556 2256 598 2325 ab
624 2256 728 2326 isdem
755 2255 820 2326 illis
846 2256 934 2348 regis
951 2257 1134 2328 fautoribus
1158 2280 1286 2328 summa
1311 2281 1374 2350 ope

168 2382 296 2451 enisum
325 2391 388 2461 est,
414 2404 457 2449 ne
484 2381 548 2450 tale
573 2379 742 2450 decretum
769 2380 873 2450 ficret.
912 2383 960 2450 lta
974 2380 1098 2451 bouum
1123 2380 1312 2472 publicum,
1339 2394 1375 2452 ut

168 2507 202 2576 iu
227 2505 397 2598 plerisque
424 2504 563 2594 negotiis
589 2503 689 2583 solet,
716 2503 843 2594 privata
868 2503 975 2594 gratia
991 2503 1167 2574 devictum.
1206 2508 1374 2598 Legautur

166 2643 278 2701 tamen
313 2631 348 2700 in
374 2631 521 2701 Africam
555 2630 697 2699 maiores
727 2640 825 2710 natu,
859 2629 1007 2712 nobiles,
1042 2631 1159 2723 amplis
1192 2630 1373 2701 bonoribus

168 2757 229 2837 usi,
265 2755 301 2824 in
334 2754 408 2847 quis
442 2754 503 2824 luit
534 2757 580 2826 Μ.
616 2754 769 2834 Scaums,
805 2753 845 2823 de
884 2776 951 2845 quo
983 2777 1081 2846 supra
1107 2755 1371 2838 memoravimus,

166 2883 351 2953 consularis
376 2892 409 2951 et
432 2894 501 2951 tum
535 2882 568 2950 in
595 2893 710 2951 senatu
735 2881 898 2972 princeps.
951 2881 1014 2962 lli,
1054 2882 1143 2972 quod
1175 2904 1228 2950 res
1259 2880 1294 2949 in
1319 2879 1373 2948 in-

156 3007 253 3124 ·ridia
280 3017 368 3087 erat,
395 3007 493 3076 simul
511 3017 543 3074 et
556 3007 598 3076 ab
611 3004 762 3075 Numidis
780 3004 957 3087 obsecrati,
984 3004 1094 3076 triduo
1118 3005 1230 3076 navim
1256 3027 1373 3074 aseen-

167 3129 263 3208 dcre;
291 3129 368 3198 dein
395 3128 487 3199 brevi
512 3129 641 3200 Uticam
658 3127 789 3220 adpulsi
815 3128 941 3197 litteras
959 3127 1000 3196 ad
1013 3128 1208 3218 lugurtbam
1231 3129 1371 3210 mittunt,

167 3274 268 3343 quam
294 3251 458 3320 ocissume
492 3251 532 3320 ad
571 3250 774 3344 provinciam
809 3250 962 3332 accedat,
1000 3273 1102 3342 seque
1137 3251 1179 3321 ad
1216 3274 1293 3321 eum
1330 3251 1372 3321 ab

166 3387 282 3445 senatu
308 3376 435 3445 missos.
479 3376 538 3445 llle
555 3374 613 3444 ubi
629 3375 771 3467 aceepit,
798 3374 947 3444 homines
973 3377 1098 3456 claros,
1124 3399 1266 3469 quorum
1292 3399 1373 3446 auc-

167 3502 330 3571 toritatem
343 3503 457 3571 llomaa
471 3501 597 3594 pollere
610 3501 791 3582 audiverat,
809 3513 923 3570 contra
937 3500 1103 3593 inceptum
1118 3523 1213 3569 suum
1226 3499 1370 3581 venisse;

166 3625 274 3717 primo
288 3635 482 3705 commotus,
500 3634 697 3714 metuatque
712 3623 860 3694 lubidine
873 3622 1022 3694 divorsus
1036 3623 1231 3714 agitabatur.
1258 3623 1372 3692 Time-

167 3747 221 3818 bat
246 3749 332 3818 iram
357 3757 502 3827 senatus,
530 3747 564 3816 ui
589 3747 751 3840 paruisset
776 3746 909 3836 legatis;
936 3768 1035 3838 porro
1060 3745 1190 3816 animus
1216 3746 1372 3839 cupidine

133 3895 274 3968 ‚wcus
299 3869 343 3940 ad
377 3871 542 3963 inceptum
568 3871 675 3939 scelus
713 3868 912 3962 rapiebatur.
966 3868 1054 3940 Vicit
1079 3856 1189 3938 tamen
1216 3867 1250 3936 in
1277 3868 1373 3938 avido

168 3996 302 4088 ingenio
325 4016 463 4086 pratum
489 3993 675 4063 consilium.
713 3993 817 4084 Igitur
843 3991 990 4061 exercitu
1015 3991 1215 4061 circumdato
1245 4015 1373 4062 summa

166 4122 198 4190 vi
223 4120 349 4191 Cirtam
377 4118 560 4210 irrumpere
590 4117 723 4198 nititur,
753 4138 909 4187 maxume
944 4137 1079 4209 sperans
1116 4115 1248 4186 diducta
1272 4139 1374 4186 manu

168 4244 310 4314 bostium
349 4253 407 4312 aut
443 4242 474 4311 vi
508 4253 565 4312 aut
603 4240 686 4310 dolis
720 4264 792 4310 sose
826 4262 938 4310 casum
972 4239 1117 4310 victoria
1152 4239 1373 4308 inventumm.

168 4367 265 4451 Quod
291 4366 350 4437 ubi
376 4388 469 4436 secus
484 4365 631 4457 procedit
649 4388 758 4460 nequo
785 4365 873 4457 quod
899 4364 1084 4434 intenderat
1102 4361 1233 4433 efficere
1259 4371 1375 4455 potest,

168 4499 203 4558 ut
226 4489 336 4582 prius,
372 4503 472 4580 quam
499 4488 624 4577 legatos
649 4488 857 4571 conveniret,
892 4486 1093 4558 Adherbalis
1118 4484 1299 4578 potiretur;
1333 4509 1377 4554 ne

169 4611 309 4703 amplius
334 4609 494 4679 morando
520 4611 694 4695 Scaurum,
722 4633 820 4704 quem
847 4610 1028 4703 plurimum
1045 4609 1228 4694 metuebat,
1262 4610 1379 4680 incen-

169 4736 279 4822 deret,
307 4759 380 4808 cum
408 4737 520 4829 paucis
547 4735 714 4830 equitibus
741 4737 775 4806 in
801 4735 1010 4830 provinciam
1037 4734 1139 4809 venit.
1177 4736 1227 4806 Ac
1252 4733 1379 4806 tametsi

1200 4863 1217 4918 5
