3554 5600
1293 662 1357 733 tat

145 857 231 938 obis,
258 857 421 938 Porcium,
448 857 567 928 Crasso
594 867 693 950 atque
716 858 874 941 Antonio,
901 861 1040 930 summis
1066 871 1165 954 atque
1191 861 1362 931 ornatissi-

145 983 209 1054 mis
235 981 434 1062 oratoribus,
470 1004 613 1072 quorum
642 992 790 1076 tempora
820 983 980 1074 singulari
1013 985 1202 1076 praestantia
1236 984 1363 1054 virtutis

145 1131 186 1179 ac
206 1107 320 1178 studio
347 1128 441 1200 paene
467 1105 655 1176 incredibili
682 1106 986 1199 pulcherrimarum
1011 1108 1133 1178 artium
1159 1108 1359 1180 floruerunt:

146 1234 325 1304 nobiscum
350 1254 430 1302 vero
455 1232 618 1300 sententia
644 1239 756 1300 nostra
788 1232 873 1301 bene
903 1240 1069 1320 ageretur,
1108 1233 1135 1300 si
1162 1233 1260 1302 modo
1285 1246 1361 1303 tan-

147 1373 218 1428 tum
254 1356 450 1427 abessemus
480 1354 524 1425 ab
559 1355 616 1424 illa
646 1354 808 1425 modestia
834 1367 1021 1449 temporum
1048 1367 1147 1450 atque
1174 1358 1360 1437 bominum,

148 1505 210 1552 nec
236 1481 470 1552 incidissemus
497 1481 530 1550 iu
556 1478 778 1550 atrocissimos
805 1481 852 1550 rei
881 1481 1023 1573 publicae
1049 1481 1168 1552 ductus
1194 1506 1233 1552 ac
1259 1483 1361 1552 mise·
1387 1491 1395 1515 ¹

148 1607 291 1678 randam
316 1617 503 1697 temporum
530 1603 763 1674 calamitatem.
802 1606 848 1675 Μ.
874 1605 1039 1697 siquidem
1058 1605 1174 1676 Catoni
1208 1619 1265 1676 aut
1288 1608 1361 1676 Sci·

149 1731 242 1826 pioni
270 1739 439 1800 coaetaneo
464 1751 535 1810 suo,
568 1728 790 1798 monumentis
816 1727 1059 1800 immortalibus
1080 1731 1178 1800 buius
1206 1730 1302 1802 Urbis
1330 1743 1362 1800 et

149 1857 222 1926 sine
248 1855 353 1926 dubio
379 1853 570 1924 clarissimis
596 1852 777 1922 luminibus
804 1862 990 1942 temporum
1016 1875 1164 1937 suorum,
1199 1855 1241 1924 de
1275 1856 1361 1946 legi-

150 1980 213 2051 bus
238 1977 417 2049 dicendum
444 1986 526 2058 erat,
552 1975 594 2044 de
620 1974 775 2045 institutis
801 1976 977 2058 maiorum,
1012 1977 1054 2046 de
1080 1979 1186 2069 gloria
1212 1979 1360 2060 militari,

150 2125 302 2196 persaepe
328 2102 369 2172 de
395 2100 549 2172 laudibus
574 2123 614 2169 ac
638 2099 797 2179 victoriis;
838 2098 932 2168 nobis
959 2123 1049 2183 veru,
1082 2102 1139 2196 qui
1167 2102 1360 2172 devenimus

153 2229 187 2298 in
213 2228 304 2298 banc
329 2226 548 2296 truculentam
573 2235 760 2317 temporum
786 2222 1020 2306 conditionem,
1059 2226 1188 2297 sublata
1214 2238 1263 2296 est
1287 2249 1361 2296 om-

153 2355 204 2423 nis
230 2353 340 2445 gratia
365 2351 509 2432 dicendi,
549 2362 648 2444 atque
673 2351 875 2443 interceptus
908 2350 1001 2422 locus
1026 2352 1135 2421 omnis
1160 2365 1217 2423 aut
1242 2353 1361 2424 iucun-

150 2478 278 2548 dissimi
305 2476 468 2547 sermonis
493 2485 551 2546 ant
576 2474 791 2545 conciliandae
818 2474 1058 2546 benevolentiae
1084 2477 1263 2570 popularis.

228 2623 278 2672 ιιι.
331 2601 416 2670 Νιιιι
442 2598 625 2693 siquando
651 2621 715 2668 vox
740 2606 850 2667 nostra
877 2600 946 2669 sive
978 2623 998 2668 a
1032 2599 1103 2672 loro
1129 2601 1197 2670 sive
1223 2625 1242 2672 a
1269 2603 1362 2672 curia

154 2726 372 2805 desideratur,
407 2723 585 2795 dicendum
620 2734 668 2793 est
700 2733 859 2816 perpetuo
893 2723 988 2793 nobis
1020 2736 1077 2794 aut
1110 2725 1152 2794 de
1186 2727 1362 2796 teterrimis

155 2853 253 2922 buius
279 2851 395 2944 patriae
421 2849 665 2920 calamitatibus
698 2859 754 2919 aut
779 2849 821 2918 de
856 2849 991 2920 nefariis
1019 2850 1288 2943 oppressionibus
1313 2851 1362 2920 ci·

153 2977 242 3046 rium
283 2985 340 3046 aut
372 2972 414 3044 de
441 2973 577 3067 perdita
609 2972 791 3044 iuventutis
826 2996 916 3045 nunc
949 2975 1154 3068 impudicitia
1184 2975 1360 3067 flagitiosa,

154 3123 241 3172 nunc
277 3099 413 3191 ignavia
446 3098 621 3189 singulari.
672 3096 786 3180 Quare
820 3099 961 3191 pestium
993 3111 1116 3193 quanta
1151 3101 1185 3170 iu
1211 3099 1281 3170 dies
1307 3121 1363 3169 re-

154 3223 314 3295 dundatio
340 3233 399 3304 cst,
432 3243 492 3292 vos
518 3222 594 3290 estis
620 3222 807 3291 testimonio
834 3223 971 3305 iudices,
1011 3247 1153 3317 quorum
1180 3245 1278 3294 aurea
1305 3247 1363 3292 ca-

153 3351 290 3420 luerunt
314 3346 506 3418 assiduitate
531 3365 625 3440 paene
651 3347 843 3439 quotidiana
874 3349 1037 3440 copiaque
1064 3347 1253 3418 incredibili
1280 3347 1364 3416 civi-

154 3473 234 3544 lium
263 3470 573 3542 oontroversiarum.
624 3470 779 3540 Diximus
806 3472 960 3563 equidem
993 3474 1107 3566 paucis
1134 3483 1208 3542 ante
1234 3471 1363 3552 diebus,

156 3609 190 3668 ut
205 3595 312 3689 probe
330 3595 520 3664 meminisse
535 3595 681 3688 potestis,
708 3595 749 3666 de
768 3597 806 3664 L.
826 3597 1013 3667 Glabrionis
1039 3599 1244 3668 immanitate
1265 3607 1364 3690 atque

155 3721 309 3802 audacia,
336 3719 542 3790 furiosissimi
562 3719 707 3789 bominis
726 3731 758 3788 et
784 3721 855 3790 siue
881 3721 984 3792 dubio
1006 3722 1241 3794 crudelissimi:
1270 3723 1364 3792 cuius

156 3846 188 3914 in
212 3855 333 3916 senatu
363 3847 431 3916 sica
456 3847 564 3939 pridie
590 3846 796 3938 deprebensa
823 3857 882 3930 est,
915 3871 990 3918 cum
1017 3871 1084 3941 qua
1109 3850 1153 3918 bl.
1174 3849 1363 3942 Papyriom,

157 3969 266 4040 lucem
292 3970 401 4039 omnis
426 3969 567 4062 patritiae
594 3969 774 4061 dignitatis,
802 3972 998 4063 extinguere
1024 3972 1235 4044 moliebatur.
1270 3973 1366 4044 Nunc

159 4116 238 4164 vero
266 4094 444 4165 dicendum
476 4105 524 4165 est
549 4095 591 4165 de
617 4097 655 4166 L.
675 4095 827 4166 Catilinae
853 4097 1107 4167 sceleratissima
1133 4107 1244 4168 mente
1268 4107 1365 4190 atque

160 4219 313 4290 inusitata
338 4219 498 4312 nequitia,
525 4239 627 4311 quam
653 4241 770 4312 nuper,
798 4220 831 4288 in
858 4221 1008 4290 omnium
1035 4221 1156 4291 civium
1183 4220 1365 4313 perniciem

159 4353 368 4435 stragemque
387 4341 660 4422 redundaturam,
688 4343 742 4413 Dii
761 4343 965 4413 immortales
985 4336 1016 4414 in
1036 4356 1205 4414 auctorem
1233 4345 1367 4414 sceleris

160 4477 227 4535 tum
253 4465 458 4557 benignitate
485 4487 546 4536 sua
572 4476 641 4535 tum
668 4466 835 4536 consulari
862 4467 976 4558 vigilia
1003 4475 1217 4536 retorserunt.

232 4616 276 4662 ιι.
330 4591 454 4674 Quaeso
487 4592 598 4684 igitur,
641 4592 778 4672 iudices,
824 4593 1002 4685 diligenter
1037 4593 1191 4666 attendite
1230 4616 1367 4684 remque

160 4719 346 4808 cognoscite
373 4717 548 4788 barbaram
582 4718 789 4798 crudelitate,
827 4720 974 4810 periculo
1006 4741 1084 4788 vero
1119 4731 1149 4788 et
1181 4718 1366 4788 calamitate
