3582 5594
1310 647 1356 717 '13

148 841 342 913 Adherbale
361 841 535 912 interiecto
549 840 708 935 pmlugus
726 864 769 911 ex
787 842 900 913 Africa
922 845 1060 916 abierat.
1104 847 1192 917 Huic
1218 847 1356 940 Spurius

149 966 308 1048 Albinus,
347 966 406 1058 qui
436 987 600 1058 proxumo
626 987 715 1036 anno
753 976 828 1059 post
850 969 993 1039 Bestiam
1029 993 1105 1040 cum
1140 970 1182 1053 Q.
1208 971 1356 1042 Minucio

148 1091 235 1158 Bolo
262 1089 470 1160 consulatum
495 1088 643 1181 gerebat,
668 1090 859 1182 persuadet,
886 1093 1046 1184 quoniam
1072 1117 1114 1163 ex
1139 1094 1239 1186 stirpe
1253 1094 1356 1165 llasi-

147 1213 245 1283 nissae
270 1215 313 1283 sit
337 1213 598 1306 Iugurthamque
627 1214 671 1284 ol)
696 1216 822 1286 scelera
855 1216 979 1287 invidia
1007 1240 1083 1287 cum
1109 1227 1198 1288 metu
1225 1227 1353 1308 urgeat,

146 1359 290 1429 reguum
316 1337 482 1408 Numidiae
509 1338 551 1409 ab
577 1348 693 1408 senatu
725 1347 823 1432 petat.
874 1341 998 1411 Avidus
1033 1342 1148 1413 consul
1178 1342 1259 1412 belli
1292 1362 1355 1433 ge-

148 1462 248 1532 mndi
274 1485 410 1532 movere
436 1484 536 1555 quam
562 1485 734 1533 senescere
760 1464 872 1533 omnia
897 1465 1059 1547 malebat;
1094 1465 1157 1558 ipsi
1181 1466 1355 1558 provincia

147 1587 320 1668 Numidia,
345 1587 493 1657 Minucio
517 1586 711 1658 Macedonia
737 1597 903 1657 evenerat.
954 1587 1037 1672 Quae
1062 1599 1240 1681 postquam
1263 1591 1354 1660 llas·

146 1710 215 1780 siva
255 1711 383 1802 agitare
415 1711 515 1804 coepit
550 1733 658 1804 neque
683 1710 852 1802 iugurtha
887 1711 922 1780 in
956 1711 1072 1782 amicis
1103 1713 1182 1782 satis
1207 1713 1353 1805 praesidii

146 1846 209 1914 est,
237 1836 328 1928 quod
354 1858 470 1905 eorum
495 1835 599 1905 alium
624 1835 845 1918 conscientia,
872 1836 974 1907 alium
988 1838 1077 1906 mala
1094 1837 1182 1907 lama
1197 1846 1229 1907 et
1253 1837 1353 1908 timor

145 1959 353 2052 inpediebat;
379 1959 559 2030 Bomilcari
584 1982 746 2053 proxumo
768 1983 808 2031 ac
832 1984 988 2032 maxume
1012 1961 1079 2032 fido
1102 1963 1165 2033 sibi
1199 1963 1353 2057 imperat,

144 2085 271 2176 pretio,
302 2085 397 2155 sicuti
423 2084 523 2154 multa
550 2084 754 2166 coniecerat,
789 2085 996 2155 insidiatores
1020 2087 1170 2157 Massivae
1196 2100 1289 2180 paret
1313 2110 1352 2158 ac

144 2229 302 2278 maxume
327 2207 471 2289 occulte,
497 2209 548 2277 siu
575 2208 609 2278 id
634 2230 750 2301 parum
767 2210 937 2303 procedat,
965 2211 1204 2303 quovismodo
1232 2211 1353 2282 Numi-

144 2331 221 2400 dam
247 2331 434 2402 interficial.
477 2333 646 2402 Bomilcar
669 2343 795 2403 mature
821 2335 909 2425 regis
935 2333 1088 2404 mandata
1114 2335 1289 2426 exequitur
1319 2346 1352 2405 et

143 2479 204 2550 per
229 2455 381 2526 homines
416 2457 490 2526 talis
524 2457 648 2548 negotii
686 2457 828 2528 artifices
866 2458 983 2528 itinera
1018 2481 1235 2552 egressusque
1267 2459 1350 2541 eius,

143 2591 311 2673 postremo
337 2581 411 2651 loca
435 2591 534 2676 atque
568 2591 717 2673 tempora
751 2591 870 2654 cuncta
906 2582 1074 2675 explorat,
1113 2581 1252 2664 deinde,
1292 2581 1351 2653 uhi

143 2727 197 2775 res
222 2705 426 2799 postulabat,
464 2705 600 2776 iusidias
633 2703 748 2775 tendit.
800 2706 905 2795 Igitur
937 2729 1022 2776 uuus
1057 2729 1099 2775 ex
1125 2729 1164 2776 eo
1198 2728 1348 2790 numero,

143 2832 201 2924 qui
226 2831 270 2901 ad
295 2829 420 2900 caedem
445 2829 552 2921 parati
577 2838 690 2910 erant,
716 2829 816 2922 paulo
842 2830 1059 2900 inconsultius
1084 2831 1261 2901 Massivam
1288 2852 1351 2922 ag·

141 2955 311 3046 greditur,
337 2955 433 3024 illum
458 2955 648 3030 obtruncat,
681 2952 740 3022 sed
766 2953 836 3046 ipsc
862 2952 1104 3046 deprehensus,
1130 2953 1242 3024 multis
1267 2952 1349 3024 hor-

142 3079 286 3150 tantibus
312 3091 345 3149 et
369 3080 403 3150 in
429 3079 543 3173 primis
569 3078 692 3150 Albino
717 3077 871 3159 consule,
898 3077 1058 3147 iudicium
1076 3077 1258 3171 pmlitetur.
1296 3079 1350 3148 Fit

142 3226 218 3274 reus
244 3204 352 3296 magis
376 3225 420 3274 ex
452 3224 547 3295 aequo
575 3202 731 3294 bonoque
763 3225 862 3295 mam
889 3225 931 3272 ex
956 3203 1029 3273 iure
1054 3202 1202 3293 gentium
1220 3202 1348 3272 Bomil-

142 3351 212 3411 car,
238 3349 350 3398 comes
377 3327 461 3408 eius,
486 3326 545 3418 qui
561 3327 703 3396 Romam
722 3325 787 3396 lide
812 3325 953 3419 publica
965 3334 1111 3395 venerat.
1155 3327 1199 3396 At
1223 3326 1346 3416 lugur-

143 3453 198 3524 tha
222 3451 415 3523 manifestus
447 3451 530 3520 tanti
558 3450 693 3520 sceleris
730 3471 797 3519 non
826 3449 918 3542 prius
951 3449 1061 3519 omisit
1093 3458 1206 3518 contra
1232 3472 1347 3520 verum

142 3578 200 3646 niti
252 3599 353 3669 qoam
393 3574 644 3656 animadvortit,
695 3595 796 3666 supra
840 3573 981 3666 gratiam
1022 3584 1121 3668 atque
1167 3573 1346 3665 pecuniam

141 3723 234 3772 suam
261 3699 421 3770 invidiam
446 3699 522 3770 lacti
547 3721 629 3768 esse.
668 3697 773 3787 lgitur
789 3720 992 3791 quamquam
1019 3697 1189 3790 inpriore
1215 3697 1345 3767 actione

141 3848 182 3895 ex
208 3824 325 3894 amicis
362 3823 604 3917 quinquaginta
642 3823 742 3893 vades
775 3821 931 3903 dederat,
966 3842 1072 3911 regno
1104 3821 1211 3912 magis
1244 3842 1344 3913 quam

141 3949 279 4020 vadibus
316 3949 505 4028 cousulens,
543 3947 630 4018 clam
659 3945 695 4016 in
720 3945 908 4018 Numidiam
943 3945 1166 4015 Bomilcarem
1200 3943 1343 4025 dimittit,

139 4075 262 4144 veritus
285 4096 330 4142 ne
349 4073 496 4166 reliquos
520 4071 697 4165 populares
724 4080 828 4140 metus
854 4069 1025 4140 invaderet
1048 4068 1186 4162 parendi
1213 4067 1288 4150 sihi,
1315 4068 1344 4138 si

138 4198 180 4268 de
214 4198 273 4268 illo
305 4205 474 4286 sumptum
510 4194 707 4288 supplicium
747 4195 840 4264 foret.
892 4196 935 4264 Et
972 4193 1042 4283 ipse
1078 4193 1193 4286 paucis
1226 4191 1344 4262 diebus

137 4321 256 4391 eodem
290 4321 457 4413 prolectas
489 4328 548 4400 est,
588 4318 694 4388 iussus
728 4341 747 4388 a
781 4328 899 4388 senatu
924 4318 1019 4388 ltalia
1054 4317 1226 4388 decedere.
1278 4315 1343 4386 Sed

135 4457 310 4538 postquam
336 4445 441 4514 Roma
466 4465 617 4535 egressus
635 4452 694 4523 est,
721 4443 825 4512 fertur
849 4463 937 4534 saepe
963 4465 1003 4512 eo
1021 4440 1137 4512 tacitus
1162 4440 1342 4533 respiciens

136 4579 306 4662 postremo
330 4567 472 4638 dixisse:
509 4567 648 4638 «urbem
673 4567 825 4637 venalem
861 4577 892 4635 et
922 4576 1051 4636 mature
1076 4566 1273 4659 perituram,
1313 4565 1341 4635 si

136 4705 321 4787 emptorem
348 4693 543 4763 invenerit.»
