3582 5594
465 617 533 687 106

462 829 494 888 et
510 829 584 888 acta
604 818 768 887 maiorum
794 829 826 886 et
844 817 1035 888 Graecorum
1056 816 1211 888 militaria
1231 825 1397 911 precepta
1420 817 1532 910 legere
1551 841 1656 914 eoepe·

461 943 544 1022 rint;
583 941 773 1036 praeposteri
807 940 968 1011 homines.
1019 943 1104 1011 Nam
1134 963 1251 1032 gerere
1282 964 1383 1036 (1111111
1416 942 1489 1012 fieri
1514 955 1655 1036 tempore

466 1065 637 1158 posterius,
662 1089 700 1136 re
725 1075 823 1158 atque
851 1087 912 1135 usn
937 1066 1029 1156 prius
1054 1074 1112 1132 est.
1156 1064 1353 1158 Comparate
1377 1089 1478 1149 nunc,
1504 1067 1657 1150 Quirites,

466 1214 541 1262 cum
568 1191 701 1261 illorum
727 1189 882 1282 superbia
907 1211 961 1258 me
987 1188 1157 1259 hominem
1182 1211 1315 1259 novum.
1361 1189 1444 1272 Quae
1470 1191 1521 1260 illi
1547 1192 1658 1262 audire

466 1316 635 1406 ellegere
660 1315 777 1395 solent,
805 1335 921 1383 eorum
947 1324 1072 1404 partem
1099 1311 1177 1394 vidi,
1203 1313 1269 1383 alia
1295 1323 1426 1404 egomet
1450 1315 1555 1406 gessi:
1588 1339 1658 1408 quae

467 1439 516 1508 illi
547 1439 675 1518 litteris,
715 1461 753 1507 ea
787 1459 849 1528 ego
879 1436 1051 1506 militando
1085 1436 1197 1506 didici.
1248 1439 1343 1507 Nunc
1374 1461 1431 1506 vos
1456 1439 1658 1522 existumate,

467 1564 551 1633 lacta
576 1585 620 1632 an
646 1562 733 1632 dicta
757 1560 861 1654 pluris
886 1561 960 1629 sint.
1006 1561 1230 1632 Contemnunt
1253 1561 1430 1631 novitatem
1456 1584 1574 1644 meam,
1600 1587 1660 1655 ego

466 1688 601 1758 illorum
614 1685 797 1777 ignaviam
819 1683 899 1754 mihi
917 1684 1061 1765 fortuna,
1080 1684 1146 1753 illis
1162 1685 1284 1777 probra
1301 1685 1523 1767 obiectantem
1546 1708 1660 1779 quam-

466 1835 566 1906 quam
602 1833 666 1902 ego
694 1821 847 1880 naturam
882 1831 982 1879 uuam
1013 1819 1045 1878 et
1078 1831 1288 1879 communem
1313 1811 1462 1881 omnium
1489 1813 1659 1894 existumo,

466 1938 523 2009 sed
558 1935 781 2006 fortissumum
814 1955 980 2026 quemque
1014 1932 1324 2024 generosissomum.
1374 1936 1424 2006 Ac
1457 1935 1484 2005 si
1522 1938 1588 2006 iam
1621 1960 1662 2007 11

465 2062 614 2157 patribus
640 2059 753 2131 Albini
778 2069 835 2129 aut
858 2058 976 2128 Bestiae
1003 2058 1107 2150 queri
1132 2068 1251 2151 posset,
1279 2081 1375 2128 mene
1393 2082 1436 2128 an
1463 2059 1538 2129 illos
1563 2085 1605 2131 11
1629 2086 1662 2132 se

466 2187 560 2280 gigni
585 2184 780 2262 maluerint;
813 2181 893 2276 quid
918 2205 1131 2275 responsuros
1158 2181 1300 2263 creditis,
1333 2183 1408 2266 uisi,
1443 2207 1514 2254 sese
1541 2185 1662 2256 liberos

467 2334 567 2405 quam
593 2320 744 2402 optumos
771 2309 933 2380 voluisse‘l
972 2307 1068 2390 Quod
1095 2308 1122 2376 si
1148 2308 1220 2378 inre
1245 2331 1298 2378 me
1325 2309 1518 2402 despiciunt,
1546 2312 1664 2382 iaciant

467 2437 555 2509 idem
588 2435 765 2506 maioribus
794 2434 872 2514 suis,
912 2432 1044 2527 quibus,
1083 2433 1132 2503 uti
1157 2431 1252 2513 milri,
1291 2455 1332 2502 ex
1362 2433 1479 2504 virtute
1511 2436 1664 2506 nobilitas

467 2564 576 2657 coepit.
611 2561 761 2631 luvident
786 2559 906 2629 honori
931 2581 1026 2639 meo;
1060 2581 1139 2650 ergo
1166 2558 1336 2628 invideant
1361 2559 1477 2643 labori,
1505 2561 1665 2632 innocen-

467 2690 531 2769 tia,
549 2688 705 2780 periculis
726 2687 826 2756 etiam
842 2685 936 2766 meis,
956 2684 1110 2778 quoniam
1130 2708 1189 2777 per
1210 2683 1281 2754 haec
1303 2685 1398 2756 illum
1421 2686 1505 2779 cepi.
1524 2689 1666 2758 'Verum

467 2811 618 2894 homines
644 2810 788 2902 corrupti
812 2808 968 2902 superbia
993 2808 1039 2876 ita
1058 2817 1186 2876 aetatem
1206 2819 1318 2899 agunt,
1346 2809 1441 2900 quasi
1461 2820 1586 2880 vestros
1604 2810 1667 2880 lro·

467 2959 564 3008 nores
583 2945 809 3017 contemnant3
838 2935 883 3004 ita
908 2935 968 3004 hos
990 2944 1116 3026 petunt,
1143 2934 1236 3026 qnasi
1259 2934 1396 3004 honeste
1414 2935 1567 3006 vixerint.
1608 2940 1667 3008 Nae

467 3062 517 3133 illi
535 3060 606 3130 [alsi
626 3071 711 3140 sunt,
738 3059 796 3152 qui
819 3058 1069 3128 divorsissumas
1090 3080 1142 3127 res
1168 3059 1290 3151 pariter
1316 3070 1499 3151 expectant,
1521 3061 1668 3152 ,ignaviae

347 3176 349 3184 ’
467 3186 667 3277 voluptatem
703 3195 736 3252 et
764 3183 898 3276 pramia
930 3183 1068 3254 virtmis.
1123 3185 1230 3274 Atque
1259 3183 1360 3253 etiam
1392 3205 1466 3252 cum
1496 3184 1583 3277 apud
1611 3208 1670 3256 vos

468 3322 525 3381 aut
550 3311 584 3380 in
610 3322 722 3379 senatu
754 3309 853 3380 verba
886 3309 1021 3390 faciunt,
1056 3309 1215 3401 pleraque
1243 3308 1392 3378 oratione
1423 3308 1566 3378 maiores
1592 3333 1671 3380 suos

468 3438 646 3518 extollunt;
686 3459 800 3507 eorum
834 3436 929 3506 fortia
961 3436 1046 3506 lacta
1077 3433 1291 3506 memorando
1322 3435 1480 3507 clariores
1504 3457 1577 3504 sese
1603 3458 1672 3527 pu-

468 3573 552 3632 tenu
587 3562 674 3653 quod
700 3573 811 3632 contra
844 3573 901 3632 est.
952 3564 1037 3632 Nam
1063 3571 1185 3656 quanto
1215 3563 1279 3631 vita
1304 3562 1437 3633 illorum
1463 3561 1672 3654 preclarior,

468 3694 556 3754 tanto
581 3685 699 3754 horum
726 3686 875 3756 socordia
901 3685 1104 3776 flagitiosior.
1152 3687 1196 3754 Et
1219 3686 1365 3777 prolecto
1395 3685 1439 3754 ita
1463 3707 1499 3753 se
1524 3708 1579 3755 res
1606 3684 1674 3754 ha-

467 3809 533 3888 lret,
572 3809 735 3877 maiorum
764 3809 871 3898 gloria
902 3807 1039 3900 posteris
1074 3809 1167 3899 quasi
1199 3809 1312 3878 lumen
1342 3818 1400 3887 est,
1440 3830 1549 3900 neque
1581 3809 1674 3878 bona

467 3957 576 4027 neque
600 3935 689 4004 mala
715 3957 828 4004 eorum
855 3935 889 4003 in
920 3935 1049 4004 occulto
1074 3935 1206 4026 patitur.
1250 3934 1397 4005 Huiusce
1426 3934 1475 4003 rei
1502 3955 1565 4023 ego
1594 3932 1675 4001 ino·

468 4057 557 4149 piam
584 4058 700 4148 patior,
736 4057 901 4140 Quirites;
941 4080 1054 4126 verum
1087 4057 1119 4128 id
1146 4057 1234 4149 quod
1259 4057 1363 4128 multo
1389 4058 1581 4151 praeclarius
1610 4069 1675 4137 est,

468 4191 610 4251 meamet
644 4180 729 4249 lacta
757 4179 838 4247 milri
869 4178 979 4250 dicere
1008 4180 1095 4249 licet.
1146 4182 1242 4250 Nunc
1274 4181 1392 4263 videte,
1425 4204 1526 4273 quam
1559 4181 1676 4272 iniqui

467 4308 540 4376 sint.
589 4303 686 4386 Quod
713 4327 753 4373 11
779 4304 890 4372 aliena
915 4305 1033 4374 virtute
1059 4303 1120 4372 sibi
1150 4304 1323 4396 adrogant,
1358 4304 1390 4374 id
1416 4304 1498 4374 mihi
1524 4328 1567 4373 11
1595 4327 1678 4374 mea

467 4453 533 4500 non
553 4429 755 4510 concedunt;
782 4430 906 4498 scilicet
923 4431 1001 4520 quia
1024 4430 1185 4521 imagines
1207 4453 1271 4499 uon
1295 4430 1401 4499 habeo
1422 4441 1453 4499 et
1478 4432 1558 4522 quia
1586 4429 1678 4500 mihi

468 4579 554 4624 nova
586 4555 741 4625 nobilitas
775 4565 833 4636 est,
873 4579 972 4647 quam
1008 4567 1095 4625 certe
1131 4558 1298 4648 peperisse
1333 4557 1450 4626 melius
1485 4566 1532 4624 est
1566 4579 1678 4648 quam

468 4691 633 4775 acceptam
660 4681 855 4776 corrupisse.
906 4680 1067 4773 Equidem
1095 4704 1157 4772 ego
1183 4705 1249 4751 non
1277 4683 1406 4773 ignoro,
1439 4681 1465 4750 si
1492 4682 1558 4750 iam
1589 4681 1679 4751 mihi
