3576 5602
812 871 954 944 ababli
978 867 1235 944 lllfllllll'llllllll

500 1057 525 1099 c.
539 1043 565 1098 1.
590 1045 705 1099 acturas
716 1038 801 1101 Eius.
815 1041 882 1100 Tur.
897 1059 934 1100 m.
947 1044 974 1101 t.
987 1040 1086 1100 Paris.
1102 1044 1134 1100 ot
1143 1041 1173 1100 iu
1187 1040 1325 1116 margine
1335 1044 1514 1114 operatores.
1526 1040 1625 1094 macto-

417 1163 467 1206 τοι
487 1144 558 1206 Bas.
584 1149 699 1223 pugnat
725 1149 818 1225 igitur
847 1149 930 1208 lutor
949 1166 983 1208 so
1006 1149 1095 1208 codd.
1118 1149 1287 1208 auctoritas
1309 1151 1341 1207 ot
1367 1150 1417 1205 cst
1438 1161 1515 1204 saue
1535 1142 1626 1202 lectio

417 1253 460 1312 ita
481 1259 665 1330 comparata,
688 1256 721 1313 ut
741 1257 902 1329 utrumque
924 1259 1009 1313 rocta
1031 1253 1105 1330 poni
1127 1253 1237 1330 possit.
1273 1252 1355 1311 Nibil
1380 1250 1460 1310 cuim
1484 1252 1535 1308 ast
1556 1247 1625 1306 illo·

417 1375 484 1416 rum
505 1375 648 1418 sarmouc
669 1359 864 1432 insolentius,
887 1360 940 1434 qui
960 1359 1027 1418 baec
1049 1362 1081 1418 ot
1101 1358 1214 1418 similia
1235 1358 1401 1417 interdicto
1420 1356 1526 1431 aliquo
1546 1354 1625 1413 diiu-

418 1465 521 1525 dicant
546 1470 578 1524 ot
603 1483 694 1525 uuum
715 1466 887 1526 alterumve
912 1465 1021 1525 Latino
1044 1465 1104 1524 dici
1124 1481 1219 1541 possa
1240 1468 1361 1540 usgaut.
1388 1461 1488 1538 Supra
1515 1460 1579 1520 Cat.
1600 1461 1626 1518 3.

417 1579 540 1647 actores,
570 1571 623 1632 ubi
644 1572 850 1649 scriptoribus
880 1573 1122 1649 opponebantur,
1153 1576 1187 1630 ut
1207 1587 1255 1647 ap.
1286 1569 1346 1629 Cic.
1375 1569 1414 1628 do
1440 1568 1492 1628 Or.
1518 1587 1560 1626 uu
1583 1571 1625 1625 lt.

417 1685 519 1739 arator
537 1679 690 1740 cartomaa
716 1713 750 1722 -
772 1685 854 1738 actor
879 1695 977 1740 rerum
1001 1696 1106 1739 voram
1137 1695 1210 1738 csso
1238 1677 1402 1737 lectionem
1428 1677 1460 1736 iu
1484 1673 1626 1734 confesso

418 1790 476 1846 ost.
517 1785 675 1846 Praetoroa
700 1791 807 1846 uostm
830 1786 899 1846 loco
927 1793 1042 1846 acturas
1067 1786 1160 1845 etiam
1188 1785 1345 1861 vulgarem
1373 1784 1458 1844 illam
1486 1783 1627 1842 babuerit

418 1893 718 1968 commandationem,
749 1891 830 1967 quod
860 1893 986 1951 verbum
1014 1891 1106 1968 paulo
1134 1891 1318 1950 insolentius
1347 1907 1404 1968 pro
1433 1891 1551 1948 usitato
1576 1889 1626 1947 vix

418 2014 437 2057 a
458 1998 587 2057 librario
608 1998 778 2074 repositum
800 2015 872 2057 asso
892 1996 1042 2056 viduatur.
1087 1995 1220 2058 Accedit
1253 1997 1336 2072 quod
1355 1995 1407 2054 vol
1428 2001 1537 2055 nostro
1560 2000 1626 2058 loca

417 2105 496 2166 illud
514 2107 697 2167 vocabulum
718 2107 842 2166 videtur
863 2106 980 2166 habero
1002 2105 1186 2182 oppositum,
1209 2121 1269 2182 quo
1293 2105 1360 2166 cius
1384 2106 1469 2164 notia
1501 2107 1626 2180 acuitur,

419 2217 606 2288 atterimur,
627 2220 739 2288 mator,
760 2219 871 2290 auctor,
893 2213 948 2272 clr.
971 2212 1047 2290 Nep.
1069 2213 1133 2272 Aa.
1157 2215 1183 2272 3.
1205 2215 1237 2287 23
1259 2211 1320 2272 Cic.
1340 2229 1400 2289 pro
1421 2211 1501 2272 Scst
1518 2215 1566 2288 ²8,
1581 2215 1625 2272 61,

418 2319 494 2379 Cas.
524 2319 557 2378 Β.
589 2316 653 2378 Giv.
680 2337 699 2377 ι.
729 2319 776 2378 26.
804 2319 850 2378 sic
874 2319 904 2377 b.
927 2318 947 2378 l.
972 2322 1095 2395 arcolio,
1126 2335 1193 2394 quae
1218 2317 1332 2395 sapius
1357 2317 1489 2378 liberam
1519 2318 1626 2397 agend

417 2427 595 2488 facultatem
616 2428 740 2499 tolluut;
768 2428 861 2502 idque
882 2429 1012 2503 proptor
1030 2426 1229 2504 multiplicum
1249 2427 1341 2486 buius
1360 2425 1506 2486 vocabuli
1530 2425 1626 2494 (aala-

417 2533 484 2601 raa}
502 2549 587 2592 usum
600 2549 730 2592 necesso
741 2537 802 2609 est3
824 2533 882 2592 sod
896 2534 964 2610 ipsa
977 2532 1032 2595 illu
1044 2533 1209 2610 oppositio,
1225 2549 1314 2607 quam
1324 2533 1533 2593 necessariam
1547 2533 1626 2592 dixi-

416 2655 492 2714 mus,
516 2639 545 2698 si
569 2645 683 2699 actores
704 2656 780 2698 vora
802 2643 852 2699 ost
872 2639 975 2713 lectio,
1004 2655 1065 2698 nou
1088 2641 1164 2698 satis
1186 2643 1272 2698 corta
1295 2641 1352 2698 ast.
1386 2641 1530 2701 ductores
1551 2643 1627 2702 onim

418 2743 574 2820 (actores)
598 2745 693 2804 inulto
708 2744 823 2804 arctius
837 2761 904 2804 cum
917 2745 1028 2820 malaura
1049 2763 1138 2821 quam
1155 2763 1224 2805 cum
1245 2751 1360 2822 arcolio
1380 2747 1527 2822 iunctum,
1549 2749 1627 2824 quod

418 2856 479 2915 iam
507 2872 546 2914 ax
567 2854 748 2930 pronomina
776 2857 898 2931 quicqua
924 2853 1090 2929 colligitur.
1126 2854 1209 2930 quod
1240 2855 1268 2912 si
1290 2871 1365 2913 vcro
1386 2855 1509 2930 dicitur,
1542 2872 1627 2916 uamo

418 2969 532 3022 actores
554 2962 747 3038 probaverit3
770 2966 804 3022 ut
825 2963 905 3022 anim
920 2969 1023 3022 auctor
1043 2962 1135 3037 culpa
1154 2965 1242 3022 racto
1263 2961 1383 3038 dicitur,
1405 2963 1449 3022 ita
1474 2971 1560 3022 actor
1573 2964 1628 3022 bac

416 3069 448 3129 iu
477 3070 616 3130 iunctura
641 3067 742 3129 locum
769 3085 828 3128 uou
857 3068 962 3128 babet.
997 3067 1155 3128 Praeteroa
1183 3069 1237 3127 vix
1265 3070 1432 3146 putaveris,
1461 3069 1627 3130 Salustium

416 3182 546 3254 proptor
577 3177 757 3253 praecadous
787 3178 1130 3238 moramurvocabulo
1160 3196 1245 3238 usum
1275 3179 1389 3256 fuisso,
1425 3180 1509 3255 quod
1539 3181 1628 3240 ctiam

417 3285 457 3345 ad
485 3284 598 3344 iudicia
625 3285 707 3344 trabi
732 3288 864 3362 potarat
906 3284 1013 3360 Ncquo
1041 3285 1226 3363 significatio
1253 3288 1395 3346 vocabuli
1422 3290 1541 3364 aaqoda
1569 3291 1627 3346 tam

417 3393 526 3467 aperta
547 3395 604 3466 ost7
626 3395 659 3450 ut
680 3391 803 3451 etiamsi
825 3408 892 3450 curu
914 3390 1022 3459 (macl.)
1045 3391 1161 3452 arctius
1184 3392 1368 3469 iurgandum
1390 3393 1442 3464 sit,
1470 3393 1504 3452 id
1532 3411 1627 3452 voca·

418 3497 522 3556 bulum
543 3497 703 3558 illustrare
723 3499 834 3574 possit.
875 3498 950 3558 Rom
972 3499 1095 3560 coulicit
1115 3499 1222 3576 optimi
1244 3499 1361 3558 codicis
1383 3501 1569 3561 auctoritas.

500 3611 578 3664 tauto
599 3623 674 3665 cura
695 3607 765 3666 Bas.
788 3623 896 3667 erroro
925 3607 1055 3666 librarii.
1082 3607 1227 3685 multaque
1246 3607 1316 3668 Bas.
1338 3607 1407 3667 Par.
1428 3608 1499 3668 Tur.
1522 3609 1581 3668 sod
1598 3611 1627 3668 iu

417 3710 486 3770 Par.
508 3712 565 3788 spl.
586 3712 790 3772 multamilia.
812 3712 890 3772 illud
912 3713 1119 3790 prostantium
1146 3713 1263 3772 mullum
1285 3713 1374 3788 cuim,
1402 3713 1488 3788 quod
1507 3719 1562 3775 aut
1582 3713 1628 3774 rai

418 3820 540 3880 modum
570 3825 670 3897 auget,
699 3824 732 3881 ut
759 3822 790 3881 in
816 3821 932 3881 mullum
959 3821 1081 3900 officere
1108 3821 1138 3880 Ο.
1167 3825 1212 3881 17.
1235 3822 1288 3882 diu
1317 3822 1490 3900 malbrmque
1513 3823 1629 3899 satiauit

417 3924 442 3984 1.
465 3927 513 3986 bb.
535 3925 650 3986 mullum
672 3933 764 3986 aucta
784 3926 806 3986 1.
832 3929 878 3986 19.
900 3932 953 3987 aut
981 3928 1020 3987 ad
1042 3929 1191 4005 temporis
1213 3930 1369 3988 notionem
1392 3931 1512 4004 transit,
1552 3929 1627 3989 mul·
1725 3971 1730 3979 ·

418 4038 479 4092 lum
498 4049 631 4108 paquara
652 4049 676 4092 c.
693 4035 740 4092 69.
760 4032 876 4092 multam
897 4039 926 4092 al
942 4033 1130 4108 familiariter
1150 4034 1537 4112 aqatall.1⁰8.bocloco
1554 4037 1629 4096 lerri

422 4157 484 4200 uon
507 4143 620 4217 potest.
642 4146 834 4219 opponuntur
856 4142 934 4200 cuim
957 4148 1035 4201 laata
1056 4159 1130 4202 cura
1154 4175 1187 4186 -
1212 4150 1319 4220 quanto
1337 4144 1447 4218 studia·
1469 4161 1538 4219 qum
1560 4146 1630 4220 qui-

417 4245 487 4306 dam
509 4249 652 4324 opposita
673 4266 731 4306 non
747 4248 862 4308 dabant
882 4250 1032 4327 temporis
1048 4248 1174 4309 notioris
1196 4250 1350 4310 infirmari.
1374 4254 1406 4311 ot
1428 4254 1523 4327 adam,
1549 4253 1627 4328 quod

417 4356 566 4431 sequitur,
585 4373 644 4416 non
660 4374 772 4417 novam
789 4359 938 4433 quandam
956 4375 1022 4418 rom
1042 4359 1166 4430 inducit,
1187 4359 1244 4418 scd
1258 4359 1298 4418 ad
1319 4360 1400 4419 idam
1414 4378 1516 4420 rorum
1533 4379 1628 4438 genus

417 4460 612 4522 rolorcudum
629 4465 691 4522 ast:
714 4462 810 4522 aliana
832 4497 866 4506 -
882 4464 955 4523 nibil
970 4465 1128 4541 profutura
1142 4499 1182 4510 -
1196 4465 1340 4542 multamoe
1357 4471 1442 4525 attam
1451 4467 1628 4541 ammosa

497 4567 546 4626 ati
571 4566 642 4628 Bas.
671 4567 736 4627 liin.
763 4569 831 4628 Tur.
859 4569 995 4630 sortasse
1022 4571 1115 4631 otiam
1144 4572 1213 4630 Par.
1240 4589 1298 4646 qua
1325 4572 1355 4630 iu
1382 4571 1517 4632 lectione
1542 4573 1627 4632 multi

418 4671 617 4748 odaudcruut,
639 4674 722 4748 quod
745 4674 882 4750 vulgaris
904 4676 1025 4736 dicendi
1054 4678 1132 4736 ratio
1154 4681 1195 4736 uli
1215 4677 1361 4754 postulat
1407 4679 1467 4736 lam
1489 4695 1538 4754 oo,
1560 4695 1626 4753 quo,
