3582 5594
1300 634 1368 703 ll3

163 827 273 896 locum
301 823 446 909 ilarius,
476 825 564 919 quod
590 826 637 898 ibi
662 827 751 920 regis
780 826 927 900 thesauri
953 839 1057 910 erant,
1096 852 1228 902 summa
1253 833 1284 904 vi
1311 855 1368 904 ca-

161 972 239 1042 pere
265 949 418 1018 intendit.
470 951 535 1022 Sed
561 972 601 1022 ea
625 973 679 1021 res
704 952 789 1022 forte
814 975 916 1046 quam
942 953 1081 1024 consilio
1106 955 1228 1025 melius
1263 965 1367 1046 gesta.

160 1074 246 1142 Nam
281 1071 418 1142 castello
444 1073 590 1144 virorum
624 1083 724 1167 atque
751 1097 922 1145 armorum
947 1075 1037 1159 satis,
1076 1099 1199 1168 magna
1228 1079 1277 1148 vis
1310 1071 1366 1169 [et]

161 1196 322 1266 frumenti
348 1206 381 1265 et
402 1195 474 1266 lons
499 1218 615 1289 aquae3
647 1198 825 1290 aggeribus
844 1197 1057 1293 turribusque
1082 1209 1115 1270 et
1139 1201 1213 1271 aliis
1238 1201 1368 1272 macbi-

160 1319 351 1390 nationibus
376 1321 468 1390 loeus
493 1321 709 1413 inportunus;
739 1323 803 1392 iter
828 1323 1081 1395 castellanorum
1106 1336 1283 1418 angustum
1308 1327 1368 1399 ad-

161 1443 311 1526 modum,
350 1443 518 1537 uuimque
552 1445 739 1539 praecisum.
799 1446 914 1518 Vinea
947 1471 1023 1518 cum
1058 1448 1184 1541 ingenti
1219 1449 1367 1544 periculo

160 1569 281 1638 bostra
319 1569 520 1660 agebantur,
565 1592 646 1640 nam
679 1593 756 1640 cum
795 1571 846 1642 ba
877 1573 978 1663 paulo
1008 1583 1253 1667 processerant,
1297 1575 1367 1666 igni

159 1702 219 1763 aut
245 1691 411 1785 lapidibus
437 1693 752 1785 corrumpebanturz
787 1695 908 1767 milites
939 1721 1049 1791 neque
1074 1722 1134 1792 pro
1160 1721 1261 1792 opere
1286 1721 1367 1769 cou-

159 1817 278 1886 sistere
303 1825 438 1908 propter
462 1815 674 1908 iniquitatem
700 1817 777 1900 loci,
802 1842 912 1914 neque
938 1822 1026 1893 inter
1049 1823 1162 1893 vineas
1187 1824 1258 1893 sine
1276 1823 1368 1916 peri·

159 1942 238 2012 culo
262 1940 514 2020 administrare;
548 1952 703 2033 optumus
728 1943 869 2036 quisque
895 1946 1013 2016 cadere
1039 1958 1095 2016 aut
1120 1947 1275 2028 sauciari,
1310 1970 1367 2016 ce-

159 2066 241 2136 teris
266 2075 374 2135 metus
398 2064 527 2156 augeri.

236 2212 403 2263 numm.
454 2191 499 2261 At
515 2191 652 2274 blarius,
678 2189 791 2260 multis
809 2190 926 2262 diebus
952 2202 987 2261 et
1002 2192 1171 2264 laboribus
1188 2215 1367 2286 consump-

159 2317 215 2396 tis,
253 2317 371 2387 anxius
407 2318 539 2389 trabere
570 2340 647 2387 cum
681 2317 794 2388 animo
827 2339 899 2399 suo,
942 2315 1152 2388 omitteretne
1184 2319 1366 2413 inceptum,

158 2443 321 2536 quoniam
346 2444 468 2514 frustra
493 2454 576 2524 erat,
602 2466 646 2513 an
668 2443 834 2513 somonam
855 2443 1051 2535 operiretur,
1090 2465 1156 2536 qua
1176 2466 1264 2539 saepe
1287 2468 1368 2537 pro-

158 2589 256 2659 spere
273 2590 351 2638 usus
368 2567 486 2636 luerat.
520 2567 605 2650 Quae
622 2588 699 2636 cum
716 2566 836 2636 multos
853 2565 924 2635 dies
940 2575 1120 2659 noctesque
1135 2575 1277 2636 aestarans
1291 2567 1367 2659 agi-

159 2702 255 2770 taret,
282 2692 366 2761 lorte
384 2690 520 2783 quidam
538 2691 652 2784 Ligus,
679 2713 723 2759 ex
747 2686 938 2760 cohortibus
964 2689 1149 2760 auxiliariis
1174 2690 1270 2760 miles
1287 2713 1366 2782 gre-

160 2815 285 2906 garius,
313 2817 426 2886 cmtris
443 2825 602 2910 aquatum
619 2837 782 2908 egressus,
803 2815 893 2886 baud
910 2816 1026 2908 procul
1043 2815 1085 2886 ab
1102 2816 1207 2886 latere
1225 2817 1366 2896 castelli,

158 2938 250 3032 qnod
275 2937 452 3009 advorsum
477 2939 705 3034 praeliantibus
731 2949 815 3020 erat,
843 2937 992 3008 animum
1017 2937 1160 3009 advortit
1184 2940 1271 3009 iuter
1287 2962 1368 3009 saxa

159 3075 315 3155 repentes
333 3063 482 3145 cocleas;
508 3087 652 3158 quarum
677 3085 755 3134 cum
776 3085 876 3134 unam
897 3072 996 3156 atque
1020 3063 1161 3133 alteram
1187 3064 1263 3135 dein
1289 3065 1367 3157 plu·

158 3211 215 3258 res
240 3198 378 3279 peteret,
405 3188 513 3259 studio
538 3189 676 3280 legundi
701 3187 862 3282 paulatim
887 3209 990 3281 propo
1016 3188 1058 3258 ad
1080 3211 1248 3260 summurn
1269 3211 1367 3259 mon-

158 3315 202 3382 tis
227 3335 379 3405 egressus
408 3321 468 3380 cst.
520 3311 583 3384 Ubi
618 3319 794 3404 postquam
819 3309 1032 3382 solitudinem
1062 3311 1237 3394 intellexit,
1272 3334 1367 3382 more

160 3437 288 3528 ingenii
315 3435 454 3506 humani
479 3435 601 3528 cupido
626 3434 778 3505 difficilia
808 3434 956 3506 faciundi
986 3434 1137 3505 animum
1161 3435 1271 3506 vortit.
1322 3439 1368 3508 Et

162 3561 245 3630 lorte
277 3560 311 3630 iu
347 3581 386 3628 eo
415 3559 488 3628 loco
521 3557 655 3650 grandis
687 3557 756 3629 ilex
785 3559 955 3629 coaluerat
983 3557 1070 3628 inter
1098 3579 1188 3641 saxa,
1226 3560 1366 3652 paulurn

162 3683 261 3754 modo
285 3705 402 3776 prona,
435 3683 554 3753 deiude
580 3683 705 3752 inllexa
729 3691 829 3775 atque
855 3693 952 3754 aucta
977 3681 1013 3751 in
1039 3681 1262 3765 altitudinem,
1298 3706 1365 3776 quo

162 3817 280 3878 cuncta
313 3805 522 3898 gignentium
551 3815 670 3876 natura
702 3805 778 3876 fert.
837 3806 938 3876 Cuius
977 3805 1079 3877 ramis
1112 3805 1229 3891 modo,
1268 3806 1367 3878 modo

162 3926 384 4002 eminentibus
415 3927 503 3998 saxis
528 3927 620 3997 uisus
649 3926 753 4019 Ligus
780 3928 814 3997 in
840 3927 966 3998 castelli
1000 3927 1173 4020 planitiem
1205 3929 1366 4021 pervenit,

162 4055 250 4148 qood
276 4051 388 4124 cuncti
412 4049 569 4122 Numida
594 4051 713 4122 intenti
737 4051 965 4145 praeliantibus
991 4052 1139 4122 aderant.
1178 4051 1368 4144 Exploratis

160 4179 328 4260 omnibus,
354 4199 429 4270 qnae
455 4199 534 4246 mox
558 4175 634 4246 usui
661 4175 731 4247 lore
756 4175 909 4260 ducebat,
937 4176 1055 4247 codem
1074 4175 1273 4266 regreditur,
1300 4198 1368 4246 uon

160 4315 299 4385 temere,
324 4302 372 4373 uti
390 4301 595 4384 ascenderat,
621 4298 679 4369 sed
704 4309 871 4394 temptans
895 4301 1008 4371 omnia
1035 4309 1068 4370 et
1086 4299 1367 4393 circumspiciens.

158 4431 277 4521 ltaque
308 4425 454 4498 blarium
490 4447 633 4519 propere
665 4423 745 4508 adit,
784 4434 858 4495 acta
898 4425 1024 4508 edocet,
1064 4423 1215 4496 bortatur
1252 4423 1295 4493 ab
1329 4445 1369 4493 ea

157 4563 267 4646 parte,
294 4571 362 4644 qua
387 4549 458 4642 ipse
482 4549 690 4632 ascenderat,
717 4548 890 4620 castellum
917 4557 1064 4642 temptet,
1097 4546 1272 4640 pollicetur
1296 4568 1368 4617 sese

158 4677 287 4748 itineris
313 4674 521 4769 periculique
547 4673 677 4744 ducem.
721 4673 845 4745 blarius
871 4696 948 4744 oum
967 4673 1091 4764 Ligure
1117 4671 1277 4766 promissa
1297 4669 1368 4741 eius

1167 4797 1184 4854 8
