3526 5604
1281 607 1352 678 299

139 815 256 895 aperta
283 825 426 895 semper.
457 803 523 872 nisi
549 825 627 873 cum
658 802 784 874 bellom
814 806 855 874 sit
887 827 1062 898 nusquam.
1109 807 1278 878 Traditum
1305 819 1354 878 est

140 927 338 1008 memoriae,
375 927 538 1021 Pompilio
563 949 642 1018 rege
669 927 768 998 luisse
794 939 944 1021 opertam
975 941 1007 999 11
1031 941 1103 1023 post
1128 931 1202 1001 Tito
1227 932 1353 1003 Manlio

140 1051 293 1131 consule,
321 1050 409 1120 bello
428 1049 681 1141 Carthaginensi
701 1051 810 1144 primo
827 1054 988 1134 consecto,
1016 1054 1133 1124 codem
1151 1078 1238 1125 anno
1253 1079 1352 1147 oper-

139 1185 207 1242 tam
235 1188 270 1243 et
295 1186 453 1266 apertam.
505 1175 604 1244 Varro
629 1177 668 1244 de
693 1175 806 1266 linquo
831 1174 945 1256 11115,
975 1174 1056 1248 165.
1161 1180 1218 1248 16.
1248 1180 1352 1250 Vetus

141 1297 229 1366 lama
256 1297 412 1368 Etruriae
442 1309 491 1366 est
513 1349 521 1365 .
544 1350 582 1366 ..
617 1294 776 1384 [fulmen]
807 1311 979 1369 evocatum
1014 1308 1048 1367 et
1079 1323 1097 1368 a
1129 1302 1266 1372 Porsina
1291 1325 1351 1374 suo

140 1442 232 1510 rege.
279 1422 322 1490 Et
347 1431 423 1490 ante
450 1442 527 1490 eum
553 1444 572 1492 a
599 1423 708 1491 Numa
733 1423 864 1515 saepius
890 1423 952 1492 hoc
979 1423 1159 1494 factitatum
1186 1425 1219 1493 in
1243 1425 1352 1517 primo

140 1543 318 1614 annalium
343 1565 478 1615 suorum
504 1544 637 1616 tradidit
662 1547 701 1614 L.
728 1545 805 1614 Piso
829 1545 940 1636 gravis
966 1555 1090 1626 auctor,
1124 1547 1213 1638 quod
1240 1549 1350 1618 imita-

140 1679 211 1736 tum
239 1690 358 1759 parum
383 1669 445 1738 rite
463 1668 597 1738 Tullum
616 1668 796 1739 Hostilium
823 1668 923 1737 ictum
943 1669 1093 1738 fulmine.
1136 1670 1263 1740 Plinius
1281 1687 1349 1742 not.

140 1791 212 1860 tiu.
236 1788 272 1870 2,
295 1788 355 1872 53,
382 1788 462 1862 140.
566 1793 621 1860 17.
647 1793 697 1860 Dc
716 1793 833 1862 relictis
854 1816 875 1861 u
895 1793 1000 1863 Numo
1013 1793 1106 1864 libris
1124 1796 1182 1884 cfr.
1197 1817 1296 1888 supro
1314 1821 1348 1888 p.

140 1911 224 1995 294,
245 1913 306 1984 111
405 1914 461 1984 18.
488 1913 580 1985 Obiit
588 1916 698 1984 Numa
712 1937 778 1985 non
793 1916 964 2008 repentina
978 1927 1034 1985 aut
1047 1915 1218 2008 inopinata
1231 1929 1348 1998 morte,

140 2038 197 2109 sed
222 2039 382 2131 paulatim
407 2049 574 2109 senectute
600 2050 633 2108 et
654 2040 722 2108 leni
742 2040 933 2110 infirmitate
955 2041 1137 2123 consectus,
1164 2053 1200 2113 ut
1220 2045 1349 2137 scripsit

142 2163 227 2232 Piso.
274 2165 463 2234 Plutarchus
486 2166 523 2232 in
545 2164 652 2232 Numa
671 2162 730 2244 21,
758 2162 792 2234 3.
897 2165 954 2233 19.
985 2168 1023 2235 L.
1051 2164 1126 2234 Piso
1155 2165 1262 2258 primo
1287 2190 1349 2236 an·-

140 2289 267 2359 nalium
294 2301 409 2362 auctor
434 2301 494 2370 est,
523 2290 659 2360 Tullum
685 2291 865 2360 Hostilium
892 2313 1006 2382 regem
1032 2314 1075 2361 ex
1099 2293 1228 2362 Numae
1254 2291 1348 2360 libris

140 2414 255 2484 eodem
291 2437 360 2506 quo
394 2413 489 2484 illum
520 2411 685 2482 sacrificio
721 2416 836 2483 lovem
867 2416 961 2484 caclo
990 2415 1151 2484 devocare
1181 2425 1346 2496 conatum,

139 2541 296 2630 quoniam
323 2559 441 2630 parum
467 2536 529 2605 rite
554 2535 718 2628 quaedam
744 2537 884 2620 11111111,
914 2539 1051 2608 fulmine
1073 2539 1185 2608 ictum.
1221 2540 1348 2608 Plinius

139 2664 301 2732 1111111111.
328 2659 388 2742 28,
414 2659 450 2742 2,
481 2657 537 2732 14.
596 2647 602 2657 ’
639 2662 698 2731 20.
725 2663 847 2731 Pueros
875 2662 952 2732 istos
980 2656 1031 2751 [L.
1045 2662 1265 2755 Tarquinium
1283 2664 1348 2734 Su-

139 2785 280 2877 perbum
306 2794 341 2853 11
360 2784 542 2854 Arruntem
559 2780 791 2877 Tarquinium]
819 2808 886 2855 non
903 2785 1001 2866 filios,
1027 2786 1086 2856 sed
1103 2797 1241 2879 nepotes
1262 2789 1347 2857 Tar-

138 2909 243 3001 quinii
271 2910 372 2980 luisse
396 2909 522 2990 scribo,
557 2913 596 2980 L.
619 2911 772 2980 Pisonem
799 2913 900 3003 Frugi
927 2924 1076 2990 secutum
1115 2913 1172 2981 ille
1193 2911 1283 2981 anim
1310 2913 1345 2982 in

138 3031 313 3103 annalibus
339 3031 432 3103 libris
448 3033 512 3103 hoc
539 3033 672 3104 tradidit
695 3036 795 3105 solus.
836 3037 1014 3126 Dionysius
1034 3034 1141 3105 111111.
1160 3032 1196 3116 4,
1224 3034 1258 3105 t.
1287 3040 1345 3128 cfr.

138 3179 234 3249 aspro
256 3181 292 3249 p.
315 3154 401 3229 254.
503 3157 563 3226 21.
590 3157 741 3227 Servium
767 3158 915 3230 Tullium
942 3158 1041 3228 tradit
1062 3157 1184 3228 Lucius
1210 3158 1284 3228 Piso
1310 3159 1344 3227 in

138 3281 245 3374 primo
271 3281 443 3352 annalium
469 3281 566 3362 libro,
606 3293 640 3352 ut
665 3281 842 3351 habitantis
868 3283 903 3351 in
929 3283 1012 3352 urbe
1037 3281 1256 3352 multitudinis
1281 3305 1346 3353 nu-

137 3431 266 3479 merum
293 3420 519 3500 cognosceret,
546 3416 627 3499 quot
654 3407 806 3478 homines
831 3408 972 3499 singulis
997 3408 1093 3477 annis
1116 3418 1343 3489 nascerentur,

137 3543 215 3624 quot
252 3542 460 3602 morerentur
485 3539 519 3599 et
550 3542 630 3624 quot
662 3531 792 3601 virilem
829 3543 939 3623 togam
965 3543 1145 3612 sumerent,
1179 3531 1343 3612 statuisse,

137 3665 279 3749 quantus
304 3676 459 3724 nummus
483 3675 544 3746 pro
569 3653 708 3747 singulis
739 3655 977 3747 persolvendus
1011 3665 1097 3724 11111
1127 3677 1148 3723 a
1178 3653 1345 3745 cognatim

137 3782 169 3852 in
196 3783 364 3854 aerarium
388 3782 543 3876 ilithyiae
569 3805 669 3875 quam
687 3783 828 3852 Romani
849 3785 1010 3852 lunonem
1033 3781 1195 3852 Lucinam
1217 3781 1343 3862 dicunt,

137 3933 196 4001 pro
220 3910 323 3990 natis;
362 3909 397 3978 in
425 3909 563 3980 Veneris
588 3930 688 4002 quam
714 3907 894 3977 Libitinam
920 3907 1087 4000 appellant
1113 3905 1282 3976 aerarium
1308 3905 1342 3974 in

136 4035 211 4106 luco
236 4036 346 4116 situm,
373 4059 434 4129 pro
450 4034 630 4116 defunctis3
663 4034 697 4102 in
724 4037 881 4118 iuventae
907 4056 967 4126 pro
993 4045 1104 4124 togam
1130 4031 1260 4101 virilem
1285 4051 1343 4098 su-

137 4163 311 4232 mentibus.
363 4165 435 4231 Hac
459 4162 588 4230 ratione
618 4161 795 4253 quotannis
821 4160 1057 4251 comperiebat,
1090 4169 1232 4250 quantus
1258 4165 1344 4226 esset

136 4287 255 4358 civium
288 4309 447 4358 numerus
476 4295 508 4355 et
536 4285 673 4376 quinam
707 4308 821 4356 eorum
853 4295 993 4354 aetatem
1025 4283 1186 4353 baberent
1217 4281 1343 4351 milita·

134 4432 215 4480 ram.
263 4411 443 4502 Dionysius
462 4405 630 4489 1111114,
660 4407 716 4480 15.
818 4411 877 4479 22.
904 4411 954 4478 De
977 4408 1126 4500 impensis
1151 4407 1344 4499 aedificandi

135 4537 239 4627 templi
255 4537 343 4606 louis
356 4535 530 4626 Capitolini
546 4537 604 4624 ok.
623 4556 722 4625 supro
737 4558 771 4626 p.
790 4531 875 4614 254,
896 4531 955 4605 24.
1057 4531 1115 4602 23.
1142 4529 1218 4600 Piso
1236 4528 1342 4600 bisto-

136 4655 258 4728 riarum
281 4659 408 4750 primo:
436 4658 529 4727 cuins
547 4658 646 4728 unius
673 4659 819 4748 praemio
841 4659 1020 4728 multorum
1048 4655 1172 4725 allicuit
1200 4655 1340 4725 animos.
