<?xml version="1.0" encoding="UTF-8"?>
<!DOCTYPE html PUBLIC "-//W3C//DTD XHTML 1.0 Transitional//EN"
    "http://www.w3.org/TR/xhtml1/DTD/xhtml1-transitional.dtd">
<html xmlns="http://www.w3.org/1999/xhtml" xml:lang="en" lang="en">
 <head>
  <title>
</title>
<meta http-equiv="Content-Type" content="text/html;charset=utf-8" />
  <meta name='ocr-system' content='tesseract 3.04.00' />
  <meta name='ocr-capabilities' content='ocr_page ocr_carea ocr_par ocr_line ocrx_word'/>
</head>
<body>
  <div class='ocr_page' id='page_1' title='image "./gaisalustiicris00rothgoog_0398.png"; bbox 0 0 3526 5604; ppageno 0'>
   <div class='ocr_carea' id='block_1_1' title="bbox 1290 649 1356 720">
    <p class='ocr_par' dir='ltr' id='par_1_1' title="bbox 1290 649 1356 720">
     <span class='ocr_line' id='line_1_1' title="bbox 1290 649 1356 720; baseline -0.061 1"><span class='ocrx_word' id='word_1_1' title='bbox 1290 649 1356 720; x_wconf 87' lang='grc'><strong>361</strong></span> 
     </span>
    </p>
   </div>
   <div class='ocr_carea' id='block_1_2' title="bbox 132 849 1362 4056">
    <p class='ocr_par' dir='ltr' id='par_1_2' title="bbox 132 849 1362 4056">
     <span class='ocr_line' id='line_1_2' title="bbox 152 849 1362 944; baseline 0 -24"><span class='ocrx_word' id='word_1_2' title='bbox 152 851 274 921; x_wconf 79' lang='lat' dir='ltr'><strong>acriter</strong></span> <span class='ocrx_word' id='word_1_3' title='bbox 307 850 516 944; x_wconf 72' lang='lat' dir='ltr'><strong>quaestiones</strong></span> <span class='ocrx_word' id='word_1_4' title='bbox 548 853 753 920; x_wconf 86' lang='lat' dir='ltr'><strong>exercuisset</strong></span> <span class='ocrx_word' id='word_1_5' title='bbox 782 859 816 918; x_wconf 89' lang='lat' dir='ltr'><strong>et</strong></span> <span class='ocrx_word' id='word_1_6' title='bbox 849 871 951 940; x_wconf 90' lang='lat' dir='ltr'><strong>quam</strong></span> <span class='ocrx_word' id='word_1_7' title='bbox 980 849 1098 919; x_wconf 89' lang='lat' dir='ltr'><strong>multos</strong></span> <span class='ocrx_word' id='word_1_8' title='bbox 1124 849 1240 941; x_wconf 86' lang='lat' dir='ltr'><strong>capitis</strong></span> <span class='ocrx_word' id='word_1_9' title='bbox 1266 849 1362 920; x_wconf 88' lang='lat' dir='ltr'><strong>dam·</strong></span> 
     </span>
     <span class='ocr_line' id='line_1_3' title="bbox 151 972 1360 1065; baseline 0 -23"><span class='ocrx_word' id='word_1_10' title='bbox 151 985 246 1044; x_wconf 87' lang='lat' dir='ltr'><strong>natos</strong></span> <span class='ocrx_word' id='word_1_11' title='bbox 263 975 298 1044; x_wconf 94' lang='grc'><strong>13</strong></span> <span class='ocrx_word' id='word_1_12' title='bbox 319 973 461 1044; x_wconf 76' lang='lat' dir='ltr'><strong>sinordis</strong></span> <span class='ocrx_word' id='word_1_13' title='bbox 481 974 627 1054; x_wconf 86' lang='lat' dir='ltr'><strong>baberet.</strong></span> <span class='ocrx_word' id='word_1_14' title='bbox 653 995 738 1065; x_wconf 89' lang='lat' dir='ltr'><strong>quos</strong></span> <span class='ocrx_word' id='word_1_15' title='bbox 762 973 871 1043; x_wconf 88' lang='lat' dir='ltr'><strong>securi</strong></span> <span class='ocrx_word' id='word_1_16' title='bbox 897 993 1112 1064; x_wconf 88' lang='lat' dir='ltr'><strong>percussurus</strong></span> <span class='ocrx_word' id='word_1_17' title='bbox 1138 984 1233 1042; x_wconf 88' lang='lat' dir='ltr'><strong>esset.</strong></span> <span class='ocrx_word' id='word_1_18' title='bbox 1275 972 1360 1042; x_wconf 91' lang='lat' dir='ltr'><strong>Tum</strong></span> 
     </span>
     <span class='ocr_line' id='line_1_4' title="bbox 151 1099 1361 1192; baseline 0 -24"><span class='ocrx_word' id='word_1_19' title='bbox 151 1099 244 1168; x_wconf 89' lang='lat' dir='ltr'><strong>illam</strong></span> <span class='ocrx_word' id='word_1_20' title='bbox 273 1100 361 1171; x_wconf 86' lang='lat' dir='ltr'><strong>inira</strong></span> <span class='ocrx_word' id='word_1_21' title='bbox 387 1123 463 1171; x_wconf 91' lang='lat' dir='ltr'><strong>eum</strong></span> <span class='ocrx_word' id='word_1_22' title='bbox 488 1101 706 1170; x_wconf 78' lang='lat' dir='ltr'><strong>accubantem</strong></span> <span class='ocrx_word' id='word_1_23' title='bbox 738 1121 878 1190; x_wconf 84' lang='lat' dir='ltr'><strong>negasse</strong></span> <span class='ocrx_word' id='word_1_24' title='bbox 905 1121 1064 1192; x_wconf 91' lang='lat' dir='ltr'><strong>umquam</strong></span> <span class='ocrx_word' id='word_1_25' title='bbox 1096 1099 1217 1168; x_wconf 89' lang='lat' dir='ltr'><strong>vidisse</strong></span> <span class='ocrx_word' id='word_1_26' title='bbox 1241 1121 1361 1190; x_wconf 86' lang='lat' dir='ltr'><strong>qucrn-</strong></span> 
     </span>
     <span class='ocr_line' id='line_1_5' title="bbox 150 1221 1361 1316; baseline -0.001 -24"><span class='ocrx_word' id='word_1_27' title='bbox 150 1244 252 1316; x_wconf 87' lang='lat' dir='ltr'><strong>quam</strong></span> <span class='ocrx_word' id='word_1_28' title='bbox 286 1223 394 1294; x_wconf 91' lang='lat' dir='ltr'><strong>securi</strong></span> <span class='ocrx_word' id='word_1_29' title='bbox 426 1223 598 1294; x_wconf 82' lang='lat' dir='ltr'><strong>ferientem</strong></span> <span class='ocrx_word' id='word_1_30' title='bbox 632 1233 664 1294; x_wconf 88' lang='lat' dir='ltr'><strong>et</strong></span> <span class='ocrx_word' id='word_1_31' title='bbox 689 1222 838 1315; x_wconf 83' lang='lat' dir='ltr'><strong>pervelle</strong></span> <span class='ocrx_word' id='word_1_32' title='bbox 864 1222 897 1293; x_wconf 93' lang='lat' dir='ltr'><strong>id</strong></span> <span class='ocrx_word' id='word_1_33' title='bbox 923 1221 1047 1292; x_wconf 86' lang='lat' dir='ltr'><strong>videre.</strong></span> <span class='ocrx_word' id='word_1_34' title='bbox 1091 1221 1155 1291; x_wconf 88' lang='lat' dir='ltr'><strong>Hic</strong></span> <span class='ocrx_word' id='word_1_35' title='bbox 1180 1221 1361 1313; x_wconf 79' lang='lat' dir='ltr'><strong>indulgen-</strong></span> 
     </span>
     <span class='ocr_line' id='line_1_6' title="bbox 150 1344 1359 1418; baseline 0 -2"><span class='ocrx_word' id='word_1_36' title='bbox 150 1358 215 1416; x_wconf 89' lang='lat' dir='ltr'><strong>tem</strong></span> <span class='ocrx_word' id='word_1_37' title='bbox 252 1359 435 1418; x_wconf 80' lang='lat' dir='ltr'><strong>amatorem</strong></span> <span class='ocrx_word' id='word_1_38' title='bbox 473 1370 578 1417; x_wconf 89' lang='lat' dir='ltr'><strong>unum</strong></span> <span class='ocrx_word' id='word_1_39' title='bbox 612 1371 654 1416; x_wconf 84' lang='lat' dir='ltr'><strong>ex</strong></span> <span class='ocrx_word' id='word_1_40' title='bbox 688 1347 754 1418; x_wconf 92' lang='lat' dir='ltr'><strong>illis</strong></span> <span class='ocrx_word' id='word_1_41' title='bbox 784 1346 913 1416; x_wconf 90' lang='lat' dir='ltr'><strong>miseris</strong></span> <span class='ocrx_word' id='word_1_42' title='bbox 946 1345 1067 1416; x_wconf 79' lang='lat' dir='ltr'><strong>attrahi</strong></span> <span class='ocrx_word' id='word_1_43' title='bbox 1099 1345 1225 1416; x_wconf 87' lang='lat' dir='ltr'><strong>iussum</strong></span> <span class='ocrx_word' id='word_1_44' title='bbox 1250 1344 1359 1416; x_wconf 89' lang='lat' dir='ltr'><strong>securi</strong></span> 
     </span>
     <span class='ocr_line' id='line_1_7' title="bbox 148 1468 1357 1565; baseline -0.002 -22"><span class='ocrx_word' id='word_1_45' title='bbox 148 1472 364 1565; x_wconf 82' lang='lat' dir='ltr'><strong>percussisse.</strong></span> <span class='ocrx_word' id='word_1_46' title='bbox 416 1473 527 1542; x_wconf 81' lang='grc'>113131</span> <span class='ocrx_word' id='word_1_47' title='bbox 559 1469 624 1551; x_wconf 88' lang='grc'><strong>39,</strong></span> <span class='ocrx_word' id='word_1_48' title='bbox 659 1468 720 1544; x_wconf 89' lang='grc'>43.</span> <span class='ocrx_word' id='word_1_49' title='bbox 759 1476 817 1562; x_wconf 71' lang='lat' dir='ltr'><strong>cfr.</strong></span> <span class='ocrx_word' id='word_1_50' title='bbox 858 1473 1046 1542; x_wconf 74' lang='lat' dir='ltr'><strong>Plutarchus</strong></span> <span class='ocrx_word' id='word_1_51' title='bbox 1079 1471 1263 1542; x_wconf 71' lang='lat' dir='ltr'><strong>Flaminino</strong></span> <span class='ocrx_word' id='word_1_52' title='bbox 1301 1469 1357 1542; x_wconf 89' lang='lat'><strong>18.</strong></span> 
     </span>
     <span class='ocr_line' id='line_1_8' title="bbox 148 1590 1358 1682; baseline 0 -18"><span class='ocrx_word' id='word_1_53' title='bbox 148 1595 208 1665; x_wconf 84' lang='grc'><strong>45.</strong></span> <span class='ocrx_word' id='word_1_54' title='bbox 237 1596 464 1667; x_wconf 84' lang='lat' dir='ltr'><strong>Hannibalem</strong></span> <span class='ocrx_word' id='word_1_55' title='bbox 489 1595 553 1666; x_wconf 90' lang='lat' dir='ltr'><strong>hoc</strong></span> <span class='ocrx_word' id='word_1_56' title='bbox 579 1617 667 1665; x_wconf 91' lang='lat' dir='ltr'><strong>anuo</strong></span> <span class='ocrx_word' id='word_1_57' title='bbox 693 1590 740 1680; x_wconf 88' lang='lat' dir='ltr'><strong>[o.</strong></span> <span class='ocrx_word' id='word_1_58' title='bbox 760 1593 849 1682; x_wconf 79' lang='lat'>571]</span> <span class='ocrx_word' id='word_1_59' title='bbox 876 1594 990 1665; x_wconf 76' lang='lat' dir='ltr'><strong>Antius</strong></span> <span class='ocrx_word' id='word_1_60' title='bbox 1008 1594 1160 1664; x_wconf 89' lang='lat' dir='ltr'><strong>Valerius</strong></span> <span class='ocrx_word' id='word_1_61' title='bbox 1178 1593 1358 1664; x_wconf 86' lang='lat' dir='ltr'><strong>decessisse</strong></span> 
     </span>
     <span class='ocr_line' id='line_1_9' title="bbox 146 1720 1358 1813; baseline 0.002 -24"><span class='ocrx_word' id='word_1_62' title='bbox 146 1731 264 1792; x_wconf 83' lang='lat' dir='ltr'><strong>auctor</strong></span> <span class='ocrx_word' id='word_1_63' title='bbox 293 1733 358 1804; x_wconf 88' lang='lat' dir='ltr'><strong>est,</strong></span> <span class='ocrx_word' id='word_1_64' title='bbox 398 1722 516 1813; x_wconf 82' lang='lat' dir='ltr'><strong>legatis</strong></span> <span class='ocrx_word' id='word_1_65' title='bbox 547 1722 588 1792; x_wconf 91' lang='lat' dir='ltr'><strong>ad</strong></span> <span class='ocrx_word' id='word_1_66' title='bbox 619 1744 693 1791; x_wconf 92' lang='lat' dir='ltr'><strong>eam</strong></span> <span class='ocrx_word' id='word_1_67' title='bbox 725 1743 796 1792; x_wconf 91' lang='lat' dir='ltr'><strong>rem</strong></span> <span class='ocrx_word' id='word_1_68' title='bbox 829 1720 870 1791; x_wconf 91' lang='lat' dir='ltr'><strong>ad</strong></span> <span class='ocrx_word' id='word_1_69' title='bbox 905 1720 1056 1791; x_wconf 88' lang='lat' dir='ltr'><strong>Prusiam</strong></span> <span class='ocrx_word' id='word_1_70' title='bbox 1086 1720 1194 1789; x_wconf 89' lang='lat' dir='ltr'><strong>missis</strong></span> <span class='ocrx_word' id='word_1_71' title='bbox 1227 1731 1358 1813; x_wconf 91' lang='lat' dir='ltr'><strong>praeter</strong></span> 
     </span>
     <span class='ocr_line' id='line_1_10' title="bbox 146 1844 1356 1929; baseline -0.001 -14"><span class='ocrx_word' id='word_1_72' title='bbox 146 1847 185 1915; x_wconf 85' lang='lat' dir='ltr'><strong>T.</strong></span> <span class='ocrx_word' id='word_1_73' title='bbox 211 1845 407 1929; x_wconf 84' lang='lat' dir='ltr'><strong>Quinctium</strong></span> <span class='ocrx_word' id='word_1_74' title='bbox 432 1847 669 1924; x_wconf 70' lang='lat' dir='ltr'><strong>flamininum.</strong></span> <span class='ocrx_word' id='word_1_75' title='bbox 697 1845 791 1916; x_wconf 89' lang='lat' dir='ltr'><strong>cuius</strong></span> <span class='ocrx_word' id='word_1_76' title='bbox 817 1844 851 1914; x_wconf 94' lang='lat' dir='ltr'><strong>in</strong></span> <span class='ocrx_word' id='word_1_77' title='bbox 878 1867 916 1914; x_wconf 91' lang='lat' dir='ltr'><strong>ea</strong></span> <span class='ocrx_word' id='word_1_78' title='bbox 942 1868 979 1914; x_wconf 88' lang='lat' dir='ltr'><strong>re</strong></span> <span class='ocrx_word' id='word_1_79' title='bbox 1005 1845 1137 1915; x_wconf 88' lang='lat' dir='ltr'><strong>celebre</strong></span> <span class='ocrx_word' id='word_1_80' title='bbox 1155 1855 1204 1914; x_wconf 86' lang='lat' dir='ltr'><strong>est</strong></span> <span class='ocrx_word' id='word_1_81' title='bbox 1220 1867 1356 1927; x_wconf 82' lang='lat' dir='ltr'><strong>nomen,</strong></span> 
     </span>
     <span class='ocr_line' id='line_1_11' title="bbox 146 1968 1354 2063; baseline -0.001 -22"><span class='ocrx_word' id='word_1_82' title='bbox 146 1973 186 2041; x_wconf 88' lang='lat' dir='ltr'><strong>L.</strong></span> <span class='ocrx_word' id='word_1_83' title='bbox 214 1971 368 2063; x_wconf 85' lang='lat' dir='ltr'><strong>Scipione</strong></span> <span class='ocrx_word' id='word_1_84' title='bbox 394 1971 539 2042; x_wconf 88' lang='lat' dir='ltr'><strong>Asiatico</strong></span> <span class='ocrx_word' id='word_1_85' title='bbox 565 1981 597 2040; x_wconf 87' lang='lat' dir='ltr'><strong>ct</strong></span> <span class='ocrx_word' id='word_1_86' title='bbox 622 1973 657 2040; x_wconf 89' lang='lat' dir='ltr'><strong>P.</strong></span> <span class='ocrx_word' id='word_1_87' title='bbox 676 1971 830 2063; x_wconf 88' lang='lat' dir='ltr'><strong>Scipione</strong></span> <span class='ocrx_word' id='word_1_88' title='bbox 857 1970 987 2041; x_wconf 90' lang='lat' dir='ltr'><strong>Nasica.</strong></span> <span class='ocrx_word' id='word_1_89' title='bbox 1031 1968 1299 2052; x_wconf 64' lang='grc'>1131333356,</span> <span class='ocrx_word' id='word_1_90' title='bbox 1319 1969 1354 2040; x_wconf 80' lang='grc'><strong>7.</strong></span> 
     </span>
     <span class='ocr_line' id='line_1_12' title="bbox 145 2091 1355 2187; baseline 0.001 -23"><span class='ocrx_word' id='word_1_91' title='bbox 145 2094 206 2165; x_wconf 88' lang='grc'><strong>46.</strong></span> <span class='ocrx_word' id='word_1_92' title='bbox 233 2094 343 2166; x_wconf 80' lang='lat' dir='ltr'><strong>Adicit</strong></span> <span class='ocrx_word' id='word_1_93' title='bbox 359 2095 476 2165; x_wconf 89' lang='lat' dir='ltr'><strong>Antias</strong></span> <span class='ocrx_word' id='word_1_94' title='bbox 494 2104 555 2165; x_wconf 89' lang='lat' dir='ltr'><strong>etc.</strong></span> <span class='ocrx_word' id='word_1_95' title='bbox 581 2117 679 2187; x_wconf 81' lang='lat' dir='ltr'><strong>supra</strong></span> <span class='ocrx_word' id='word_1_96' title='bbox 696 2118 730 2186; x_wconf 92' lang='lat' dir='ltr'><strong>p.</strong></span> <span class='ocrx_word' id='word_1_97' title='bbox 758 2091 842 2178; x_wconf 83' lang='grc'>354,</span> <span class='ocrx_word' id='word_1_98' title='bbox 873 2093 929 2166; x_wconf 88' lang='grc'><strong>16.</strong></span> <span class='ocrx_word' id='word_1_99' title='bbox 1030 2094 1090 2165; x_wconf 78' lang='grc'><strong>47.</strong></span> <span class='ocrx_word' id='word_1_100' title='bbox 1115 2093 1260 2186; x_wconf 82' lang='lat' dir='ltr'><strong>lusignis</strong></span> <span class='ocrx_word' id='word_1_101' title='bbox 1277 2105 1355 2166; x_wconf 91' lang='lat' dir='ltr'><strong>nota</strong></span> 
     </span>
     <span class='ocr_line' id='line_1_13' title="bbox 143 2220 1355 2314; baseline 0.002 -26"><span class='ocrx_word' id='word_1_102' title='bbox 143 2220 209 2290; x_wconf 86' lang='lat' dir='ltr'><strong>luit</strong></span> <span class='ocrx_word' id='word_1_103' title='bbox 328 2232 360 2289; x_wconf 93' lang='lat' dir='ltr'><strong>et</strong></span> <span class='ocrx_word' id='word_1_104' title='bbox 389 2221 450 2292; x_wconf 87' lang='lat' dir='ltr'><strong>Cn.</strong></span> <span class='ocrx_word' id='word_1_105' title='bbox 476 2221 598 2302; x_wconf 87' lang='lat' dir='ltr'><strong>Fulvii,</strong></span> <span class='ocrx_word' id='word_1_106' title='bbox 638 2220 697 2314; x_wconf 90' lang='lat' dir='ltr'><strong>qui</strong></span> <span class='ocrx_word' id='word_1_107' title='bbox 730 2221 831 2291; x_wconf 81' lang='lat' dir='ltr'><strong>irater</strong></span> <span class='ocrx_word' id='word_1_108' title='bbox 863 2241 1043 2312; x_wconf 85' lang='lat' dir='ltr'><strong>germanus</strong></span> <span class='ocrx_word' id='word_1_109' title='bbox 1075 2232 1108 2290; x_wconf 89' lang='lat' dir='ltr'><strong>ct</strong></span> <span class='ocrx_word' id='word_1_110' title='bbox 1139 2231 1176 2291; x_wconf 93' lang='lat' dir='ltr'><strong>ut</strong></span> <span class='ocrx_word' id='word_1_111' title='bbox 1200 2221 1355 2290; x_wconf 90' lang='lat' dir='ltr'><strong>Valerius</strong></span> 
     </span>
     <span class='ocr_line' id='line_1_14' title="bbox 141 2339 1353 2426; baseline -0.001 -11"><span class='ocrx_word' id='word_1_112' title='bbox 141 2343 262 2415; x_wconf 87' lang='lat' dir='ltr'><strong>Antias</strong></span> <span class='ocrx_word' id='word_1_113' title='bbox 288 2342 397 2424; x_wconf 87' lang='lat' dir='ltr'><strong>tradit,</strong></span> <span class='ocrx_word' id='word_1_114' title='bbox 428 2367 562 2414; x_wconf 88' lang='lat' dir='ltr'><strong>consors</strong></span> <span class='ocrx_word' id='word_1_115' title='bbox 589 2343 689 2413; x_wconf 87' lang='lat' dir='ltr'><strong>etiam</strong></span> <span class='ocrx_word' id='word_1_116' title='bbox 716 2343 861 2414; x_wconf 91' lang='lat' dir='ltr'><strong>censoris</strong></span> <span class='ocrx_word' id='word_1_117' title='bbox 888 2353 969 2413; x_wconf 90' lang='lat' dir='ltr'><strong>erat.</strong></span> <span class='ocrx_word' id='word_1_118' title='bbox 1011 2339 1291 2426; x_wconf 68' lang='grc'>1131314127,</span> <span class='ocrx_word' id='word_1_119' title='bbox 1318 2343 1353 2415; x_wconf 86' lang='grc'><strong>2.</strong></span> 
     </span>
     <span class='ocr_line' id='line_1_15' title="bbox 142 2467 1353 2559; baseline 0 -21"><span class='ocrx_word' id='word_1_120' title='bbox 142 2469 204 2538; x_wconf 84' lang='grc'><strong>48.</strong></span> <span class='ocrx_word' id='word_1_121' title='bbox 231 2467 377 2539; x_wconf 89' lang='lat' dir='ltr'><strong>Attalum</strong></span> <span class='ocrx_word' id='word_1_122' title='bbox 403 2468 492 2558; x_wconf 80' lang='lat' dir='ltr'><strong>regis</strong></span> <span class='ocrx_word' id='word_1_123' title='bbox 518 2467 680 2539; x_wconf 88' lang='lat' dir='ltr'><strong>Eumenis</strong></span> <span class='ocrx_word' id='word_1_124' title='bbox 713 2469 848 2538; x_wconf 80' lang='lat' dir='ltr'><strong>fratrem</strong></span> <span class='ocrx_word' id='word_1_125' title='bbox 884 2468 1030 2559; x_wconf 80' lang='lat' dir='ltr'><strong>legatum</strong></span> <span class='ocrx_word' id='word_1_126' title='bbox 1060 2469 1188 2538; x_wconf 87' lang='lat' dir='ltr'><strong>venisse</strong></span> <span class='ocrx_word' id='word_1_127' title='bbox 1214 2471 1353 2539; x_wconf 87' lang='lat' dir='ltr'><strong>Romam</strong></span> 
     </span>
     <span class='ocr_line' id='line_1_16' title="bbox 139 2590 1353 2663; baseline 0 -1"><span class='ocrx_word' id='word_1_128' title='bbox 139 2591 297 2662; x_wconf 87' lang='lat' dir='ltr'><strong>Valerius</strong></span> <span class='ocrx_word' id='word_1_129' title='bbox 319 2591 437 2663; x_wconf 83' lang='lat' dir='ltr'><strong>Antias</strong></span> <span class='ocrx_word' id='word_1_130' title='bbox 463 2590 514 2661; x_wconf 92' lang='lat' dir='ltr'><strong>bis</strong></span> <span class='ocrx_word' id='word_1_131' title='bbox 539 2591 732 2662; x_wconf 86' lang='lat' dir='ltr'><strong>consulibus</strong></span> <span class='ocrx_word' id='word_1_132' title='bbox 757 2591 873 2660; x_wconf 83' lang='lat' dir='ltr'><strong>scribit</strong></span> <span class='ocrx_word' id='word_1_133' title='bbox 897 2591 938 2660; x_wconf 89' lang='lat' dir='ltr'><strong>ad</strong></span> <span class='ocrx_word' id='word_1_134' title='bbox 965 2590 1144 2660; x_wconf 78' lang='lat' dir='ltr'><strong>deferenda</strong></span> <span class='ocrx_word' id='word_1_135' title='bbox 1169 2592 1211 2662; x_wconf 93' lang='lat' dir='ltr'><strong>de</strong></span> <span class='ocrx_word' id='word_1_136' title='bbox 1232 2593 1353 2663; x_wconf 89' lang='lat' dir='ltr'><strong>Perseo</strong></span> 
     </span>
     <span class='ocr_line' id='line_1_17' title="bbox 140 2714 1353 2809; baseline -0.001 -23"><span class='ocrx_word' id='word_1_137' title='bbox 140 2715 287 2786; x_wconf 87' lang='lat' dir='ltr'><strong>crimina</strong></span> <span class='ocrx_word' id='word_1_138' title='bbox 320 2714 582 2809; x_wconf 87' lang='lat' dir='ltr'><strong>indicandosque</strong></span> <span class='ocrx_word' id='word_1_139' title='bbox 613 2725 790 2808; x_wconf 86' lang='lat' dir='ltr'><strong>apparatus</strong></span> <span class='ocrx_word' id='word_1_140' title='bbox 822 2715 914 2785; x_wconf 93' lang='lat' dir='ltr'><strong>belli.</strong></span> <span class='ocrx_word' id='word_1_141' title='bbox 969 2715 1119 2786; x_wconf 88' lang='lat' dir='ltr'><strong>Plurium</strong></span> <span class='ocrx_word' id='word_1_142' title='bbox 1150 2717 1286 2786; x_wconf 89' lang='lat' dir='ltr'><strong>annales</strong></span> <span class='ocrx_word' id='word_1_143' title='bbox 1321 2728 1353 2786; x_wconf 92' lang='lat' dir='ltr'><strong>et</strong></span> 
     </span>
     <span class='ocr_line' id='line_1_18' title="bbox 139 2838 1353 2934; baseline 0.001 -24"><span class='ocrx_word' id='word_1_144' title='bbox 139 2839 264 2934; x_wconf 89' lang='lat' dir='ltr'><strong>quibus</strong></span> <span class='ocrx_word' id='word_1_145' title='bbox 290 2838 469 2909; x_wconf 88' lang='lat' dir='ltr'><strong>credidisse</strong></span> <span class='ocrx_word' id='word_1_146' title='bbox 495 2839 592 2909; x_wconf 85' lang='lat' dir='ltr'><strong>malis</strong></span> <span class='ocrx_word' id='word_1_147' title='bbox 618 2839 724 2931; x_wconf 90' lang='lat' dir='ltr'><strong>ipsum</strong></span> <span class='ocrx_word' id='word_1_148' title='bbox 741 2841 929 2910; x_wconf 88' lang='lat' dir='ltr'><strong>Eumenem</strong></span> <span class='ocrx_word' id='word_1_149' title='bbox 955 2838 1085 2909; x_wconf 84' lang='lat' dir='ltr'><strong>venisse</strong></span> <span class='ocrx_word' id='word_1_150' title='bbox 1111 2839 1255 2910; x_wconf 89' lang='lat' dir='ltr'><strong>tradunt.</strong></span> <span class='ocrx_word' id='word_1_151' title='bbox 1292 2843 1353 2911; x_wconf 86' lang='lat' dir='ltr'><strong>Li-</strong></span> 
     </span>
     <span class='ocr_line' id='line_1_19' title="bbox 137 2957 1353 3053; baseline 0.001 -19"><span class='ocrx_word' id='word_1_152' title='bbox 137 2966 213 3034; x_wconf 79' lang='grc'>3131</span> <span class='ocrx_word' id='word_1_153' title='bbox 229 2960 290 3043; x_wconf 86' lang='grc'><strong>42,</strong></span> <span class='ocrx_word' id='word_1_154' title='bbox 319 2957 376 3042; x_wconf 95' lang='grc'><strong>11,</strong></span> <span class='ocrx_word' id='word_1_155' title='bbox 407 2959 438 3033; x_wconf 97' lang='grc'><strong>1.</strong></span> <span class='ocrx_word' id='word_1_156' title='bbox 544 2961 604 3037; x_wconf 83' lang='grc'><strong>49.</strong></span> <span class='ocrx_word' id='word_1_157' title='bbox 635 2965 686 3033; x_wconf 83' lang='grc'><strong>113</strong></span> <span class='ocrx_word' id='word_1_158' title='bbox 711 2963 864 3032; x_wconf 82' lang='lat' dir='ltr'><strong>Eumene</strong></span> <span class='ocrx_word' id='word_1_159' title='bbox 896 2984 976 3053; x_wconf 85' lang='lat' dir='ltr'><strong>rege</strong></span> <span class='ocrx_word' id='word_1_160' title='bbox 1002 2962 1100 3053; x_wconf 82' lang='lat' dir='ltr'><strong>longe</strong></span> <span class='ocrx_word' id='word_1_161' title='bbox 1126 2962 1256 3035; x_wconf 84' lang='lat' dir='ltr'><strong>diversa</strong></span> <span class='ocrx_word' id='word_1_162' title='bbox 1283 2975 1353 3034; x_wconf 89' lang='grc'>113-</span> 
     </span>
     <span class='ocr_line' id='line_1_20' title="bbox 137 3086 1351 3170; baseline -0.002 -10"><span class='ocrx_word' id='word_1_163' title='bbox 137 3089 239 3170; x_wconf 85' lang='lat' dir='ltr'><strong>duut,</strong></span> <span class='ocrx_word' id='word_1_164' title='bbox 274 3089 303 3158; x_wconf 90' lang='lat' dir='ltr'><strong>si</strong></span> <span class='ocrx_word' id='word_1_165' title='bbox 328 3086 462 3158; x_wconf 89' lang='lat' dir='ltr'><strong>Valerio</strong></span> <span class='ocrx_word' id='word_1_166' title='bbox 493 3088 617 3158; x_wconf 86' lang='lat' dir='ltr'><strong>Antiati</strong></span> <span class='ocrx_word' id='word_1_167' title='bbox 649 3088 777 3158; x_wconf 89' lang='lat' dir='ltr'><strong>credas.</strong></span> <span class='ocrx_word' id='word_1_168' title='bbox 826 3091 897 3160; x_wconf 92' lang='lat' dir='ltr'><strong>Nec</strong></span> <span class='ocrx_word' id='word_1_169' title='bbox 927 3089 1032 3158; x_wconf 89' lang='lat' dir='ltr'><strong>classe</strong></span> <span class='ocrx_word' id='word_1_170' title='bbox 1064 3087 1212 3159; x_wconf 91' lang='lat' dir='ltr'><strong>adiutum</strong></span> <span class='ocrx_word' id='word_1_171' title='bbox 1242 3088 1351 3158; x_wconf 88' lang='lat' dir='ltr'><strong>abeo</strong></span> 
     </span>
     <span class='ocr_line' id='line_1_21' title="bbox 135 3213 1351 3307; baseline 0 -23"><span class='ocrx_word' id='word_1_172' title='bbox 135 3223 326 3307; x_wconf 83' lang='lat' dir='ltr'><strong>praetorem</strong></span> <span class='ocrx_word' id='word_1_173' title='bbox 352 3235 435 3292; x_wconf 84' lang='lat' dir='ltr'><strong>esse,</strong></span> <span class='ocrx_word' id='word_1_174' title='bbox 462 3235 538 3284; x_wconf 92' lang='lat' dir='ltr'><strong>cum</strong></span> <span class='ocrx_word' id='word_1_175' title='bbox 564 3233 663 3305; x_wconf 84' lang='lat' dir='ltr'><strong>saepe</strong></span> <span class='ocrx_word' id='word_1_176' title='bbox 688 3236 766 3284; x_wconf 88' lang='lat' dir='ltr'><strong>cum</strong></span> <span class='ocrx_word' id='word_1_177' title='bbox 793 3213 908 3282; x_wconf 87' lang='lat' dir='ltr'><strong>litteris</strong></span> <span class='ocrx_word' id='word_1_178' title='bbox 925 3213 1124 3296; x_wconf 86' lang='lat' dir='ltr'><strong>arcessisset,</strong></span> <span class='ocrx_word' id='word_1_179' title='bbox 1152 3214 1260 3296; x_wconf 91' lang='lat' dir='ltr'><strong>tradit,</strong></span> <span class='ocrx_word' id='word_1_180' title='bbox 1288 3237 1351 3284; x_wconf 91' lang='lat' dir='ltr'><strong>nec</strong></span> 
     </span>
     <span class='ocr_line' id='line_1_22' title="bbox 135 3338 1350 3432; baseline -0.002 -21"><span class='ocrx_word' id='word_1_181' title='bbox 135 3362 214 3411; x_wconf 91' lang='lat' dir='ltr'><strong>cum</strong></span> <span class='ocrx_word' id='word_1_182' title='bbox 242 3338 348 3431; x_wconf 81' lang='lat' dir='ltr'><strong>gratia</strong></span> <span class='ocrx_word' id='word_1_183' title='bbox 375 3339 417 3409; x_wconf 88' lang='lat' dir='ltr'><strong>ab</strong></span> <span class='ocrx_word' id='word_1_184' title='bbox 442 3341 578 3410; x_wconf 90' lang='lat' dir='ltr'><strong>consule</strong></span> <span class='ocrx_word' id='word_1_185' title='bbox 603 3341 785 3432; x_wconf 86' lang='lat' dir='ltr'><strong>profectum</strong></span> <span class='ocrx_word' id='word_1_186' title='bbox 811 3339 844 3408; x_wconf 94' lang='lat' dir='ltr'><strong>in</strong></span> <span class='ocrx_word' id='word_1_187' title='bbox 872 3340 997 3420; x_wconf 85' lang='lat' dir='ltr'><strong>Asiam,</strong></span> <span class='ocrx_word' id='word_1_188' title='bbox 1031 3339 1238 3431; x_wconf 80' lang='lat' dir='ltr'><strong>indignatum</strong></span> <span class='ocrx_word' id='word_1_189' title='bbox 1259 3338 1350 3432; x_wconf 91' lang='lat' dir='ltr'><strong>quod</strong></span> 
     </span>
     <span class='ocr_line' id='line_1_23' title="bbox 134 3463 1350 3557; baseline -0.002 -22"><span class='ocrx_word' id='word_1_190' title='bbox 134 3475 170 3535; x_wconf 91' lang='lat' dir='ltr'><strong>ut</strong></span> <span class='ocrx_word' id='word_1_191' title='bbox 196 3463 316 3534; x_wconf 88' lang='lat' dir='ltr'><strong>iisdem</strong></span> <span class='ocrx_word' id='word_1_192' title='bbox 344 3463 458 3533; x_wconf 88' lang='lat' dir='ltr'><strong>castris</strong></span> <span class='ocrx_word' id='word_1_193' title='bbox 485 3463 635 3536; x_wconf 86' lang='lat' dir='ltr'><strong>tenderet</strong></span> <span class='ocrx_word' id='word_1_194' title='bbox 660 3463 856 3556; x_wconf 90' lang='lat' dir='ltr'><strong>permissum</strong></span> <span class='ocrx_word' id='word_1_195' title='bbox 881 3486 948 3534; x_wconf 93' lang='lat' dir='ltr'><strong>non</strong></span> <span class='ocrx_word' id='word_1_196' title='bbox 976 3464 1092 3544; x_wconf 75' lang='lat' dir='ltr'><strong>luerit3</strong></span> <span class='ocrx_word' id='word_1_197' title='bbox 1126 3487 1167 3533; x_wconf 93' lang='lat' dir='ltr'><strong>ne</strong></span> <span class='ocrx_word' id='word_1_198' title='bbox 1195 3473 1229 3534; x_wconf 91' lang='lat' dir='ltr'><strong>ut</strong></span> <span class='ocrx_word' id='word_1_199' title='bbox 1251 3464 1350 3557; x_wconf 91' lang='lat' dir='ltr'><strong>equi-</strong></span> 
     </span>
     <span class='ocr_line' id='line_1_24' title="bbox 135 3587 1349 3684; baseline 0.002 -26"><span class='ocrx_word' id='word_1_200' title='bbox 135 3599 187 3660; x_wconf 87' lang='lat' dir='ltr'><strong>tes</strong></span> <span class='ocrx_word' id='word_1_201' title='bbox 215 3587 353 3681; x_wconf 88' lang='lat' dir='ltr'><strong>quidem</strong></span> <span class='ocrx_word' id='word_1_202' title='bbox 380 3587 493 3658; x_wconf 87' lang='lat' dir='ltr'><strong>Gallos</strong></span> <span class='ocrx_word' id='word_1_203' title='bbox 519 3610 602 3680; x_wconf 91' lang='lat' dir='ltr'><strong>quos</strong></span> <span class='ocrx_word' id='word_1_204' title='bbox 628 3611 741 3658; x_wconf 87' lang='lat' dir='ltr'><strong>secum</strong></span> <span class='ocrx_word' id='word_1_205' title='bbox 768 3587 951 3659; x_wconf 86' lang='lat' dir='ltr'><strong>adduxerat</strong></span> <span class='ocrx_word' id='word_1_206' title='bbox 982 3589 1202 3680; x_wconf 89' lang='lat' dir='ltr'><strong>relinqueret,</strong></span> <span class='ocrx_word' id='word_1_207' title='bbox 1240 3590 1349 3684; x_wconf 89' lang='lat' dir='ltr'><strong>impe-</strong></span> 
     </span>
     <span class='ocr_line' id='line_1_25' title="bbox 133 3711 1348 3807; baseline 0.003 -25"><span class='ocrx_word' id='word_1_208' title='bbox 133 3713 218 3783; x_wconf 84' lang='grc'>11311</span> <span class='ocrx_word' id='word_1_209' title='bbox 244 3712 287 3782; x_wconf 85' lang='lat' dir='ltr'><strong>ub</strong></span> <span class='ocrx_word' id='word_1_210' title='bbox 313 3731 354 3780; x_wconf 91' lang='lat' dir='ltr'><strong>co</strong></span> <span class='ocrx_word' id='word_1_211' title='bbox 378 3711 540 3803; x_wconf 90' lang='lat' dir='ltr'><strong>potuisse;</strong></span> <span class='ocrx_word' id='word_1_212' title='bbox 567 3713 714 3782; x_wconf 82' lang='lat' dir='ltr'><strong>Attalum</strong></span> <span class='ocrx_word' id='word_1_213' title='bbox 732 3713 865 3782; x_wconf 82' lang='lat' dir='ltr'><strong>fratrem</strong></span> <span class='ocrx_word' id='word_1_214' title='bbox 893 3713 963 3784; x_wconf 90' lang='lat' dir='ltr'><strong>eius</strong></span> <span class='ocrx_word' id='word_1_215' title='bbox 989 3723 1022 3782; x_wconf 91' lang='lat' dir='ltr'><strong>ct</strong></span> <span class='ocrx_word' id='word_1_216' title='bbox 1045 3713 1242 3784; x_wconf 90' lang='lat' dir='ltr'><strong>remansisse</strong></span> <span class='ocrx_word' id='word_1_217' title='bbox 1259 3716 1348 3807; x_wconf 90' lang='lat' dir='ltr'><strong>apud</strong></span> 
     </span>
     <span class='ocr_line' id='line_1_26' title="bbox 133 3835 1347 3932; baseline 0.002 -25"><span class='ocrx_word' id='word_1_218' title='bbox 133 3835 308 3908; x_wconf 90' lang='lat' dir='ltr'><strong>consulem</strong></span> <span class='ocrx_word' id='word_1_219' title='bbox 334 3847 367 3906; x_wconf 92' lang='lat' dir='ltr'><strong>et</strong></span> <span class='ocrx_word' id='word_1_220' title='bbox 390 3837 555 3907; x_wconf 88' lang='lat' dir='ltr'><strong>sinceram</strong></span> <span class='ocrx_word' id='word_1_221' title='bbox 581 3836 651 3906; x_wconf 88' lang='lat' dir='ltr'><strong>eius</strong></span> <span class='ocrx_word' id='word_1_222' title='bbox 677 3836 777 3906; x_wconf 88' lang='lat' dir='ltr'><strong>fidem</strong></span> <span class='ocrx_word' id='word_1_223' title='bbox 803 3837 936 3929; x_wconf 86' lang='lat' dir='ltr'><strong>aequali</strong></span> <span class='ocrx_word' id='word_1_224' title='bbox 968 3848 1081 3906; x_wconf 91' lang='lat' dir='ltr'><strong>tenore</strong></span> <span class='ocrx_word' id='word_1_225' title='bbox 1108 3839 1347 3932; x_wconf 81' lang='lat' dir='ltr'><strong>egregiamque</strong></span> 
     </span>
     <span class='ocr_line' id='line_1_27' title="bbox 132 3961 1348 4056; baseline 0.002 -24"><span class='ocrx_word' id='word_1_226' title='bbox 132 3985 273 4056; x_wconf 88' lang='lat' dir='ltr'><strong>operam</strong></span> <span class='ocrx_word' id='word_1_227' title='bbox 291 3961 325 4030; x_wconf 92' lang='lat' dir='ltr'><strong>in</strong></span> <span class='ocrx_word' id='word_1_228' title='bbox 343 3984 383 4031; x_wconf 90' lang='lat' dir='ltr'><strong>eo</strong></span> <span class='ocrx_word' id='word_1_229' title='bbox 401 3962 491 4032; x_wconf 90' lang='lat' dir='ltr'><strong>bello</strong></span> <span class='ocrx_word' id='word_1_230' title='bbox 508 3963 620 4033; x_wconf 88' lang='lat' dir='ltr'><strong>luisse.</strong></span> <span class='ocrx_word' id='word_1_231' title='bbox 647 3961 828 4043; x_wconf 82' lang='grc'>11313144,</span> <span class='ocrx_word' id='word_1_232' title='bbox 850 3962 906 4046; x_wconf 89' lang='grc'><strong>13,</strong></span> <span class='ocrx_word' id='word_1_233' title='bbox 929 3963 973 4034; x_wconf 83' lang='grc'><strong>12</strong></span> <span class='ocrx_word' id='word_1_234' title='bbox 993 3987 1059 4055; x_wconf 81' lang='lat' dir='ltr'><strong>sqq.</strong></span> <span class='ocrx_word' id='word_1_235' title='bbox 1160 3961 1220 4034; x_wconf 84' lang='lat'><strong>50.</strong></span> <span class='ocrx_word' id='word_1_236' title='bbox 1247 3965 1348 4034; x_wconf 91' lang='lat' dir='ltr'><strong>Sum-</strong></span> 
     </span>
    </p>
   </div>
   <div class='ocr_carea' id='block_1_3' title="bbox 128 4082 1346 4802">
    <p class='ocr_par' dir='ltr' id='par_1_3' title="bbox 128 4082 1346 4802">
     <span class='ocr_line' id='line_1_28' title="bbox 130 4082 1346 4181; baseline 0.002 -25"><span class='ocrx_word' id='word_1_237' title='bbox 130 4109 225 4158; x_wconf 81' lang='lat' dir='ltr'><strong>mam</strong></span> <span class='ocrx_word' id='word_1_238' title='bbox 260 4088 368 4156; x_wconf 89' lang='lat' dir='ltr'><strong>omnis</strong></span> <span class='ocrx_word' id='word_1_239' title='bbox 411 4088 531 4180; x_wconf 88' lang='lat' dir='ltr'><strong>captivi</strong></span> <span class='ocrx_word' id='word_1_240' title='bbox 567 4087 640 4158; x_wconf 92' lang='lat' dir='ltr'><strong>auri</strong></span> <span class='ocrx_word' id='word_1_241' title='bbox 673 4089 870 4180; x_wconf 74' lang='lat' dir='ltr'><strong>argentique</strong></span> <span class='ocrx_word' id='word_1_242' title='bbox 904 4089 1051 4159; x_wconf 88' lang='lat' dir='ltr'><strong>translati</strong></span> <span class='ocrx_word' id='word_1_243' title='bbox 1092 4082 1138 4178; x_wconf 84' lang='lat' dir='ltr'><strong>[iu</strong></span> <span class='ocrx_word' id='word_1_244' title='bbox 1176 4087 1346 4181; x_wconf 90' lang='lat' dir='ltr'><strong>triumpbo</strong></span> 
     </span>
     <span class='ocr_line' id='line_1_29' title="bbox 131 4209 1346 4297; baseline 0.001 -15"><span class='ocrx_word' id='word_1_245' title='bbox 131 4211 270 4282; x_wconf 84' lang='lat' dir='ltr'><strong>Aemilii</strong></span> <span class='ocrx_word' id='word_1_246' title='bbox 294 4209 404 4297; x_wconf 80' lang='lat' dir='ltr'><strong>Pauli]</strong></span> <span class='ocrx_word' id='word_1_247' title='bbox 431 4211 617 4281; x_wconf 88' lang='lat' dir='ltr'><strong>sestertium</strong></span> <span class='ocrx_word' id='word_1_248' title='bbox 644 4211 752 4281; x_wconf 90' lang='lat' dir='ltr'><strong>milies</strong></span> <span class='ocrx_word' id='word_1_249' title='bbox 778 4212 949 4281; x_wconf 87' lang='lat' dir='ltr'><strong>ducenties</strong></span> <span class='ocrx_word' id='word_1_250' title='bbox 975 4213 1075 4283; x_wconf 86' lang='lat' dir='ltr'><strong>fuisse</strong></span> <span class='ocrx_word' id='word_1_251' title='bbox 1097 4213 1248 4282; x_wconf 87' lang='lat' dir='ltr'><strong>Valerius</strong></span> <span class='ocrx_word' id='word_1_252' title='bbox 1273 4214 1346 4283; x_wconf 90' lang='lat' dir='ltr'><strong>An-</strong></span> 
     </span>
     <span class='ocr_line' id='line_1_30' title="bbox 130 4333 1345 4427; baseline 0.005 -25"><span class='ocrx_word' id='word_1_253' title='bbox 130 4335 196 4404; x_wconf 82' lang='lat' dir='ltr'><strong>tias</strong></span> <span class='ocrx_word' id='word_1_254' title='bbox 223 4333 340 4416; x_wconf 89' lang='lat' dir='ltr'><strong>tradit;</strong></span> <span class='ocrx_word' id='word_1_255' title='bbox 373 4357 458 4427; x_wconf 86' lang='lat' dir='ltr'><strong>quae</strong></span> <span class='ocrx_word' id='word_1_256' title='bbox 485 4333 575 4406; x_wconf 91' lang='lat' dir='ltr'><strong>baud</strong></span> <span class='ocrx_word' id='word_1_257' title='bbox 602 4335 703 4405; x_wconf 91' lang='lat' dir='ltr'><strong>dubie</strong></span> <span class='ocrx_word' id='word_1_258' title='bbox 728 4335 836 4406; x_wconf 89' lang='lat' dir='ltr'><strong>maior</strong></span> <span class='ocrx_word' id='word_1_259' title='bbox 860 4335 1032 4426; x_wconf 82' lang='lat' dir='ltr'><strong>aliquanto</strong></span> <span class='ocrx_word' id='word_1_260' title='bbox 1057 4357 1185 4405; x_wconf 88' lang='lat' dir='ltr'><strong>summa</strong></span> <span class='ocrx_word' id='word_1_261' title='bbox 1212 4360 1254 4406; x_wconf 85' lang='lat' dir='ltr'><strong>ex</strong></span> <span class='ocrx_word' id='word_1_262' title='bbox 1280 4361 1345 4408; x_wconf 90' lang='lat' dir='ltr'><strong>nu-</strong></span> 
     </span>
     <span class='ocr_line' id='line_1_31' title="bbox 128 4457 1343 4552; baseline 0.003 -26"><span class='ocrx_word' id='word_1_263' title='bbox 128 4480 226 4526; x_wconf 89' lang='lat' dir='ltr'><strong>mero</strong></span> <span class='ocrx_word' id='word_1_264' title='bbox 252 4457 474 4548; x_wconf 90' lang='lat' dir='ltr'><strong>plaustrorum</strong></span> <span class='ocrx_word' id='word_1_265' title='bbox 507 4457 775 4552; x_wconf 89' lang='lat' dir='ltr'><strong>ponderibusque</strong></span> <span class='ocrx_word' id='word_1_266' title='bbox 809 4458 898 4538; x_wconf 90' lang='lat' dir='ltr'><strong>auri,</strong></span> <span class='ocrx_word' id='word_1_267' title='bbox 933 4458 1063 4551; x_wconf 85' lang='lat' dir='ltr'><strong>argenti</strong></span> <span class='ocrx_word' id='word_1_268' title='bbox 1092 4459 1276 4550; x_wconf 83' lang='lat' dir='ltr'><strong>generatim</strong></span> <span class='ocrx_word' id='word_1_269' title='bbox 1302 4461 1343 4530; x_wconf 91' lang='lat' dir='ltr'><strong>ab</strong></span> 
     </span>
     <span class='ocr_line' id='line_1_32' title="bbox 129 4582 1342 4676; baseline 0.002 -24"><span class='ocrx_word' id='word_1_270' title='bbox 129 4584 204 4676; x_wconf 90' lang='lat' dir='ltr'><strong>ipso</strong></span> <span class='ocrx_word' id='word_1_271' title='bbox 238 4584 368 4676; x_wconf 89' lang='lat' dir='ltr'><strong>scriptis</strong></span> <span class='ocrx_word' id='word_1_272' title='bbox 402 4585 556 4655; x_wconf 85' lang='lat' dir='ltr'><strong>efficitur.</strong></span> <span class='ocrx_word' id='word_1_273' title='bbox 607 4585 719 4655; x_wconf 81' lang='lat' dir='ltr'><strong>Liuius</strong></span> <span class='ocrx_word' id='word_1_274' title='bbox 746 4583 805 4664; x_wconf 85' lang='lat'><strong>45,</strong></span> <span class='ocrx_word' id='word_1_275' title='bbox 837 4582 896 4666; x_wconf 91' lang='grc'><strong>40,</strong></span> <span class='ocrx_word' id='word_1_276' title='bbox 928 4582 959 4656; x_wconf 96' lang='grc'><strong>1.</strong></span> <span class='ocrx_word' id='word_1_277' title='bbox 1061 4585 1120 4654; x_wconf 89' lang='grc'><strong>51.</strong></span> <span class='ocrx_word' id='word_1_278' title='bbox 1151 4585 1342 4654; x_wconf 86' lang='lat' dir='ltr'><strong>Sestertium</strong></span> 
     </span>
     <span class='ocr_line' id='line_1_33' title="bbox 128 4703 1341 4802; baseline 0 -24"><span class='ocrx_word' id='word_1_279' title='bbox 128 4707 303 4778; x_wconf 87' lang='lat' dir='ltr'><strong>ducenties</strong></span> <span class='ocrx_word' id='word_1_280' title='bbox 332 4731 374 4776; x_wconf 84' lang='lat' dir='ltr'><strong>ex</strong></span> <span class='ocrx_word' id='word_1_281' title='bbox 405 4731 444 4778; x_wconf 88' lang='lat' dir='ltr'><strong>ea</strong></span> <span class='ocrx_word' id='word_1_282' title='bbox 479 4708 600 4801; x_wconf 89' lang='lat' dir='ltr'><strong>praeda</strong></span> <span class='ocrx_word' id='word_1_283' title='bbox 636 4703 686 4792; x_wconf 92' lang='lat' dir='ltr'><strong>[in</strong></span> <span class='ocrx_word' id='word_1_284' title='bbox 713 4708 882 4802; x_wconf 88' lang='lat' dir='ltr'><strong>triumpho</strong></span> <span class='ocrx_word' id='word_1_285' title='bbox 909 4708 1037 4795; x_wconf 91' lang='lat' dir='ltr'><strong>Anicii]</strong></span> <span class='ocrx_word' id='word_1_286' title='bbox 1073 4709 1242 4780; x_wconf 89' lang='lat' dir='ltr'><strong>redactum</strong></span> <span class='ocrx_word' id='word_1_287' title='bbox 1269 4731 1341 4779; x_wconf 88' lang='lat' dir='ltr'><strong>esse</strong></span> 
     </span>
    </p>
   </div>
   <div class='ocr_carea' id='block_1_4' title="bbox 0 0 1768 5604">
    <p class='ocr_par' dir='ltr' id='par_1_4' title="bbox 0 0 1768 5604">
     <span class='ocr_line' id='line_1_34' title="bbox 0 0 1768 5604; baseline 0 9"><span class='ocrx_word' id='word_1_288' title='bbox 0 0 1768 5604; x_wconf 95' lang='lat' dir='ltr'><strong> </strong></span> 
     </span>
    </p>
   </div>
  </div>
 </body>
</html>
