3702 5600
412 652 483 720 516

410 852 491 910 doeio
511 849 680 908 decreverat
707 847 777 906 l'ur.
801 849 874 905 iuro
900 851 1018 906 semotim
1038 845 1128 922 poem
1152 845 1322 906 decreuerat
1347 845 1412 905 liin.
1442 845 1620 906 deteriores

411 957 482 1018 libri
509 955 679 1030 Numidiam,
708 953 844 1013 nonnulli
870 953 952 1012 Nom.
970 957 1149 1027 prouinciam
1171 953 1295 1014 addunt.
1322 953 1483 1012 Numidiam
1504 953 1620 1012 Metelle

409 1064 481 1124 Bas.
511 1067 538 1128 b.
567 1062 671 1121 babet.
715 1060 773 1120 Sed
801 1059 889 1135 poulo
929 1065 995 1118 unte
1025 1060 1166 1120 Metellum
1201 1061 1372 1120 decreuerat
1394 1060 1478 1120 Rem.
1510 1065 1536 1119 1.
1566 1059 1622 1118 red

405 1171 496 1247 patilo
517 1171 686 1228 decreuerat
697 1165 769 1226 Nau.
786 1183 823 1225 m.
837 1184 883 1243 pr.
904 1169 1026 1226 Senatus
1047 1167 1128 1225 decio
1147 1184 1228 1241 proc.
1248 1165 1393 1226 Commel.
1429 1166 1516 1224 Unde
1530 1171 1618 1226 reete

409 1277 565 1352 colligitur
588 1276 667 1335 bunc
691 1276 792 1335 locum
822 1275 851 1332 in
873 1261 1046 1354 ἆρχετύπῳ
1071 1290 1208 1332 mancum
1229 1272 1328 1332 fuisse
1350 1273 1552 1347 laceramque
1578 1273 1618 1331 ab

409 1382 482 1442 aliis
502 1381 639 1440 librariis
661 1380 753 1440 aliter
773 1380 873 1440 luisse
895 1379 1056 1455 expletam.
1088 1377 1128 1438 Et
1148 1379 1276 1455 primum
1299 1379 1420 1453 quidem
1438 1381 1619 1453 preconcimt

409 1488 648 1548 additamentum
672 1487 793 1546 librarii
816 1503 886 1546 esse
912 1503 1001 1545 nemo
1027 1502 1088 1545 non
1114 1486 1270 1562 intelligit,
1295 1485 1388 1569 etiam
1408 1485 1460 1544 aed
1479 1484 1618 1544 tortasse

408 1597 448 1655 ab
469 1596 571 1654 aliena
591 1611 679 1653 manu
699 1594 896 1670 adscriptum,
921 1592 974 1652 vel
995 1592 1067 1652 inde
1088 1596 1196 1666 ortum,
1218 1593 1302 1669 quod
1318 1593 1416 1668 prima
1438 1591 1540 1652 littera
1562 1609 1618 1652 se-

410 1701 533 1777 quentis
562 1700 707 1762 vocabuli
732 1699 782 1759 bis
812 1699 1013 1774 scribebatur,
1044 1702 1076 1758 et
1096 1700 1135 1759 ab
1165 1700 1215 1758 bis
1244 1699 1354 1776 cupide
1379 1703 1536 1775 arreptum
1558 1701 1617 1774 est,

409 1809 462 1884 qni
482 1809 650 1869 iuncturam
673 1807 821 1866 orationis
852 1807 897 1866 sie
920 1806 1091 1865 molliorem
1114 1806 1182 1866 lieri
1203 1807 1387 1866 statuebant.
1428 1804 1501 1865 Cum
1527 1805 1618 1880 puolo

408 1933 465 1993 pro
488 1915 593 1975 dativo
615 1914 793 1988 baberetur,
820 1929 879 1972 non
902 1912 999 1972 solum
1028 1919 1094 1971 ome
1116 1914 1260 1973 omissum
1283 1919 1339 1989 est,
1361 1915 1416 1973 sed
1439 1913 1530 1972 etiam
1552 1913 1619 1970 lle·

409 2023 484 2099 telio,
509 2022 591 2097 quod
611 2022 747 2081 fortasse
776 2037 833 2079 una
855 2021 961 2079 littera
983 2020 1128 2096 scriptum
1151 2020 1317 2096 sacratui
1344 2020 1510 2096 aliquoties
1531 2019 1566 2078 lit
1587 2019 1619 2077 in

409 2127 580 2188 nominibus
602 2126 714 2203 saepius
735 2125 884 2202 repetitis.
923 2124 986 2184 lam
1009 2142 1075 2184 oum
1096 2127 1291 2186 aecusativus
1316 2126 1427 2186 deesse
1448 2125 1618 2200 videretur,

409 2235 464 2294 alii
484 2233 645 2294 Numidiam
670 2232 725 2291 alii
745 2233 886 2292 Metellum
915 2232 1119 2308 scripserunt3
1145 2233 1202 2292 sod
1227 2233 1390 2292 Nutmdiom
1415 2232 1531 2292 addere
1557 2250 1619 2293 non

410 2359 486 2419 opus
516 2341 583 2417 luit,
612 2341 724 2418 quippe
751 2342 834 2416 quod
861 2358 900 2400 ex
927 2341 1180 2401 antecedentibus
1207 2340 1300 2400 facile
1326 2342 1464 2419 suppleri
1484 2346 1618 2418 poterat

491 2467 516 2508 c.
533 2450 579 2508 il.
602 2466 695 2508 comitr
709 2451 892 2526 incertisque
905 2447 976 2506 Bas.
993 2446 1059 2506 Ein.
1071 2447 1140 2507 Par.
1153 2448 1181 2507 b.
1194 2449 1304 2508 mendo
1321 2450 1495 2525 scriptum
1517 2452 1620 2508 camos

409 2555 479 2616 Par.
493 2575 520 2616 z.
534 2557 602 2614 l'ur.
618 2571 655 2616 m.
672 2573 716 2632 pr.
739 2553 846 2633 (oopus
861 2573 897 2614 m.
914 2554 991 2625 sec.)
1007 2559 1157 2632 quicquum
1171 2559 1296 2614 ommium
1313 2553 1381 2613 Par.
1399 2573 1426 2630 z,
1440 2573 1508 2630 quae
1523 2555 1618 2615 lectio

410 2662 501 2722 alteri
522 2662 665 2722 bornicum
685 2661 820 2722 tortasse
841 2661 1036 2739 praelerenda
1058 2665 1115 2721 est.
1136 2663 1225 2720 ceteri
1245 2665 1309 2720 eiua
1322 2655 1429 2720 'ommes
1444 2662 1553 2721 milites.
1576 2663 1619 2721 ita

410 2769 519 2846 optimi
539 2769 620 2844 libri,
646 2768 702 2829 sed
725 2769 795 2844 quia
816 2787 914 2828 ommes
936 2769 967 2828 in
995 2769 1150 2830 nonnullis
1170 2769 1260 2828 libris
1282 2772 1355 2846 post
1374 2773 1471 2842 ceteri,
1496 2770 1526 2828 in
1548 2767 1619 2828 aliis

411 2879 483 2953 post
510 2879 573 2934 mos
599 2875 745 2952 seriptum
773 2877 830 2952 est,
864 2875 923 2935 boc
950 2875 1098 2951 quendam
1128 2875 1328 2953 interpretem
1362 2876 1489 2954 impulit,
1526 2878 1558 2934 ut
1586 2875 1619 2934 id

410 2983 592 3043 vocabulum
612 2982 748 3041 eliceret.
784 2981 896 3042 lisdem
926 2982 1098 3042 rationibus
1120 3000 1203 3057 usus,
1232 2987 1265 3042 et
1290 2983 1445 3059 pessimos
1465 2982 1563 3041 libros
1586 2983 1619 3040 in

410 3090 556 3148 auxilium
578 3105 702 3166 vocans,
727 3088 819 3149 lacile
839 3089 952 3164 aliquis
974 3093 1069 3148 totam
1090 3089 1216 3149 Salustii
1232 3091 1403 3150 orationem
1420 3091 1618 3168 perverterit

410 3194 476 3255 lloc
496 3195 619 3270 quidem
633 3211 691 3271 pro
710 3199 796 3254 certo
817 3195 890 3271 poni
915 3210 1009 3270 posse
1024 3195 1154 3269 videtur,
1176 3195 1256 3254 bunc
1273 3194 1373 3254 locum
1398 3195 1429 3254 in
1447 3193 1546 3253 altera
1563 3193 1620 3253 illa

411 3300 550 3360 codicum
579 3299 696 3359 lamilia
727 3301 825 3359 minus
855 3300 953 3359 luisse
974 3305 1146 3376 corruptum
1174 3317 1261 3376 quam
1288 3300 1317 3359 in
1344 3300 1382 3358 iis
1411 3299 1510 3374 libris,
1540 3316 1618 3374 quos

411 3415 516 3466 veram
536 3405 663 3466 Salustii
679 3423 797 3466 manum
813 3409 1008 3483 expressisse
1024 3411 1110 3466 reete
1123 3407 1293 3466 statuimus.
1315 3413 1343 3464 et
1356 3423 1504 3466 amonim
1517 3413 1545 3464 el
1558 3406 1619 3465 cli·

411 3518 517 3591 qmomle
528 3530 647 3572 numero
661 3513 783 3572 bostium
795 3531 823 3587 p.
838 3512 909 3572 Bas.
931 3512 1000 3572 Par.
1015 3513 1044 3572 b.
1059 3530 1084 3573 o.
1094 3533 1122 3572 x.
1132 3513 1282 3590 particula
1298 3521 1326 3572 et
1339 3515 1455 3572 incuria
1468 3513 1619 3574 librario·

411 3639 478 3680 rum
489 3620 686 3697 transposita.
701 3619 824 3678 numidia
838 3619 895 3696 spl.
908 3617 944 3678 ol.
961 3637 996 3680 uo
1009 3617 1078 3678 Bas.
1102 3620 1231 3679 Numidis
1249 3621 1340 3679 etiam
1355 3620 1424 3680 Par.
1442 3637 1466 3680 c.
1478 3639 1505 3681 z.
1519 3625 1618 3681 immi-

412 3727 466 3787 due
487 3727 552 3786 liin.
574 3733 664 3787 intutu
684 3727 754 3787 Bas.
776 3727 860 3787 Leid.
883 3728 951 3786 l'ur.
972 3734 1032 3787 bito
1053 3735 1121 3787 sumt
1139 3728 1207 3788 Par.
1230 3730 1257 3787 b.
1274 3749 1301 3789 z.
1323 3729 1379 3789 sed
1401 3731 1429 3788 in
1454 3731 1472 3789 b
1494 3731 1552 3807 spl.
1575 3730 1622 3790 uel

412 3838 494 3894 mtoti
514 3840 546 3893 et
568 3835 596 3892 in
618 3853 636 3892 z
657 3835 686 3893 in
713 3835 864 3910 margine:
890 3835 1023 3910 syllepsis
1040 3851 1096 3910 per
1114 3851 1225 3910 pomero
1244 3841 1321 3894 tutor
1337 3837 1386 3894 lili
1407 3870 1447 3880 -
1467 3843 1619 3896 tuloeon-

413 3942 511 4001 llrmat
542 3939 608 3999 Ein.
660 3939 745 3999 Unde
770 3940 962 4017 intelligitur,
993 3941 1044 4000 vel
1065 3941 1126 4001 boc
1149 3941 1220 4001 loco
1247 3943 1407 4019 scripturae
1436 3942 1619 4019 discrepan-

413 4049 485 4107 tiam
507 4048 566 4106 iam
588 4047 617 4104 in
639 4048 861 4121 antiquissimis
887 4047 976 4107 libris
998 4047 1103 4107 luisse.
1135 4054 1168 4107 et
1188 4047 1318 4108 Numidia
1339 4049 1460 4124 quidem
1486 4066 1546 4108 non
1569 4051 1621 4107 in·

413 4157 537 4213 ventum
558 4152 753 4212 librariorum
777 4171 857 4226 esse,
887 4154 1024 4213 rodiam
1051 4155 1124 4214 olim
1150 4156 1180 4214 in
1205 4154 1295 4215 libris
1319 4155 1416 4216 luisse
1437 4173 1621 4232 expressum

414 4259 505 4319 docet
533 4265 604 4318 nota
632 4259 707 4322 libri
740 4260 874 4318 Parisini
899 4278 924 4317 z.
948 4263 980 4318 et
999 4260 1070 4320 Bas.
1093 4279 1129 4319 m.
1153 4265 1178 4320 t.
1204 4262 1260 4321 sed
1292 4263 1375 4338 quod
1397 4263 1433 4323 oi.
1456 4280 1490 4322 oe
1520 4263 1550 4322 in
1580 4279 1619 4323 eo

414 4366 654 4444 superscriptum
677 4369 733 4439 est,
756 4367 846 4425 etiam
869 4366 958 4425 buius
981 4367 1123 4427 lectionis
1146 4369 1222 4429 satis
1244 4386 1352 4444 magna
1374 4370 1543 4430 auctoritas
1560 4374 1620 4430 est.

414 4473 560 4533 Accessit
584 4473 665 4549 quod
691 4473 763 4532 libri
792 4474 873 4532 inter
901 4476 989 4547 minti,
1019 4480 1117 4550 micio,
1143 4481 1202 4534 tuto
1230 4477 1402 4536 variabant.
1445 4475 1507 4536 lam
1531 4480 1621 4537 acturi

414 4579 454 4638 ab
480 4579 616 4640 Salustio
647 4581 758 4657 saepius
788 4585 965 4657 usurpatum
995 4561 1109 4657 tuisse,
1136 4584 1213 4641 satis
1239 4589 1370 4643 constat.
1396 4583 1451 4643 cir.
1478 4583 1541 4661 lug.
1572 4585 1619 4642 52.

415 4687 463 4744 85.
479 4688 547 4746 103.
580 4691 613 4746 et
633 4663 701 4763 ipsa
722 4685 777 4746 illa
799 4688 871 4744 nota
892 4686 961 4745 Par.
983 4705 1009 4745 a.
1032 4693 1109 4746 tutor
1129 4687 1276 4748 delendit
1306 4689 1389 4765 quod
1410 4689 1537 4750 verbum
1552 4706 1619 4748 eum
