3610 5592
486 631 532 700 36

486 841 646 924 quantum
671 841 728 900 aut
752 853 854 924 qnam
879 830 1093 922 magnificum
1127 829 1301 922 imperium
1327 831 1440 924 populi
1466 829 1604 901 Romani
1626 831 1677 911 sit,

487 954 543 1023 sed
579 953 663 1034 baec,
707 954 944 1048 cuiuscumque
970 955 1060 1024 modi
1091 953 1257 1036 videntur,
1296 963 1405 1024 nostra
1438 975 1481 1024 an
1520 954 1680 1024 nobiscum

487 1100 553 1148 nna
579 1077 722 1148 bostium
747 1079 855 1149 lutura
880 1079 955 1148 sint.
1007 1079 1071 1149 llic
1096 1077 1179 1148 mihi
1205 1079 1380 1172 quisquam
1406 1079 1680 1149 mansuetudinem

487 1214 519 1272 et
545 1201 805 1272 misericordiam
824 1201 982 1272 nominat.
1016 1205 1086 1272 lam
1103 1201 1232 1294 pridem
1251 1202 1403 1296 equidem
1421 1226 1480 1273 nos
1496 1227 1573 1274 vera
1589 1227 1682 1273 voca-

487 1327 566 1398 bula
591 1349 703 1396 rerum
721 1326 905 1409 amisimus,
924 1327 1002 1420 quia
1015 1327 1101 1396 bona
1114 1327 1222 1396 aliena
1237 1327 1353 1418 largiri
1365 1327 1560 1408 liberalitas,
1585 1329 1685 1397 mala-

487 1472 691 1522 cumrerum
709 1449 848 1520 audacia
860 1450 1016 1521 fortitudo
1033 1460 1188 1531 vocatum
1215 1473 1323 1521 eones
1346 1451 1478 1545 publica
1496 1450 1530 1520 in
1544 1461 1684 1521 extremo

488 1576 549 1646 sita
576 1586 634 1644 est.
687 1576 759 1645 Sint
784 1586 882 1656 sane,
909 1575 1066 1668 quoniam
1093 1575 1138 1646 ita
1169 1598 1338 1646 semones
1363 1575 1505 1657 babent,
1539 1576 1686 1647 liberales

488 1724 530 1769 en
556 1701 722 1770 sociorum
748 1699 904 1780 fortunis,
936 1699 1002 1768 sint
1025 1699 1254 1770 misericordes
1280 1700 1314 1769 in
1340 1699 1466 1770 iuribus
1492 1699 1614 1782 aerarii,
1648 1724 1688 1770 ne

488 1825 537 1894 illi
563 1825 761 1915 sanguinem
795 1835 941 1893 nostrum
967 1824 1151 1916 largiantur
1184 1835 1231 1906 et,
1266 1824 1346 1895 dum
1379 1825 1493 1916 paucis
1526 1825 1689 1894 sceleratis

489 1959 645 2041 parcunt,
671 1947 774 2017 bonos
799 1971 914 2018 omnes
942 1946 1104 2041 perditum
1131 1959 1218 2018 eant.
1270 1950 1361 2019 Rene
1387 1961 1419 2018 ct
1446 1949 1626 2042 composite
1650 1951 1690 2019 G.

489 2074 600 2144 Cesar
624 2074 725 2167 paulo
751 2083 825 2144 ante
860 2074 894 2144 in
928 2072 991 2143 boc
1026 2073 1142 2143 ordine
1171 2073 1212 2143 de
1244 2073 1310 2144 vita
1335 2083 1367 2142 et
1398 2084 1504 2143 morte
1530 2073 1690 2154 disseruit,

490 2199 589 2268 credo
614 2199 696 2268 lalsa
715 2197 914 2269 existumans
940 2220 993 2278 ea,
1020 2219 1094 2290 quae
1108 2197 1148 2266 de
1166 2196 1280 2267 inieris
1298 2207 1537 2267 memorantur:
1564 2197 1693 2268 divorso

490 2324 607 2393 itinere
633 2323 738 2393 malos
771 2321 911 2392 abonis
936 2322 1008 2390 loca
1034 2331 1135 2404 tetra,
1168 2321 1307 2402 inculta,
1344 2319 1432 2390 sceda
1457 2331 1554 2414 atque
1579 2322 1694 2390 lormi-

490 2448 604 2518 dolosa
637 2445 771 2516 babere.
823 2445 938 2539 ltaque
970 2443 1097 2515 censuit
1129 2444 1286 2537 pecunias
1317 2466 1433 2514 eorum
1468 2444 1694 2537 publicandas,

490 2572 576 2664 ipsos
609 2593 671 2663 per
699 2568 880 2663 municipia
906 2569 940 2638 in
966 2567 1121 2638 custodiis
1157 2566 1345 2649 babend0s3
1380 2568 1535 2638 videlicet
1565 2570 1695 2648 timens,

490 2718 548 2778 ne,
573 2694 600 2762 si
626 2695 738 2764 llomae
756 2693 838 2774 sint,
865 2702 921 2764 aut
945 2690 1196 2785 apopularibus
1222 2688 1457 2761 coniurationis
1482 2705 1583 2764 anta
1608 2695 1697 2765 mul-

491 2819 628 2890 titudine
654 2817 815 2888 conducta
840 2841 900 2910 per
925 2818 991 2888 vim
1018 2815 1208 2908 eripiantur.
1260 2814 1363 2898 Quasi
1388 2837 1466 2884 vero
1491 2817 1572 2889 mali
1597 2831 1697 2912 atque

491 2942 622 3016 scelesti
649 2940 874 3012 tantummodo
909 2941 941 3010 in
973 2939 1056 3010 urbe
1089 2951 1121 3008 et
1149 2961 1215 3009 non
1249 2962 1309 3031 per
1342 2949 1441 3009 totam
1467 2941 1595 3011 ltaliam
1621 2943 1699 3024 sint,

492 3080 549 3140 aut
579 3090 646 3138 non
679 3067 725 3136 ibi
750 3066 822 3158 plus
854 3065 956 3157 possit
986 3062 1139 3146 audacia,
1175 3063 1232 3134 ubi
1266 3063 1308 3134 ad
1342 3063 1587 3136 defendendum
1618 3089 1700 3160 opes

493 3194 648 3264 minores,
700 3190 812 3274 Quare
837 3211 961 3259 vanum
987 3187 1141 3282 equidem
1167 3185 1231 3256 hoc
1257 3187 1430 3259 consilium
1457 3200 1524 3270 est,
1553 3189 1581 3258 si
1607 3190 1703 3281 peri-

493 3320 605 3388 culum
631 3339 674 3385 ex
700 3313 767 3384 illis
792 3311 928 3392 metuit;
963 3311 990 3380 si
1023 3311 1057 3380 in
1087 3320 1176 3380 tanto
1206 3310 1357 3380 omnium
1391 3323 1482 3382 metu
1509 3313 1599 3382 solus
1633 3337 1702 3384 uon

493 3442 601 3524 timet,
635 3462 674 3510 eo
700 3438 806 3529 magis
830 3437 932 3506 refert
964 3458 1017 3505 me
1048 3433 1131 3504 mibi
1164 3444 1263 3526 atque
1288 3433 1380 3504 vobis
1405 3435 1532 3506 timere.
1585 3437 1704 3519 Quare

494 3587 570 3635 cum
602 3563 644 3634 de
673 3564 709 3633 P.
743 3561 885 3631 Lentulo
918 3559 1102 3651 ceterisque
1134 3557 1293 3639 statuetis,
1326 3581 1386 3651 pro
1412 3569 1500 3629 certo
1533 3559 1704 3643 habetote,

494 3711 552 3758 vos
577 3687 677 3758 simul
694 3685 734 3755 de
752 3683 900 3754 exercitu
914 3681 1064 3753 Catilinas
1090 3692 1122 3750 et
1147 3680 1188 3750 de
1207 3681 1359 3753 omuibus
1378 3683 1556 3753 coniuratis
1581 3683 1706 3756 decer-

494 3835 585 3883 nere.
636 3810 768 3892 Quanto
794 3829 851 3878 vos
876 3805 1031 3876 attentius
1057 3829 1097 3877 ea
1122 3806 1241 3898 agetis,
1276 3816 1365 3876 tanto
1399 3807 1465 3877 illis
1490 3808 1620 3880 animus
1649 3811 1708 3915 in-

495 3934 621 4005 tirmior
654 3933 729 4013 crit;
763 3930 791 4000 si
825 3930 997 4023 paululum
1028 3929 1127 3999 modo
1160 3952 1216 4000 vos
1250 3930 1409 4021 languere
1434 3931 1595 4018 viderint,
1635 3935 1708 4004 iam

495 4080 609 4128 omnes
635 4057 760 4126 seroces
793 4053 944 4124 aderunt.
995 4053 1103 4124 Nolite
1138 4053 1355 4136 existumare,
1391 4055 1534 4126 maiores
1571 4068 1710 4128 nostros

495 4181 596 4252 armis
629 4203 701 4251 rem
734 4178 900 4273 publicam
936 4200 978 4245 ex
1002 4200 1104 4269 parva
1133 4199 1288 4270 magnam
1325 4179 1449 4249 iecisse.
1501 4183 1535 4252 Si
1568 4183 1614 4252 ita
1651 4207 1710 4253 res

495 4315 596 4386 esset,
623 4304 727 4374 multo
751 4300 1020 4394 pulcherrumam
1038 4325 1112 4370 eam
1137 4325 1197 4372 nos
1222 4302 1438 4386 haberemus;
1464 4305 1586 4400 quippe
1613 4309 1712 4378 soci-

495 4453 590 4501 omm
616 4441 715 4522 atque
740 4426 880 4508 civium,
905 4435 1068 4518 praeterea
1085 4447 1255 4497 armorum
1281 4437 1380 4521 atque
1407 4451 1568 4523 equorum
1594 4433 1713 4502 maior

496 4555 591 4648 copia
616 4553 711 4623 nobis
736 4573 836 4644 mam
854 4549 919 4620 illis
943 4559 1001 4618 est.
1040 4550 1105 4620 Sed
1130 4550 1197 4620 alia
1222 4550 1335 4633 luere,
1361 4575 1435 4646 quae
1460 4553 1534 4623 illos
1560 4577 1714 4646 magnos

496 4681 619 4761 locere,
660 4697 734 4768 quae
759 4673 855 4745 nobis
884 4671 978 4744 nulla
1012 4683 1100 4745 sunt:
1139 4673 1229 4744 domi
1255 4673 1431 4760 industrio,
1471 4677 1551 4747 loris
1578 4679 1712 4751 iustum
