<?xml version="1.0" encoding="UTF-8"?>
<!DOCTYPE html PUBLIC "-//W3C//DTD XHTML 1.0 Transitional//EN"
    "http://www.w3.org/TR/xhtml1/DTD/xhtml1-transitional.dtd">
<html xmlns="http://www.w3.org/1999/xhtml" xml:lang="en" lang="en">
 <head>
  <title>
</title>
<meta http-equiv="Content-Type" content="text/html;charset=utf-8" />
  <meta name='ocr-system' content='tesseract 3.04.00' />
  <meta name='ocr-capabilities' content='ocr_page ocr_carea ocr_par ocr_line ocrx_word'/>
</head>
<body>
  <div class='ocr_page' id='page_1' title='image "./gaisalustiicris00rothgoog_0318.png"; bbox 0 0 3526 5604; ppageno 0'>
   <div class='ocr_carea' id='block_1_1' title="bbox 1277 580 1344 648">
    <p class='ocr_par' dir='ltr' id='par_1_1' title="bbox 1277 580 1344 648">
     <span class='ocr_line' id='line_1_1' title="bbox 1277 580 1344 648; baseline -0.03 0"><span class='ocrx_word' id='word_1_1' title='bbox 1277 580 1344 648; x_wconf 76' lang='lat'><strong>281</strong></span> 
     </span>
    </p>
   </div>
   <div class='ocr_carea' id='block_1_2' title="bbox 150 778 1355 3736">
    <p class='ocr_par' dir='ltr' id='par_1_2' title="bbox 150 778 1355 3736">
     <span class='ocr_line' id='line_1_2' title="bbox 153 778 1352 872; baseline -0.002 -24"><span class='ocrx_word' id='word_1_2' title='bbox 153 778 270 848; x_wconf 80' lang='lat' dir='ltr'><strong>milites</strong></span> <span class='ocrx_word' id='word_1_3' title='bbox 294 779 550 872; x_wconf 87' lang='lat' dir='ltr'><strong>quadringentos</strong></span> <span class='ocrx_word' id='word_1_4' title='bbox 575 779 616 849; x_wconf 90' lang='lat' dir='ltr'><strong>ad</strong></span> <span class='ocrx_word' id='word_1_5' title='bbox 642 801 718 849; x_wconf 90' lang='lat' dir='ltr'><strong>cum</strong></span> <span class='ocrx_word' id='word_1_6' title='bbox 745 781 853 850; x_wconf 88' lang='lat' dir='ltr'><strong>locum</strong></span> <span class='ocrx_word' id='word_1_7' title='bbox 879 781 914 848; x_wconf 92' lang='lat' dir='ltr'><strong>in</strong></span> <span class='ocrx_word' id='word_1_8' title='bbox 945 779 1084 850; x_wconf 89' lang='lat' dir='ltr'><strong>hostium</strong></span> <span class='ocrx_word' id='word_1_9' title='bbox 1112 801 1233 849; x_wconf 88' lang='lat' dir='ltr'><strong>cuneos</strong></span> <span class='ocrx_word' id='word_1_10' title='bbox 1258 778 1352 871; x_wconf 83' lang='lat' dir='ltr'><strong>quis-</strong></span> 
     </span>
     <span class='ocr_line' id='line_1_3' title="bbox 152 902 1351 997; baseline 0.001 -26"><span class='ocrx_word' id='word_1_11' title='bbox 152 925 228 971; x_wconf 90' lang='lat' dir='ltr'><strong>nam</strong></span> <span class='ocrx_word' id='word_1_12' title='bbox 254 902 319 973; x_wconf 87' lang='lat' dir='ltr'><strong>crit</strong></span> <span class='ocrx_word' id='word_1_13' title='bbox 343 903 401 995; x_wconf 89' lang='lat' dir='ltr'><strong>qni</strong></span> <span class='ocrx_word' id='word_1_14' title='bbox 428 902 547 972; x_wconf 84' lang='lat' dir='ltr'><strong>ducatl</strong></span> <span class='ocrx_word' id='word_1_15' title='bbox 582 904 616 972; x_wconf 92' lang='lat' dir='ltr'><strong>Si</strong></span> <span class='ocrx_word' id='word_1_16' title='bbox 642 903 757 984; x_wconf 85' lang='lat' dir='ltr'><strong>alium,</strong></span> <span class='ocrx_word' id='word_1_17' title='bbox 783 903 890 997; x_wconf 90' lang='lat' dir='ltr'><strong>inquit</strong></span> <span class='ocrx_word' id='word_1_18' title='bbox 915 903 1076 986; x_wconf 84' lang='lat' dir='ltr'><strong>tribunus,</strong></span> <span class='ocrx_word' id='word_1_19' title='bbox 1103 905 1270 972; x_wconf 89' lang='lat' dir='ltr'><strong>neminem</strong></span> <span class='ocrx_word' id='word_1_20' title='bbox 1295 927 1351 972; x_wconf 96' lang='lat' dir='ltr'><strong>re-</strong></span> 
     </span>
     <span class='ocr_line' id='line_1_4' title="bbox 150 1024 1351 1118; baseline -0.002 -22"><span class='ocrx_word' id='word_1_21' title='bbox 150 1027 250 1118; x_wconf 85' lang='lat' dir='ltr'><strong>peris,</strong></span> <span class='ocrx_word' id='word_1_22' title='bbox 276 1049 330 1094; x_wconf 87' lang='lat' dir='ltr'><strong>me</strong></span> <span class='ocrx_word' id='word_1_23' title='bbox 356 1026 434 1095; x_wconf 85' lang='lat' dir='ltr'><strong>licet</strong></span> <span class='ocrx_word' id='word_1_24' title='bbox 458 1025 499 1096; x_wconf 89' lang='lat' dir='ltr'><strong>ad</strong></span> <span class='ocrx_word' id='word_1_25' title='bbox 525 1024 589 1095; x_wconf 91' lang='lat' dir='ltr'><strong>hoe</strong></span> <span class='ocrx_word' id='word_1_26' title='bbox 614 1025 799 1118; x_wconf 90' lang='lat' dir='ltr'><strong>periculum</strong></span> <span class='ocrx_word' id='word_1_27' title='bbox 825 1035 929 1107; x_wconf 86' lang='lat' dir='ltr'><strong>utare,</strong></span> <span class='ocrx_word' id='word_1_28' title='bbox 960 1048 1024 1118; x_wconf 90' lang='lat' dir='ltr'><strong>ego</strong></span> <span class='ocrx_word' id='word_1_29' title='bbox 1049 1025 1135 1095; x_wconf 91' lang='lat' dir='ltr'><strong>banc</strong></span> <span class='ocrx_word' id='word_1_30' title='bbox 1160 1025 1218 1095; x_wconf 90' lang='lat' dir='ltr'><strong>tibi</strong></span> <span class='ocrx_word' id='word_1_31' title='bbox 1244 1037 1277 1096; x_wconf 95' lang='lat' dir='ltr'><strong>et</strong></span> <span class='ocrx_word' id='word_1_32' title='bbox 1301 1026 1351 1096; x_wconf 90' lang='lat' dir='ltr'><strong>rei</strong></span> 
     </span>
     <span class='ocr_line' id='line_1_5' title="bbox 150 1149 1350 1242; baseline 0 -24"><span class='ocrx_word' id='word_1_33' title='bbox 150 1149 304 1241; x_wconf 91' lang='lat' dir='ltr'><strong>publicae</strong></span> <span class='ocrx_word' id='word_1_34' title='bbox 329 1149 474 1220; x_wconf 91' lang='lat' dir='ltr'><strong>animam</strong></span> <span class='ocrx_word' id='word_1_35' title='bbox 500 1149 553 1220; x_wconf 93' lang='lat' dir='ltr'><strong>do.</strong></span> <span class='ocrx_word' id='word_1_36' title='bbox 597 1150 721 1222; x_wconf 89' lang='lat' dir='ltr'><strong>Consul</strong></span> <span class='ocrx_word' id='word_1_37' title='bbox 756 1150 887 1222; x_wconf 89' lang='lat' dir='ltr'><strong>tribuno</strong></span> <span class='ocrx_word' id='word_1_38' title='bbox 903 1152 1038 1242; x_wconf 80' lang='lat' dir='ltr'><strong>gratias</strong></span> <span class='ocrx_word' id='word_1_39' title='bbox 1064 1151 1244 1242; x_wconf 81' lang='lat' dir='ltr'><strong>laudesque</strong></span> <span class='ocrx_word' id='word_1_40' title='bbox 1271 1151 1350 1240; x_wconf 88' lang='lat' dir='ltr'><strong>agit.</strong></span> 
     </span>
     <span class='ocr_line' id='line_1_6' title="bbox 151 1275 1351 1369; baseline 0 -25"><span class='ocrx_word' id='word_1_41' title='bbox 151 1275 318 1346; x_wconf 81' lang='lat' dir='ltr'>Tribunus</span> <span class='ocrx_word' id='word_1_42' title='bbox 335 1287 367 1344; x_wconf 89' lang='lat' dir='ltr'><strong>ct</strong></span> <span class='ocrx_word' id='word_1_43' title='bbox 385 1275 620 1368; x_wconf 73' lang='lat' dir='ltr'><strong>quadringenti</strong></span> <span class='ocrx_word' id='word_1_44' title='bbox 641 1277 682 1346; x_wconf 89' lang='lat' dir='ltr'><strong>ad</strong></span> <span class='ocrx_word' id='word_1_45' title='bbox 699 1277 908 1348; x_wconf 90' lang='lat' dir='ltr'><strong>moriendum</strong></span> <span class='ocrx_word' id='word_1_46' title='bbox 927 1277 1189 1369; x_wconf 87' lang='lat' dir='ltr'><strong>proficiscuntur.</strong></span> <span class='ocrx_word' id='word_1_47' title='bbox 1233 1277 1351 1345; x_wconf 78' lang='lat' dir='ltr'><strong>Hostes</strong></span> 
     </span>
     <span class='ocr_line' id='line_1_7' title="bbox 151 1398 1352 1492; baseline 0 -25"><span class='ocrx_word' id='word_1_48' title='bbox 151 1423 265 1470; x_wconf 92' lang='lat' dir='ltr'><strong>eorum</strong></span> <span class='ocrx_word' id='word_1_49' title='bbox 292 1401 466 1472; x_wconf 89' lang='lat' dir='ltr'><strong>audaciam</strong></span> <span class='ocrx_word' id='word_1_50' title='bbox 491 1400 707 1479; x_wconf 86' lang='lat' dir='ltr'><strong>demirantur,</strong></span> <span class='ocrx_word' id='word_1_51' title='bbox 733 1425 891 1492; x_wconf 83' lang='lat' dir='ltr'><strong>quorsum</strong></span> <span class='ocrx_word' id='word_1_52' title='bbox 916 1402 965 1472; x_wconf 93' lang='lat' dir='ltr'><strong>ire</strong></span> <span class='ocrx_word' id='word_1_53' title='bbox 990 1409 1131 1492; x_wconf 79' lang='lat' dir='ltr'><strong>pergant</strong></span> <span class='ocrx_word' id='word_1_54' title='bbox 1147 1398 1352 1492; x_wconf 85' lang='lat' dir='ltr'><strong>expectando</strong></span> 
     </span>
     <span class='ocr_line' id='line_1_8' title="bbox 150 1523 1352 1618; baseline 0 -26"><span class='ocrx_word' id='word_1_55' title='bbox 150 1535 239 1604; x_wconf 86' lang='lat' dir='ltr'><strong>sunt;</strong></span> <span class='ocrx_word' id='word_1_56' title='bbox 266 1524 325 1594; x_wconf 86' lang='lat' dir='ltr'><strong>sed</strong></span> <span class='ocrx_word' id='word_1_57' title='bbox 350 1525 409 1594; x_wconf 95' lang='lat' dir='ltr'><strong>ubi</strong></span> <span class='ocrx_word' id='word_1_58' title='bbox 434 1526 585 1618; x_wconf 89' lang='lat' dir='ltr'><strong>apparuit</strong></span> <span class='ocrx_word' id='word_1_59' title='bbox 611 1525 652 1595; x_wconf 92' lang='lat' dir='ltr'><strong>ad</strong></span> <span class='ocrx_word' id='word_1_60' title='bbox 678 1547 751 1594; x_wconf 88' lang='lat' dir='ltr'><strong>eam</strong></span> <span class='ocrx_word' id='word_1_61' title='bbox 778 1548 949 1596; x_wconf 90' lang='lat' dir='ltr'><strong>verrucam</strong></span> <span class='ocrx_word' id='word_1_62' title='bbox 971 1524 1197 1617; x_wconf 87' lang='lat' dir='ltr'><strong>occupandam</strong></span> <span class='ocrx_word' id='word_1_63' title='bbox 1216 1523 1277 1593; x_wconf 94' lang='lat' dir='ltr'><strong>iter</strong></span> <span class='ocrx_word' id='word_1_64' title='bbox 1298 1523 1352 1592; x_wconf 94' lang='lat' dir='ltr'><strong>in-</strong></span> 
     </span>
     <span class='ocr_line' id='line_1_9' title="bbox 150 1647 1353 1742; baseline -0.002 -24"><span class='ocrx_word' id='word_1_65' title='bbox 150 1650 301 1730; x_wconf 86' lang='lat' dir='ltr'><strong>tendere,</strong></span> <span class='ocrx_word' id='word_1_66' title='bbox 335 1649 434 1720; x_wconf 91' lang='lat' dir='ltr'><strong>mittit</strong></span> <span class='ocrx_word' id='word_1_67' title='bbox 465 1649 639 1720; x_wconf 87' lang='lat' dir='ltr'><strong>adversum</strong></span> <span class='ocrx_word' id='word_1_68' title='bbox 671 1650 747 1720; x_wconf 89' lang='lat' dir='ltr'><strong>illos</strong></span> <span class='ocrx_word' id='word_1_69' title='bbox 779 1649 957 1742; x_wconf 88' lang='lat' dir='ltr'><strong>imperator</strong></span> <span class='ocrx_word' id='word_1_70' title='bbox 982 1647 1264 1739; x_wconf 81' lang='lat' dir='ltr'><strong>Carthaginiensis</strong></span> <span class='ocrx_word' id='word_1_71' title='bbox 1292 1670 1353 1739; x_wconf 91' lang='lat' dir='ltr'><strong>pe-</strong></span> 
     </span>
     <span class='ocr_line' id='line_1_10' title="bbox 150 1773 1351 1868; baseline 0 -26"><span class='ocrx_word' id='word_1_72' title='bbox 150 1774 256 1844; x_wconf 87' lang='lat' dir='ltr'><strong>diturn</strong></span> <span class='ocrx_word' id='word_1_73' title='bbox 284 1775 498 1868; x_wconf 89' lang='lat' dir='ltr'><strong>equitumque</strong></span> <span class='ocrx_word' id='word_1_74' title='bbox 525 1798 606 1868; x_wconf 91' lang='lat' dir='ltr'><strong>quos</strong></span> <span class='ocrx_word' id='word_1_75' title='bbox 632 1776 666 1846; x_wconf 92' lang='lat' dir='ltr'><strong>in</strong></span> <span class='ocrx_word' id='word_1_76' title='bbox 685 1776 832 1846; x_wconf 82' lang='lat' dir='ltr'><strong>exercitu</strong></span> <span class='ocrx_word' id='word_1_77' title='bbox 859 1776 946 1845; x_wconf 86' lang='lat' dir='ltr'><strong>viros</strong></span> <span class='ocrx_word' id='word_1_78' title='bbox 965 1775 1080 1864; x_wconf 88' lang='lat' dir='ltr'><strong>habuit</strong></span> <span class='ocrx_word' id='word_1_79' title='bbox 1097 1773 1351 1844; x_wconf 89' lang='lat' dir='ltr'><strong>strenuissimos.</strong></span> 
     </span>
     <span class='ocr_line' id='line_1_11' title="bbox 152 1896 1354 1992; baseline -0.004 -22"><span class='ocrx_word' id='word_1_80' title='bbox 152 1900 291 1970; x_wconf 85' lang='lat' dir='ltr'><strong>Romani</strong></span> <span class='ocrx_word' id='word_1_81' title='bbox 326 1901 445 1970; x_wconf 86' lang='lat' dir='ltr'><strong>milites</strong></span> <span class='ocrx_word' id='word_1_82' title='bbox 471 1900 786 1982; x_wconf 89' lang='lat' dir='ltr'><strong>circumveniuntur,</strong></span> <span class='ocrx_word' id='word_1_83' title='bbox 821 1901 1035 1971; x_wconf 84' lang='lat' dir='ltr'><strong>circumuenti</strong></span> <span class='ocrx_word' id='word_1_84' title='bbox 1067 1907 1261 1992; x_wconf 90' lang='lat' dir='ltr'><strong>repugnant.</strong></span> <span class='ocrx_word' id='word_1_85' title='bbox 1302 1896 1354 1966; x_wconf 88' lang='lat' dir='ltr'><strong>Fit</strong></span> 
     </span>
     <span class='ocr_line' id='line_1_12' title="bbox 151 2022 1350 2117; baseline -0.003 -23"><span class='ocrx_word' id='word_1_86' title='bbox 151 2024 315 2114; x_wconf 86' lang='lat' dir='ltr'><strong>proelium</strong></span> <span class='ocrx_word' id='word_1_87' title='bbox 333 2025 389 2095; x_wconf 95' lang='lat' dir='ltr'><strong>diu</strong></span> <span class='ocrx_word' id='word_1_88' title='bbox 405 2047 538 2117; x_wconf 87' lang='lat' dir='ltr'><strong>anceps.</strong></span> <span class='ocrx_word' id='word_1_89' title='bbox 580 2024 727 2095; x_wconf 86' lang='lat' dir='ltr'><strong>Tandem</strong></span> <span class='ocrx_word' id='word_1_90' title='bbox 749 2036 882 2116; x_wconf 89' lang='lat' dir='ltr'><strong>superat</strong></span> <span class='ocrx_word' id='word_1_91' title='bbox 903 2025 1088 2104; x_wconf 84' lang='lat' dir='ltr'><strong>multitudo,</strong></span> <span class='ocrx_word' id='word_1_92' title='bbox 1115 2022 1350 2117; x_wconf 87' lang='lat' dir='ltr'><strong>quadringenti</strong></span> 
     </span>
     <span class='ocr_line' id='line_1_13' title="bbox 151 2146 1352 2241; baseline -0.001 -26"><span class='ocrx_word' id='word_1_93' title='bbox 151 2169 268 2218; x_wconf 90' lang='lat' dir='ltr'><strong>omnes</strong></span> <span class='ocrx_word' id='word_1_94' title='bbox 293 2171 369 2218; x_wconf 89' lang='lat' dir='ltr'><strong>cum</strong></span> <span class='ocrx_word' id='word_1_95' title='bbox 395 2172 463 2218; x_wconf 93' lang='lat' dir='ltr'><strong>uno</strong></span> <span class='ocrx_word' id='word_1_96' title='bbox 487 2149 624 2241; x_wconf 79' lang='lat' dir='ltr'><strong>perfossi</strong></span> <span class='ocrx_word' id='word_1_97' title='bbox 650 2149 770 2240; x_wconf 87' lang='lat' dir='ltr'><strong>gladiis</strong></span> <span class='ocrx_word' id='word_1_98' title='bbox 797 2161 853 2219; x_wconf 90' lang='lat' dir='ltr'><strong>aut</strong></span> <span class='ocrx_word' id='word_1_99' title='bbox 878 2149 1057 2219; x_wconf 83' lang='lat' dir='ltr'><strong>missilibus</strong></span> <span class='ocrx_word' id='word_1_100' title='bbox 1086 2148 1189 2241; x_wconf 88' lang='lat' dir='ltr'><strong>operti</strong></span> <span class='ocrx_word' id='word_1_101' title='bbox 1220 2146 1352 2216; x_wconf 89' lang='lat' dir='ltr'><strong>cadunt.</strong></span> 
     </span>
     <span class='ocr_line' id='line_1_14' title="bbox 151 2270 1354 2366; baseline -0.003 -24"><span class='ocrx_word' id='word_1_102' title='bbox 151 2271 275 2342; x_wconf 90' lang='lat' dir='ltr'><strong>Consul</strong></span> <span class='ocrx_word' id='word_1_103' title='bbox 293 2273 424 2348; x_wconf 89' lang='lat' dir='ltr'><strong>interim</strong></span> <span class='ocrx_word' id='word_1_104' title='bbox 450 2273 527 2344; x_wconf 94' lang='lat' dir='ltr'><strong>dum</strong></span> <span class='ocrx_word' id='word_1_105' title='bbox 549 2273 595 2344; x_wconf 94' lang='lat' dir='ltr'><strong>ibi</strong></span> <span class='ocrx_word' id='word_1_106' title='bbox 616 2285 784 2366; x_wconf 89' lang='lat' dir='ltr'><strong>pugnatur</strong></span> <span class='ocrx_word' id='word_1_107' title='bbox 808 2297 843 2342; x_wconf 91' lang='lat' dir='ltr'><strong>se</strong></span> <span class='ocrx_word' id='word_1_108' title='bbox 869 2273 903 2342; x_wconf 93' lang='lat' dir='ltr'><strong>iu</strong></span> <span class='ocrx_word' id='word_1_109' title='bbox 930 2274 1019 2343; x_wconf 92' lang='lat' dir='ltr'><strong>locos</strong></span> <span class='ocrx_word' id='word_1_110' title='bbox 1045 2283 1129 2343; x_wconf 89' lang='lat' dir='ltr'><strong>tutos</strong></span> <span class='ocrx_word' id='word_1_111' title='bbox 1156 2284 1255 2363; x_wconf 90' lang='lat' dir='ltr'><strong>atque</strong></span> <span class='ocrx_word' id='word_1_112' title='bbox 1281 2270 1354 2340; x_wconf 88' lang='lat' dir='ltr'><strong>cdi·</strong></span> 
     </span>
     <span class='ocr_line' id='line_1_15' title="bbox 151 2395 1354 2490; baseline 0.001 -26"><span class='ocrx_word' id='word_1_113' title='bbox 151 2409 199 2464; x_wconf 89' lang='lat' dir='ltr'><strong>tos</strong></span> <span class='ocrx_word' id='word_1_114' title='bbox 224 2395 389 2466; x_wconf 82' lang='lat' dir='ltr'><strong>subducit.</strong></span> <span class='ocrx_word' id='word_1_115' title='bbox 427 2397 492 2466; x_wconf 87' lang='lat' dir='ltr'><strong>Sed</strong></span> <span class='ocrx_word' id='word_1_116' title='bbox 518 2397 606 2490; x_wconf 95' lang='lat' dir='ltr'><strong>quod</strong></span> <span class='ocrx_word' id='word_1_117' title='bbox 632 2397 683 2466; x_wconf 91' lang='lat' dir='ltr'><strong>illi</strong></span> <span class='ocrx_word' id='word_1_118' title='bbox 708 2397 841 2468; x_wconf 91' lang='lat' dir='ltr'><strong>tribuno</strong></span> <span class='ocrx_word' id='word_1_119' title='bbox 866 2397 943 2467; x_wconf 89' lang='lat' dir='ltr'><strong>duci</strong></span> <span class='ocrx_word' id='word_1_120' title='bbox 965 2397 1108 2466; x_wconf 91' lang='lat' dir='ltr'><strong>militum</strong></span> <span class='ocrx_word' id='word_1_121' title='bbox 1125 2395 1354 2488; x_wconf 90' lang='lat' dir='ltr'><strong>quadringen-</strong></span> 
     </span>
     <span class='ocr_line' id='line_1_16' title="bbox 151 2519 1354 2613; baseline -0.001 -25"><span class='ocrx_word' id='word_1_122' title='bbox 151 2531 260 2594; x_wconf 88' lang='lat' dir='ltr'><strong>torum</strong></span> <span class='ocrx_word' id='word_1_123' title='bbox 286 2519 442 2590; x_wconf 87' lang='lat' dir='ltr'><strong>divinitus</strong></span> <span class='ocrx_word' id='word_1_124' title='bbox 467 2521 502 2588; x_wconf 93' lang='lat' dir='ltr'><strong>in</strong></span> <span class='ocrx_word' id='word_1_125' title='bbox 524 2543 564 2589; x_wconf 89' lang='lat' dir='ltr'><strong>co</strong></span> <span class='ocrx_word' id='word_1_126' title='bbox 590 2519 719 2613; x_wconf 88' lang='lat' dir='ltr'><strong>proelio</strong></span> <span class='ocrx_word' id='word_1_127' title='bbox 743 2543 821 2590; x_wconf 89' lang='lat' dir='ltr'><strong>usus</strong></span> <span class='ocrx_word' id='word_1_128' title='bbox 846 2521 945 2601; x_wconf 82' lang='lat' dir='ltr'><strong>venit,</strong></span> <span class='ocrx_word' id='word_1_129' title='bbox 972 2543 1038 2590; x_wconf 93' lang='lat' dir='ltr'><strong>nou</strong></span> <span class='ocrx_word' id='word_1_130' title='bbox 1064 2522 1128 2592; x_wconf 93' lang='lat' dir='ltr'><strong>iam</strong></span> <span class='ocrx_word' id='word_1_131' title='bbox 1152 2520 1270 2590; x_wconf 92' lang='lat' dir='ltr'><strong>nostris</strong></span> <span class='ocrx_word' id='word_1_132' title='bbox 1296 2519 1354 2588; x_wconf 94' lang='lat' dir='ltr'><strong>sed</strong></span> 
     </span>
     <span class='ocr_line' id='line_1_17' title="bbox 150 2643 1354 2735; baseline 0.002 -25"><span class='ocrx_word' id='word_1_133' title='bbox 150 2643 253 2735; x_wconf 89' lang='lat' dir='ltr'><strong>ipsius</strong></span> <span class='ocrx_word' id='word_1_134' title='bbox 279 2643 412 2713; x_wconf 89' lang='lat' dir='ltr'><strong>Catonis</strong></span> <span class='ocrx_word' id='word_1_135' title='bbox 437 2644 546 2715; x_wconf 90' lang='lat' dir='ltr'><strong>verbis</strong></span> <span class='ocrx_word' id='word_1_136' title='bbox 571 2644 788 2715; x_wconf 85' lang='lat' dir='ltr'><strong>subiecimus:</strong></span> <span class='ocrx_word' id='word_1_137' title='bbox 821 2645 876 2715; x_wconf 89' lang='lat' dir='ltr'><strong>Dii</strong></span> <span class='ocrx_word' id='word_1_138' title='bbox 902 2645 1104 2716; x_wconf 91' lang='lat' dir='ltr'><strong>immortales</strong></span> <span class='ocrx_word' id='word_1_139' title='bbox 1131 2646 1262 2715; x_wconf 89' lang='lat' dir='ltr'><strong>tribuno</strong></span> <span class='ocrx_word' id='word_1_140' title='bbox 1287 2644 1354 2712; x_wconf 89' lang='lat' dir='ltr'><strong>mi-</strong></span> 
     </span>
     <span class='ocr_line' id='line_1_18' title="bbox 150 2768 1355 2848; baseline -0.002 -10"><span class='ocrx_word' id='word_1_141' title='bbox 150 2768 245 2838; x_wconf 88' lang='lat' dir='ltr'><strong>litum</strong></span> <span class='ocrx_word' id='word_1_142' title='bbox 270 2769 438 2838; x_wconf 79' lang='lat' dir='ltr'><strong>fortunam</strong></span> <span class='ocrx_word' id='word_1_143' title='bbox 472 2791 514 2838; x_wconf 87' lang='lat' dir='ltr'><strong>cx</strong></span> <span class='ocrx_word' id='word_1_144' title='bbox 544 2769 666 2838; x_wconf 89' lang='lat' dir='ltr'><strong>virtute</strong></span> <span class='ocrx_word' id='word_1_145' title='bbox 699 2771 769 2840; x_wconf 89' lang='lat' dir='ltr'><strong>eius</strong></span> <span class='ocrx_word' id='word_1_146' title='bbox 801 2769 934 2839; x_wconf 90' lang='lat' dir='ltr'><strong>dedere.</strong></span> <span class='ocrx_word' id='word_1_147' title='bbox 981 2771 1066 2840; x_wconf 87' lang='lat' dir='ltr'><strong>Nam</strong></span> <span class='ocrx_word' id='word_1_148' title='bbox 1093 2771 1137 2838; x_wconf 88' lang='lat' dir='ltr'><strong>ita</strong></span> <span class='ocrx_word' id='word_1_149' title='bbox 1163 2769 1288 2848; x_wconf 87' lang='lat' dir='ltr'><strong>evenit,</strong></span> <span class='ocrx_word' id='word_1_150' title='bbox 1323 2779 1355 2837; x_wconf 92' lang='lat' dir='ltr'><strong>et</strong></span> 
     </span>
     <span class='ocr_line' id='line_1_19' title="bbox 150 2891 1353 2985; baseline -0.003 -21"><span class='ocrx_word' id='word_1_151' title='bbox 150 2917 226 2964; x_wconf 91' lang='lat' dir='ltr'><strong>cum</strong></span> <span class='ocrx_word' id='word_1_152' title='bbox 256 2893 389 2964; x_wconf 86' lang='lat' dir='ltr'><strong>sancius</strong></span> <span class='ocrx_word' id='word_1_153' title='bbox 412 2893 626 2963; x_wconf 77' lang='lat' dir='ltr'><strong>multifariam</strong></span> <span class='ocrx_word' id='word_1_154' title='bbox 653 2892 698 2963; x_wconf 94' lang='lat' dir='ltr'><strong>ibi</strong></span> <span class='ocrx_word' id='word_1_155' title='bbox 724 2895 826 2965; x_wconf 87' lang='lat' dir='ltr'><strong>lactus</strong></span> <span class='ocrx_word' id='word_1_156' title='bbox 856 2907 959 2977; x_wconf 83' lang='lat' dir='ltr'><strong>esset,</strong></span> <span class='ocrx_word' id='word_1_157' title='bbox 1000 2905 1068 2964; x_wconf 90' lang='lat' dir='ltr'><strong>tum</strong></span> <span class='ocrx_word' id='word_1_158' title='bbox 1102 2895 1221 2965; x_wconf 83' lang='lat' dir='ltr'><strong>vulnus</strong></span> <span class='ocrx_word' id='word_1_159' title='bbox 1255 2891 1353 2985; x_wconf 86' lang='lat' dir='ltr'><strong>capiti</strong></span> 
     </span>
     <span class='ocr_line' id='line_1_20' title="bbox 151 3017 1355 3113; baseline -0.002 -25"><span class='ocrx_word' id='word_1_160' title='bbox 151 3019 282 3088; x_wconf 92' lang='lat' dir='ltr'><strong>nullum</strong></span> <span class='ocrx_word' id='word_1_161' title='bbox 315 3021 439 3100; x_wconf 82' lang='lat' dir='ltr'><strong>evcnit;</strong></span> <span class='ocrx_word' id='word_1_162' title='bbox 473 3043 615 3113; x_wconf 89' lang='lat' dir='ltr'><strong>eumque</strong></span> <span class='ocrx_word' id='word_1_163' title='bbox 647 3020 733 3090; x_wconf 90' lang='lat' dir='ltr'><strong>inter</strong></span> <span class='ocrx_word' id='word_1_164' title='bbox 757 3033 901 3092; x_wconf 90' lang='lat' dir='ltr'><strong>mortuos</strong></span> <span class='ocrx_word' id='word_1_165' title='bbox 927 3022 1141 3112; x_wconf 82' lang='lat' dir='ltr'><strong>defatigatum</strong></span> <span class='ocrx_word' id='word_1_166' title='bbox 1164 3017 1355 3090; x_wconf 87' lang='lat' dir='ltr'><strong>vulneribus</strong></span> 
     </span>
     <span class='ocr_line' id='line_1_21' title="bbox 150 3143 1354 3237; baseline -0.001 -25"><span class='ocrx_word' id='word_1_167' title='bbox 150 3155 247 3236; x_wconf 87' lang='lat' dir='ltr'><strong>atque</strong></span> <span class='ocrx_word' id='word_1_168' title='bbox 280 3143 369 3236; x_wconf 93' lang='lat' dir='ltr'><strong>quod</strong></span> <span class='ocrx_word' id='word_1_169' title='bbox 401 3145 573 3235; x_wconf 71' lang='lat' dir='ltr'><strong>sanguinis</strong></span> <span class='ocrx_word' id='word_1_170' title='bbox 601 3145 650 3213; x_wconf 90' lang='lat' dir='ltr'><strong>vis</strong></span> <span class='ocrx_word' id='word_1_171' title='bbox 680 3144 874 3227; x_wconf 86' lang='lat' dir='ltr'><strong>defluxerat,</strong></span> <span class='ocrx_word' id='word_1_172' title='bbox 907 3167 1104 3237; x_wconf 88' lang='lat' dir='ltr'><strong>cognovere,</strong></span> <span class='ocrx_word' id='word_1_173' title='bbox 1138 3167 1214 3215; x_wconf 93' lang='lat' dir='ltr'><strong>eum</strong></span> <span class='ocrx_word' id='word_1_174' title='bbox 1244 3152 1354 3212; x_wconf 89' lang='lat' dir='ltr'><strong>sustu·</strong></span> 
     </span>
     <span class='ocr_line' id='line_1_22' title="bbox 151 3267 1354 3362; baseline -0.003 -24"><span class='ocrx_word' id='word_1_175' title='bbox 151 3270 231 3340; x_wconf 85' lang='lat' dir='ltr'><strong>lere.</strong></span> <span class='ocrx_word' id='word_1_176' title='bbox 262 3271 362 3360; x_wconf 87' lang='lat' dir='ltr'><strong>Isque</strong></span> <span class='ocrx_word' id='word_1_177' title='bbox 388 3269 576 3351; x_wconf 81' lang='lat' dir='ltr'><strong>convaluit,¹</strong></span> <span class='ocrx_word' id='word_1_178' title='bbox 593 3291 758 3362; x_wconf 87' lang='lat' dir='ltr'><strong>saepeque</strong></span> <span class='ocrx_word' id='word_1_179' title='bbox 783 3278 856 3361; x_wconf 90' lang='lat' dir='ltr'><strong>post</strong></span> <span class='ocrx_word' id='word_1_180' title='bbox 881 3269 938 3339; x_wconf 90' lang='lat' dir='ltr'><strong>illa</strong></span> <span class='ocrx_word' id='word_1_181' title='bbox 964 3291 1100 3361; x_wconf 90' lang='lat' dir='ltr'><strong>operam</strong></span> <span class='ocrx_word' id='word_1_182' title='bbox 1126 3270 1175 3338; x_wconf 89' lang='lat' dir='ltr'><strong>rei</strong></span> <span class='ocrx_word' id='word_1_183' title='bbox 1201 3267 1354 3360; x_wconf 92' lang='lat' dir='ltr'><strong>publicae</strong></span> 
     </span>
     <span class='ocr_line' id='line_1_23' title="bbox 150 3390 1355 3488; baseline 0 -26"><span class='ocrx_word' id='word_1_184' title='bbox 150 3395 267 3464; x_wconf 89' lang='lat' dir='ltr'><strong>lortem</strong></span> <span class='ocrx_word' id='word_1_185' title='bbox 296 3402 396 3484; x_wconf 81' lang='lat' dir='ltr'><strong>atqrm</strong></span> <span class='ocrx_word' id='word_1_186' title='bbox 421 3403 588 3463; x_wconf 89' lang='lat' dir='ltr'><strong>strenuam</strong></span> <span class='ocrx_word' id='word_1_187' title='bbox 609 3390 788 3488; x_wconf 89' lang='lat' dir='ltr'><strong>perhibuit,</strong></span> <span class='ocrx_word' id='word_1_188' title='bbox 815 3393 939 3488; x_wconf 89' lang='lat' dir='ltr'><strong>illoque</strong></span> <span class='ocrx_word' id='word_1_189' title='bbox 962 3394 1057 3474; x_wconf 84' lang='lat' dir='ltr'><strong>facto,</strong></span> <span class='ocrx_word' id='word_1_190' title='bbox 1084 3394 1172 3486; x_wconf 94' lang='lat' dir='ltr'><strong>quod</strong></span> <span class='ocrx_word' id='word_1_191' title='bbox 1194 3394 1269 3465; x_wconf 92' lang='lat' dir='ltr'><strong>illos</strong></span> <span class='ocrx_word' id='word_1_192' title='bbox 1288 3395 1355 3463; x_wconf 87' lang='lat' dir='ltr'><strong>ml-</strong></span> 
     </span>
     <span class='ocr_line' id='line_1_24' title="bbox 152 3516 1355 3600; baseline 0 -13"><span class='ocrx_word' id='word_1_193' title='bbox 152 3519 224 3589; x_wconf 87' lang='lat' dir='ltr'><strong>lites</strong></span> <span class='ocrx_word' id='word_1_194' title='bbox 256 3517 425 3600; x_wconf 85' lang='lat' dir='ltr'><strong>subduxit,</strong></span> <span class='ocrx_word' id='word_1_195' title='bbox 460 3516 643 3588; x_wconf 84' lang='lat' dir='ltr'><strong>exercitum</strong></span> <span class='ocrx_word' id='word_1_196' title='bbox 676 3529 824 3587; x_wconf 91' lang='lat' dir='ltr'><strong>ceterum</strong></span> <span class='ocrx_word' id='word_1_197' title='bbox 849 3518 1001 3588; x_wconf 84' lang='lat' dir='ltr'><strong>servavit.</strong></span> <span class='ocrx_word' id='word_1_198' title='bbox 1047 3516 1111 3586; x_wconf 90' lang='lat' dir='ltr'><strong>Sed</strong></span> <span class='ocrx_word' id='word_1_199' title='bbox 1137 3517 1226 3588; x_wconf 85' lang='lat' dir='ltr'><strong>idem</strong></span> <span class='ocrx_word' id='word_1_200' title='bbox 1251 3518 1355 3588; x_wconf 89' lang='lat' dir='ltr'><strong>bene-</strong></span> 
     </span>
     <span class='ocr_line' id='line_1_25' title="bbox 151 3641 1354 3736; baseline 0 -24"><span class='ocrx_word' id='word_1_201' title='bbox 151 3644 274 3714; x_wconf 91' lang='lat' dir='ltr'><strong>lactum</strong></span> <span class='ocrx_word' id='word_1_202' title='bbox 301 3666 368 3735; x_wconf 93' lang='lat' dir='ltr'><strong>quo</strong></span> <span class='ocrx_word' id='word_1_203' title='bbox 394 3643 428 3712; x_wconf 90' lang='lat' dir='ltr'><strong>in</strong></span> <span class='ocrx_word' id='word_1_204' title='bbox 455 3642 527 3712; x_wconf 88' lang='lat' dir='ltr'><strong>loco</strong></span> <span class='ocrx_word' id='word_1_205' title='bbox 560 3664 675 3736; x_wconf 88' lang='lat' dir='ltr'><strong>ponas,</strong></span> <span class='ocrx_word' id='word_1_206' title='bbox 713 3641 851 3712; x_wconf 88' lang='lat' dir='ltr'><strong>nimium</strong></span> <span class='ocrx_word' id='word_1_207' title='bbox 877 3642 1022 3710; x_wconf 90' lang='lat' dir='ltr'><strong>interest.</strong></span> <span class='ocrx_word' id='word_1_208' title='bbox 1074 3641 1239 3712; x_wconf 87' lang='lat' dir='ltr'><strong>Leonidas</strong></span> <span class='ocrx_word' id='word_1_209' title='bbox 1265 3645 1354 3713; x_wconf 87' lang='lat' dir='ltr'><strong>Laco</strong></span> 
     </span>
    </p>
   </div>
   <div class='ocr_carea' id='block_1_3' title="bbox 151 3767 1490 3862">
    <p class='ocr_par' dir='ltr' id='par_1_3' title="bbox 151 3767 1490 3862">
     <span class='ocr_line' id='line_1_26' title="bbox 151 3767 1490 3862; baseline -0.001 -24"><span class='ocrx_word' id='word_1_210' title='bbox 151 3771 208 3862; x_wconf 92' lang='lat' dir='ltr'><strong>qui</strong></span> <span class='ocrx_word' id='word_1_211' title='bbox 234 3768 345 3838; x_wconf 88' lang='lat' dir='ltr'><strong>simile</strong></span> <span class='ocrx_word' id='word_1_212' title='bbox 371 3767 458 3860; x_wconf 92' lang='lat' dir='ltr'><strong>apud</strong></span> <span class='ocrx_word' id='word_1_213' title='bbox 479 3767 717 3861; x_wconf 80' lang='lat' dir='ltr'><strong>Thermopylas</strong></span> <span class='ocrx_word' id='word_1_214' title='bbox 744 3767 831 3846; x_wconf 87' lang='lat' dir='ltr'><strong>lecit,</strong></span> <span class='ocrx_word' id='word_1_215' title='bbox 864 3777 998 3860; x_wconf 88' lang='lat' dir='ltr'><strong>propter</strong></span> <span class='ocrx_word' id='word_1_216' title='bbox 1024 3768 1094 3836; x_wconf 93' lang='lat' dir='ltr'><strong>eius</strong></span> <span class='ocrx_word' id='word_1_217' title='bbox 1119 3767 1254 3836; x_wconf 89' lang='lat' dir='ltr'><strong>virtutes</strong></span> <span class='ocrx_word' id='word_1_218' title='bbox 1281 3790 1355 3836; x_wconf 94' lang='lat' dir='ltr'><strong>om·</strong></span> <span class='ocrx_word' id='word_1_219' title='bbox 1485 3803 1490 3814; x_wconf 95' lang='lat'><em>·</em></span> 
     </span>
    </p>
   </div>
   <div class='ocr_carea' id='block_1_4' title="bbox 151 3890 1355 4108">
    <p class='ocr_par' dir='ltr' id='par_1_4' title="bbox 151 3890 1355 4108">
     <span class='ocr_line' id='line_1_27' title="bbox 151 3890 1355 3985; baseline -0.001 -23"><span class='ocrx_word' id='word_1_220' title='bbox 151 3892 201 3962; x_wconf 87' lang='lat' dir='ltr'><strong>nis</strong></span> <span class='ocrx_word' id='word_1_221' title='bbox 236 3893 377 3962; x_wconf 87' lang='lat' dir='ltr'><strong>Graecia</strong></span> <span class='ocrx_word' id='word_1_222' title='bbox 415 3893 556 3984; x_wconf 87' lang='lat' dir='ltr'><strong>gloriam</strong></span> <span class='ocrx_word' id='word_1_223' title='bbox 588 3902 685 3985; x_wconf 89' lang='lat' dir='ltr'><strong>atque</strong></span> <span class='ocrx_word' id='word_1_224' title='bbox 717 3892 859 3984; x_wconf 83' lang='lat' dir='ltr'><strong>gratiam</strong></span> <span class='ocrx_word' id='word_1_225' title='bbox 898 3891 1110 3984; x_wconf 90' lang='lat' dir='ltr'><strong>praecipuam</strong></span> <span class='ocrx_word' id='word_1_226' title='bbox 1149 3890 1355 3961; x_wconf 86' lang='lat' dir='ltr'><strong>claritudinis</strong></span> 
     </span>
     <span class='ocr_line' id='line_1_28' title="bbox 153 4015 1354 4108; baseline -0.002 -22"><span class='ocrx_word' id='word_1_227' title='bbox 153 4018 388 4090; x_wconf 88' lang='lat' dir='ltr'><strong>inclutissimae</strong></span> <span class='ocrx_word' id='word_1_228' title='bbox 414 4019 613 4089; x_wconf 88' lang='lat' dir='ltr'><strong>decoravere</strong></span> <span class='ocrx_word' id='word_1_229' title='bbox 638 4017 870 4096; x_wconf 79' lang='lat' dir='ltr'><strong>monumentis.</strong></span> <span class='ocrx_word' id='word_1_230' title='bbox 909 4017 1023 4108; x_wconf 87' lang='lat' dir='ltr'><strong>signis,</strong></span> <span class='ocrx_word' id='word_1_231' title='bbox 1062 4016 1185 4096; x_wconf 88' lang='lat' dir='ltr'><strong>statuis,</strong></span> <span class='ocrx_word' id='word_1_232' title='bbox 1225 4015 1354 4106; x_wconf 86' lang='lat' dir='ltr'><strong>elogiis,</strong></span> 
     </span>
    </p>
   </div>
   <div class='ocr_carea' id='block_1_5' title="bbox 151 4136 1355 4730">
    <p class='ocr_par' dir='ltr' id='par_1_5' title="bbox 151 4136 1355 4730">
     <span class='ocr_line' id='line_1_29' title="bbox 152 4136 1354 4236; baseline -0.007 -22"><span class='ocrx_word' id='word_1_233' title='bbox 152 4144 297 4214; x_wconf 89' lang='lat' dir='ltr'><strong>historiis</strong></span> <span class='ocrx_word' id='word_1_234' title='bbox 322 4143 465 4236; x_wconf 89' lang='lat' dir='ltr'><strong>aliisque</strong></span> <span class='ocrx_word' id='word_1_235' title='bbox 491 4143 589 4212; x_wconf 87' lang='lat' dir='ltr'><strong>rebus</strong></span> <span class='ocrx_word' id='word_1_236' title='bbox 621 4142 842 4234; x_wconf 90' lang='lat' dir='ltr'><strong>gratissimum</strong></span> <span class='ocrx_word' id='word_1_237' title='bbox 878 4141 910 4210; x_wconf 95' lang='lat' dir='ltr'><strong>id</strong></span> <span class='ocrx_word' id='word_1_238' title='bbox 943 4141 1014 4210; x_wconf 88' lang='lat' dir='ltr'><strong>eius</strong></span> <span class='ocrx_word' id='word_1_239' title='bbox 1049 4142 1169 4210; x_wconf 88' lang='lat' dir='ltr'><strong>lactum</strong></span> <span class='ocrx_word' id='word_1_240' title='bbox 1196 4136 1354 4209; x_wconf 89' lang='lat' dir='ltr'><strong>habuere.</strong></span> 
     </span>
     <span class='ocr_line' id='line_1_30' title="bbox 151 4262 1350 4359; baseline -0.005 -21"><span class='ocrx_word' id='word_1_241' title='bbox 151 4270 193 4338; x_wconf 78' lang='lat' dir='ltr'><strong>dt</strong></span> <span class='ocrx_word' id='word_1_242' title='bbox 224 4268 356 4340; x_wconf 78' lang='lat' dir='ltr'><strong>tribuam</strong></span> <span class='ocrx_word' id='word_1_243' title='bbox 387 4267 530 4338; x_wconf 89' lang='lat' dir='ltr'><strong>militum</strong></span> <span class='ocrx_word' id='word_1_244' title='bbox 562 4289 661 4359; x_wconf 87' lang='lat' dir='ltr'><strong>parva</strong></span> <span class='ocrx_word' id='word_1_245' title='bbox 692 4267 763 4336; x_wconf 90' lang='lat' dir='ltr'><strong>laus</strong></span> <span class='ocrx_word' id='word_1_246' title='bbox 792 4288 852 4358; x_wconf 90' lang='lat' dir='ltr'><strong>pro</strong></span> <span class='ocrx_word' id='word_1_247' title='bbox 884 4266 977 4334; x_wconf 89' lang='lat' dir='ltr'><strong>laetis</strong></span> <span class='ocrx_word' id='word_1_248' title='bbox 1006 4264 1130 4337; x_wconf 84' lang='lat' dir='ltr'><strong>relicta.</strong></span> <span class='ocrx_word' id='word_1_249' title='bbox 1168 4264 1227 4355; x_wconf 89' lang='lat' dir='ltr'><strong>qui</strong></span> <span class='ocrx_word' id='word_1_250' title='bbox 1262 4262 1350 4332; x_wconf 90' lang='lat' dir='ltr'><strong>idem</strong></span> 
     </span>
     <span class='ocr_line' id='line_1_31' title="bbox 153 4389 1355 4486; baseline -0.002 -25"><span class='ocrx_word' id='word_1_251' title='bbox 153 4393 275 4464; x_wconf 89' lang='lat' dir='ltr'><strong>lecerat</strong></span> <span class='ocrx_word' id='word_1_252' title='bbox 302 4405 401 4486; x_wconf 89' lang='lat' dir='ltr'><strong>atquc</strong></span> <span class='ocrx_word' id='word_1_253' title='bbox 432 4417 503 4464; x_wconf 88' lang='lat' dir='ltr'><strong>rem</strong></span> <span class='ocrx_word' id='word_1_254' title='bbox 536 4403 731 4464; x_wconf 85' lang='lat' dir='ltr'><strong>servaverat</strong></span> <span class='ocrx_word' id='word_1_255' title='bbox 774 4395 870 4462; x_wconf 90' lang='lat' dir='ltr'><strong>Hanc</strong></span> <span class='ocrx_word' id='word_1_256' title='bbox 896 4393 938 4476; x_wconf 87' lang='lat' dir='ltr'><strong>Q.</strong></span> <span class='ocrx_word' id='word_1_257' title='bbox 965 4391 1111 4462; x_wconf 83' lang='lat' dir='ltr'><strong>Caedicii</strong></span> <span class='ocrx_word' id='word_1_258' title='bbox 1137 4390 1260 4460; x_wconf 80' lang='lat' dir='ltr'><strong>tribum</strong></span> <span class='ocrx_word' id='word_1_259' title='bbox 1284 4389 1355 4459; x_wconf 89' lang='lat' dir='ltr'><strong>vir·</strong></span> 
     </span>
     <span class='ocr_line' id='line_1_32' title="bbox 154 4510 1353 4592; baseline -0.004 -6"><span class='ocrx_word' id='word_1_260' title='bbox 154 4528 254 4586; x_wconf 89' lang='lat' dir='ltr'><strong>tutem</strong></span> <span class='ocrx_word' id='word_1_261' title='bbox 294 4519 338 4588; x_wconf 90' lang='lat' dir='ltr'><strong>lll.</strong></span> <span class='ocrx_word' id='word_1_262' title='bbox 370 4517 452 4588; x_wconf 85' lang='lat' dir='ltr'><strong>Cato</strong></span> <span class='ocrx_word' id='word_1_263' title='bbox 489 4518 544 4587; x_wconf 92' lang='lat' dir='ltr'><strong>tali</strong></span> <span class='ocrx_word' id='word_1_264' title='bbox 577 4541 636 4587; x_wconf 90' lang='lat' dir='ltr'><strong>suo</strong></span> <span class='ocrx_word' id='word_1_265' title='bbox 668 4517 853 4586; x_wconf 88' lang='lat' dir='ltr'><strong>testimonio</strong></span> <span class='ocrx_word' id='word_1_266' title='bbox 885 4515 1061 4585; x_wconf 88' lang='lat' dir='ltr'><strong>decoravit.</strong></span> <span class='ocrx_word' id='word_1_267' title='bbox 1115 4515 1235 4584; x_wconf 78' lang='lat' dir='ltr'><strong>Gellius</strong></span> <span class='ocrx_word' id='word_1_268' title='bbox 1256 4510 1291 4592; x_wconf 85' lang='lat'><strong>3,</strong></span> <span class='ocrx_word' id='word_1_269' title='bbox 1319 4512 1353 4581; x_wconf 79' lang='grc'><strong>7.</strong></span> 
     </span>
     <span class='ocr_line' id='line_1_33' title="bbox 155 4637 1355 4730; baseline -0.001 -23"><span class='ocrx_word' id='word_1_270' title='bbox 155 4639 210 4708; x_wconf 76' lang='lat' dir='ltr'><strong>dd.</strong></span> <span class='ocrx_word' id='word_1_271' title='bbox 239 4643 283 4712; x_wconf 84' lang='lat' dir='ltr'><strong>hl.</strong></span> <span class='ocrx_word' id='word_1_272' title='bbox 312 4639 390 4709; x_wconf 92' lang='lat' dir='ltr'><strong>Cato</strong></span> <span class='ocrx_word' id='word_1_273' title='bbox 416 4641 457 4708; x_wconf 88' lang='lat' dir='ltr'><strong>de</strong></span> <span class='ocrx_word' id='word_1_274' title='bbox 484 4640 811 4730; x_wconf 82' lang='lat' dir='ltr'><strong>Carthaginiensibus</strong></span> <span class='ocrx_word' id='word_1_275' title='bbox 838 4641 881 4708; x_wconf 89' lang='lat' dir='ltr'><strong>ita</strong></span> <span class='ocrx_word' id='word_1_276' title='bbox 907 4639 1051 4730; x_wconf 85' lang='lat' dir='ltr'><strong>scripsit:</strong></span> <span class='ocrx_word' id='word_1_277' title='bbox 1084 4637 1234 4708; x_wconf 89' lang='lat' dir='ltr'><strong>homines</strong></span> <span class='ocrx_word' id='word_1_278' title='bbox 1261 4637 1355 4706; x_wconf 89' lang='lat' dir='ltr'><strong>delo-</strong></span> 
     </span>
    </p>
   </div>
   <div class='ocr_carea' id='block_1_6' title="bbox 0 0 1769 5604">
    <p class='ocr_par' dir='ltr' id='par_1_6' title="bbox 0 0 1769 5604">
     <span class='ocr_line' id='line_1_34' title="bbox 0 0 1769 5604; baseline 0 0"><span class='ocrx_word' id='word_1_279' title='bbox 0 0 1769 5604; x_wconf 95' lang='lat' dir='ltr'><strong> </strong></span> 
     </span>
    </p>
   </div>
  </div>
 </body>
</html>
