3554 5600
427 643 498 713 266

423 839 513 912 lilius
543 843 615 912 cius
643 844 816 924 Ascanius,
853 843 945 914 idem
973 846 1032 940 qui
1065 849 1223 942 Eurylcn,
1258 849 1407 921 omnium
1434 853 1666 967 Latinorum·
1774 897 1775 922 ι

424 965 548 1035 iudicio
571 989 634 1036 rex
657 968 843 1060 appellatus
863 980 925 1040 etc.
944 1023 953 1040 .
975 1021 983 1040 .
1004 969 1154 1064 ‚ltaque
1179 973 1257 1043 vino
1282 997 1325 1043 ex
1348 975 1441 1044 omni
1464 973 1631 1046 vindemie
1774 1011 1775 1054 ς

425 1089 495 1160 lovi
519 1090 653 1183 publice
678 1104 755 1162 voto
781 1106 1052 1188 consensumque,
1087 1097 1197 1168 Latini
1223 1097 1305 1168 urbe
1330 1111 1513 1191 eruperunt
1539 1101 1629 1170 husu·
1774 1175 1775 1178 ,

425 1238 491 1308 que
522 1215 686 1308 praesidio
719 1217 958 1311 interfectoque
990 1223 1099 1292 Lauso
1132 1223 1331 1292 Mezentium
1370 1223 1484 1314 fugem
1518 1225 1630 1293 lucere

424 1351 617 1432 coegerunt.
654 1343 685 1412 ls
710 1353 822 1435 postea
847 1344 1057 1436 perlegales
1083 1346 1263 1415 amicitiem
1290 1345 1547 1439 societatemque
1567 1350 1634 1416 La-

423 1463 568 1534 tinorum
604 1464 800 1557 impetravit,
841 1477 876 1536 nt
905 1467 1000 1536 dccet
1026 1468 1148 1538 Lucius
1175 1468 1298 1538 Caesar
1323 1469 1381 1539 lib.
1409 1468 1440 1539 1.
1484 1471 1633 1563 itemque

423 1588 530 1659 Aulus
564 1588 748 1658 Postumius
783 1589 818 1658 in
850 1611 890 1658 eo
918 1590 1089 1660 volumine
1122 1592 1210 1684 quod
1244 1592 1285 1662 de
1317 1592 1460 1664 adventu
1495 1596 1632 1664 Aeneae

424 1711 619 1805 conscripsit
651 1721 749 1806 atque
785 1709 885 1783 dedit.
943 1713 1091 1784 Aurelius
1121 1713 1222 1785 lictor
1251 1717 1290 1786 de
1324 1719 1405 1808 oriq.
1428 1739 1460 1808 q.
1483 1718 1523 1786 ll.
1575 1715 1631 1788 15.

423 1831 459 1906 4.
484 1836 668 1906 Postumius
694 1835 834 1907 Albinus
859 1838 972 1907 enneli
998 1839 1108 1931 primo
1134 1838 1176 1908 de
1202 1840 1320 1910 Bruto:
1355 1863 1396 1908 ea
1427 1859 1529 1909 censa
1556 1863 1629 1910 sese

424 1960 558 2031 stultum
583 1959 783 2051 brutumque
809 1960 962 2043 iaciebat,
994 1961 1162 2052 grossulns
1187 1985 1229 2032 ex
1253 1963 1354 2032 melle
1380 1963 1511 2034 edehat„
1557 1966 1632 2036 llu-

424 2086 548 2156 crebius
572 2085 702 2156 Selom.
729 2080 764 2162 2,
797 2081 853 2154 16.

783 2775 837 2863 vt
885 2779 927 2864 Ι
954 2775 1123 2865 Pontus
1152 2775 1263 2864 hild.

502 2993 533 3060 l.
559 2991 636 3061 Post
662 2990 800 3061 annales
825 2989 1019 3084 pontificum
1042 2991 1349 3061 maximorum...
1373 2991 1404 3060 ei
1429 3002 1487 3062 aut
1505 2992 1547 3062 ed
1566 2995 1634 3064 Fa·
1774 2979 1775 3066 ι

424 3115 515 3186 hinm
542 3127 599 3185 uut
623 3115 665 3185 ed
691 3138 768 3184 enm
794 3115 853 3208 qui
876 3114 937 3185 tihi
963 3136 1094 3207 semper
1119 3114 1154 3182 in
1179 3137 1239 3183 ore
1260 3124 1310 3183 est
1326 3113 1484 3185 Catonem
1507 3129 1566 3186 unt
1591 3117 1633 3186 ad
1774 3159 1775 3208 3

424 3241 608 3310 Pisonem.
629 3219 637 3307 .
658 3291 665 3308 .
691 3237 816 3319 venias,
850 3259 1052 3330 quumqunm
1079 3259 1122 3306 ex
1147 3237 1199 3306 his
1224 3237 1310 3307 nlius
1336 3235 1404 3307 alio
1427 3238 1505 3330 plus
1531 3239 1635 3308 habet
1774 3209 1775 3226 ¹

423 3361 559 3444 virium,
595 3373 706 3431 temen
736 3359 815 3454 quid
848 3371 915 3430 tem
949 3357 1038 3430 exile
1070 3381 1169 3453 quem
1202 3357 1254 3428 isti
1279 3360 1417 3428 omnes?
1462 3361 1570 3431 Cicero
1595 3363 1635 3432 dn
1774 3335 1775 3360 ³

424 3487 545 3576 leqihus
566 3485 598 3565 1,
625 3485 660 3567 2,
687 3483 722 3555 6.
765 3485 924 3576 Origines
949 3485 1021 3554 eius
1046 3505 1148 3578 quem
1175 3483 1291 3553 llorem
1318 3495 1376 3553 aut
1400 3485 1490 3577 quod
1516 3486 1634 3556 lumen

424 3607 635 3704 eloquentiae
661 3629 729 3679 non
755 3609 900 3679 hahent?
941 3611 1113 3679 Amatores
1135 3605 1214 3678 huic
1239 3607 1369 3689 desunt,
1395 3609 1490 3678 sicuti
1517 3611 1634 3681 multis
1774 3601 1775 3612 ¹

423 3734 490 3804 iem
516 3745 592 3804 ente
617 3734 737 3804 seculis
763 3745 795 3803 et
819 3733 957 3803 Philisto
983 3732 1158 3827 Syracusio
1184 3741 1218 3800 et
1242 3733 1306 3826 ipsi
1330 3730 1528 3826 Thucydidi.
1576 3737 1634 3804 o·-

423 3879 490 3927 cero
514 3861 550 3928 in
574 3859 675 3928 Bruto
704 3857 760 3938 17,
787 3857 846 3928 66.
890 3854 1057 3944 [Catonis]
1084 3855 1242 3946 Origines
1267 3877 1344 3927 cum
1370 3857 1525 3928 omnihus
1551 3879 1634 3928 orn·

422 3981 516 4051 toriis
549 3982 702 4052 leudibus
737 3983 873 4052 refertas
904 3981 1033 4050 diceres
1066 3991 1097 4050 et
1128 3982 1288 4052 Catonem
1320 4003 1396 4051 cum
1426 3981 1567 4052 Philisto
1600 3993 1635 4052 et

422 4105 614 4199 Thucydide
640 4127 863 4198 comparares,
896 4107 1041 4175 Brutone
1066 4115 1097 4174 te
1123 4105 1156 4174 id
1183 4105 1340 4176 censebas
1371 4129 1413 4175 nn
1439 4107 1525 4176 mihi
1549 4127 1634 4198 pro-

422 4227 600 4300 baturum?
638 4251 721 4323 quos
747 4230 836 4298 enim
862 4252 904 4298 ne
933 4252 952 4298 e
979 4229 1114 4300 Graecis
1140 4228 1276 4322 quidem
1302 4229 1479 4323 quisquam
1506 4230 1633 4300 imitari

422 4366 540 4446 potest,
568 4354 619 4423 his
645 4362 681 4424 tu
706 4375 876 4445 comparas
906 4353 1077 4424 hominem
1099 4353 1322 4423 Tusculanum
1347 4353 1494 4424 nondum
1521 4355 1634 4447 suspi-
1774 4409 1775 4422 ,

423 4488 566 4560 cuntem,
593 4479 693 4573 quale
720 4491 805 4546 esset
827 4477 960 4570 copiose
986 4486 1018 4546 et
1043 4487 1158 4547 ornate
1174 4477 1311 4547 diceret
1350 4479 1455 4548 coeo
1475 4481 1511 4548 io
1528 4481 1633 4550 Bruto

421 4599 482 4684 85,
509 4600 593 4674 294.
648 4603 736 4672 Idem
767 4605 805 4670 de
835 4601 968 4672 Oratore
992 4602 1027 4684 2,
1057 4601 1114 4684 12,
1148 4601 1195 4675 52
1223 4625 1269 4695 sq.
1300 4626 1398 4696 sopra
1415 4627 1451 4696 p.
1478 4601 1563 4683 251,
1591 4603 1630 4674 2.

423 4725 503 4795 Ceto
531 4725 668 4795 Romani
696 4725 830 4815 generis
863 4725 1097 4794 disertissimus
1127 4726 1240 4818 paucis
1272 4725 1422 4795 absolvit.
1470 4727 1632 4796 Sulustim
