3582 5594
492 611 561 680 tta

488 810 555 880 alio
579 808 678 880 modo
703 830 812 902 neque
838 807 949 878 valent
973 808 1209 892 huniversus,
1236 831 1346 902 neque
1363 809 1582 881 conabuntur.
1624 813 1684 884 Ca·

486 934 614 1004 vendus
646 933 740 1004 dolus
774 942 833 1002 est.
889 935 1004 1026 ltaque
1037 935 1137 1014 simul
1172 946 1354 1028 conparant
1388 935 1619 1014 delenimenta,
1659 949 1685 1006 et

486 1058 644 1128 differunt
669 1079 726 1128 sos
751 1057 786 1126 in
811 1057 990 1128 adventum
1007 1057 1070 1128 Gn.
1090 1058 1244 1149 Pompei;
1271 1080 1371 1150 quem
1392 1059 1510 1151 ipsum,
1539 1059 1596 1128 ubi
1613 1083 1685 1152 per·

486 1184 639 1264 timuere,
665 1181 832 1252 sublatum
850 1180 884 1249 in
903 1182 1047 1252 cervices
1068 1203 1155 1264 suas,
1173 1205 1251 1252 moa
1268 1182 1401 1275 dempto
1417 1193 1508 1253 metu
1531 1183 1684 1254 lacerant.

486 1310 602 1401 Neque
627 1329 684 1376 ens
708 1305 822 1398 pudet,
850 1303 1006 1385 vindices,
1040 1307 1087 1376 uti
1112 1328 1147 1374 se
1173 1305 1293 1386 lerunt,
1329 1306 1500 1386 libertatis,
1530 1316 1578 1376 tot
1603 1309 1687 1376 viros

486 1433 558 1502 sine
587 1452 665 1510 nno,
698 1440 761 1532 ‘aut
792 1428 960 1498 remittere
990 1429 1146 1500 iniuriam
1175 1452 1243 1500 non
1275 1430 1411 1510 audere,
1451 1442 1508 1500 ant
1540 1431 1590 1501 ius
1622 1455 1686 1500 non

485 1577 582 1648 posse
603 1553 793 1624 defendere.
831 1552 913 1623 blibi
938 1552 1073 1646 quidem
1098 1553 1177 1623 satis
1197 1563 1377 1646 spectabam
1394 1565 1454 1634 est,
1481 1554 1685 1647 Pompeium,

486 1689 584 1748 mutu
610 1679 725 1770 gloria
750 1676 1007 1758 adulescentem,
1042 1677 1143 1749 malle
1168 1678 1353 1770 principem
1383 1678 1570 1749 volentibus
1596 1679 1688 1749 vobis

486 1825 569 1884 esse,
595 1825 697 1894 quam
722 1802 790 1872 illis
815 1801 1050 1871 dominationis
1076 1801 1215 1882 socium,
1250 1813 1486 1895 auctoremque
1512 1803 1546 1872 in
1572 1803 1688 1896 primis

485 1927 556 1998 lore
582 1925 767 1997 tribuniciae
794 1925 971 2018 potestatis.
1014 1924 1151 2007 Verum,
1178 1923 1337 2008 Quirites,
1366 1935 1463 1994 antea
1488 1926 1612 2016 singuli
1640 1926 1688 1995 ci-

485 2073 541 2120 ves
566 2050 601 2120 in
625 2049 788 2143 pluribus,
814 2071 882 2118 non
908 2048 942 2116 in
967 2069 1036 2118 uno
1057 2047 1167 2117 cuncti
1188 2047 1343 2139 praesidia
1358 2047 1551 2119 habebatis:
1577 2073 1688 2142 neque

485 2175 673 2245 mortalium
691 2173 867 2266 quisquam
885 2172 964 2243 dare
990 2182 1047 2242 aut
1071 2170 1200 2264 eripere
1225 2171 1305 2242 talia
1329 2195 1415 2242 unus
1439 2182 1577 2265 poterat
1620 2177 1688 2244 lta-

484 2323 550 2393 que
573 2298 752 2369 verborum
784 2297 862 2367 satis
895 2295 1018 2366 dictum
1052 2306 1112 2365 est.
1161 2296 1278 2388 Neque
1304 2297 1393 2366 enim
1419 2297 1609 2389 ignorantia
1635 2321 1688 2367 res

483 2423 621 2495 claudit.
664 2425 788 2494 Verum
813 2420 986 2513 occupavit
1009 2419 1122 2488 nescio
1147 2442 1215 2512 qua
1244 2442 1302 2489 vos
1333 2421 1481 2514 torpedo,
1518 2445 1586 2514 qua
1619 2445 1687 2491 non

484 2549 591 2639 gloria
622 2547 803 2616 movemini
832 2566 941 2636 neque
974 2543 1111 2634 llagitio,
1150 2555 1334 2638 cunctaque
1366 2545 1522 2637 praesenti
1553 2545 1688 2638 ignavia

483 2672 677 2754 mutavistis,
715 2670 846 2741 abunde
878 2669 1065 2738 libertatem
1094 2667 1168 2748 rati,
1208 2667 1287 2760 quia
1316 2669 1418 2761 tergis
1448 2669 1631 2740 abstinetur
1656 2682 1690 2739 et

483 2797 549 2868 buc
574 2797 623 2867 ire
648 2795 726 2866 licet
750 2805 849 2887 atque
875 2792 966 2873 illue,
1001 2813 1141 2861 munera
1171 2790 1287 2861 ditium
1313 2791 1534 2863 dominorum.
1576 2796 1689 2887 Atque

483 2922 556 2992 baec
581 2919 697 2990 eadem
723 2940 789 2988 non
824 2927 899 2986 sunt
924 2914 1128 3007 agrestibus,
1164 2913 1220 2984 scd
1255 2916 1425 2987 creduntur
1456 2917 1542 2986 iuter
1567 2931 1690 3010 peten-

483 3045 566 3115 tium
599 3042 789 3113 inimicitias
818 3041 971 3133 donoque
1003 3039 1121 3108 dantur
1152 3039 1188 3108 in
1214 3040 1400 3132 provincias
1424 3041 1687 3131 magistratibus.

481 3172 531 3239 lta
555 3177 721 3261 pugnatur
746 3178 778 3236 et
802 3164 945 3236 vincitur
969 3163 1101 3255 paneis:
1136 3163 1261 3255 plebes,
1293 3164 1526 3258 quodcumque
1551 3166 1688 3246 accidit,

482 3313 542 3383 pro
567 3291 660 3360 victis
686 3299 734 3358 est
758 3299 791 3359 et
815 3288 850 3357 in
876 3287 945 3358 dies
970 3285 1078 3378 magis
1103 3286 1187 3355 erit:
1226 3287 1255 3356 si
1279 3287 1415 3380 quidem
1441 3287 1569 3358 maiore
1604 3312 1689 3359 cura

481 3413 742 3484 dominationem
759 3413 809 3484 illi
831 3411 1030 3482 retinuerint
1050 3431 1150 3502 quam
1167 3433 1224 3480 vos
1245 3411 1464 3504 repetiveritis
1481 3410 1688 3482 libertatem.

705 3955 896 4040 llPldl'llll
921 3954 984 4039 llll.
1007 3953 1153 4039 tumul
1176 3952 1232 4037 tn
1256 3949 1453 4036 fllll'lll

553 4169 588 4240 Si
614 4168 770 4239 advorsus
795 4191 852 4236 vos
877 4167 1084 4260 patriamque
1110 4178 1142 4236 et
1167 4166 1246 4237 deos
1265 4165 1396 4236 Penatis
1421 4173 1468 4232 tot
1492 4163 1624 4232 labores
1651 4177 1695 4233 et

478 4292 628 4385 pericula
644 4289 872 4383 suscepissem,
899 4291 1051 4383 quotiens
1077 4313 1096 4362 a
1120 4290 1228 4384 prima
1246 4289 1471 4360 adulescentia
1488 4286 1587 4357 ductu
1605 4311 1695 4357 meo

477 4417 708 4488 scelestissumi
734 4415 843 4484 hostes
869 4414 933 4484 lusi
958 4424 991 4483 et
1014 4415 1108 4485 vobis
1133 4415 1221 4485 salus
1246 4414 1384 4507 quaesita
1410 4422 1468 4493 est,
1494 4409 1580 4480 nihil
1606 4433 1695 4480 am-

477 4541 565 4633 plius
590 4539 623 4610 in
650 4540 819 4609 absentem
844 4561 899 4606 me
930 4537 1130 4620 statuissetis,
1160 4559 1261 4631 quam
1293 4533 1402 4605 adhuc
1426 4533 1534 4626 agitis,
1567 4535 1695 4605 Patres

477 4663 664 4755 conscripti,
702 4683 801 4756 quem
837 4671 950 4732 contra
979 4669 1108 4730 sutem
1133 4659 1316 4752 proiectum
1345 4659 1388 4728 ad
1413 4656 1538 4728 bellum
1564 4657 1697 4726 saevis-
