3702 5600
430 601 501 672 sto

428 807 601 868 deteriores
623 805 754 867 Grutcri.
786 805 873 866 salva
895 805 1061 868 Latinitate
1086 811 1119 869 ct
1139 809 1280 870 historiar
1305 810 1366 871 lide
1387 815 1549 888 utrumque
1570 813 1636 874 dici

427 917 538 991 potest
561 914 616 972 sed
638 914 786 989 quaeritur
796 914 841 999 'de
855 911 983 974 Salustii
1003 915 1126 975 iudicio.
1148 916 1211 975 lam
1233 919 1359 994 primum
1381 920 1493 980 nullam
1507 939 1635 982 causam

427 1022 504 1080 sutis
528 1020 722 1098 probabilem
743 1021 895 1094 attuleris,
916 1039 969 1080 cur
990 1023 1170 1099 propositio
1191 1042 1240 1098 er,
1261 1025 1288 1084 si
1310 1043 1369 1086 non
1390 1028 1532 1088 inlibris
1554 1035 1636 1104 erat,

427 1145 445 1187 a
470 1127 606 1186 librariis
637 1126 810 1186 adderetur.
853 1126 903 1187 Ad
934 1129 1099 1188 ablativum
1130 1131 1278 1208 temporis
1310 1134 1388 1194 enim
1416 1135 1636 1211 explicandum

426 1234 508 1294 nulla
529 1235 747 1312 praepositione
773 1250 850 1312 opus
877 1235 942 1294 luit.
980 1235 1136 1294 Praeterea
1163 1253 1222 1295 non
1251 1255 1288 1297 ea
1314 1239 1412 1299 solum
1439 1245 1634 1318 tempestate,

425 1341 482 1400 sed
502 1357 559 1418 per
580 1341 712 1416 quinque
737 1340 885 1418 deinceps
915 1358 1011 1402 anuos
1042 1360 1118 1418 opes
1145 1344 1282 1404 civitatis
1309 1347 1337 1404 iu
1368 1346 1423 1406 illo
1444 1349 1520 1408 sitae.
1555 1349 1634 1408 Plus

424 1450 517 1526 igitur
538 1449 645 1508 tribuit
665 1449 762 1508 llario
784 1447 934 1508 Salustius
964 1451 1184 1525 praepositiune
1206 1469 1246 1509 em
1271 1451 1375 1514 addita
1394 1471 1484 1528 quam
1506 1457 1634 1515 omissa.

425 1555 550 1616 Scilicet
570 1557 796 1633 praepositionis
826 1571 862 1614 ea
893 1557 941 1614 vis
970 1561 1028 1629 est,
1062 1563 1094 1614 ut
1116 1555 1268 1616 Salustius
1290 1560 1407 1618 tanbrm
1428 1565 1547 1638 tempus
1570 1562 1632 1623 de-

425 1667 535 1743 signet,
565 1683 604 1724 ex
631 1681 691 1740 quo
712 1667 797 1724 tauta
818 1665 907 1724 illarii
929 1666 1100 1725 auctoritas
1121 1683 1192 1726 esse
1215 1668 1317 1745 capit,
1343 1673 1377 1727 ut
1397 1671 1495 1728 omnis
1516 1669 1632 1730 salutis

424 1789 497 1849 spes
526 1773 556 1830 in
587 1787 625 1830 eo
653 1772 757 1849 posita
784 1773 960 1847 putaretur;
991 1772 1052 1831 boc
1080 1777 1181 1832 autem
1209 1774 1339 1833 omnium
1362 1774 1506 1834 iudicium
1527 1775 1631 1835 luisse

424 1877 582 1954 significet.
620 1877 681 1936 lam
707 1878 809 1952 cogita
838 1879 950 1952 quanta
971 1877 1072 1954 gloria
1098 1879 1188 1938 Marii
1208 1879 1310 1954 luerit,
1336 1885 1449 1955 quanta
1470 1883 1536 1941 eius
1557 1883 1631 1941 vir-

424 1985 497 2043 tutis
524 1984 694 2058 admiratio,
728 1988 760 2044 et
788 2001 876 2059 quam
905 1986 1084 2063 praeclarum
1114 1986 1153 2045 de
1179 2004 1217 2046 eo
1250 1987 1361 2048 lecerit
1387 1989 1532 2048 iudicium
1569 1989 1631 2048 Sa-

422 2091 540 2150 lustius.
575 2089 646 2158 Quae
668 2091 790 2166 quidem
810 2092 911 2151 omnia
931 2092 976 2151 ita
996 2095 1171 2168 comparata
1188 2098 1268 2158 sunt.
1292 2100 1324 2154 ut
1341 2093 1434 2154 facile
1449 2095 1627 2156 credideris

423 2196 587 2256 Salustium
602 2198 631 2256 in
647 2198 724 2257 tanti
738 2199 797 2256 viri
812 2199 966 2275 praecouio
987 2199 1109 2258 modum
1130 2217 1201 2260 esse
1222 2203 1457 2276 transgressum.
1484 2203 1630 2263 Accessit

424 2305 502 2379 quod
536 2303 611 2363 belli
638 2304 808 2380 Iugurthini
840 2305 1005 2365 historiam
1034 2305 1170 2383 inprimis
1201 2323 1238 2366 ao
1272 2308 1402 2368 consilio
1433 2310 1629 2369 scribendam

422 2415 610 2489 susceperat,
647 2412 728 2487 quud
760 2428 797 2471 eo
829 2416 969 2489 tempore
1007 2412 1160 2490 superbia
1192 2415 1362 2474 nobilitatis
1398 2416 1522 2475 obviam
1552 2417 1629 2476 itum

422 2521 479 2579 est.
508 2518 570 2579 lam
584 2535 661 2595 opes
675 2519 845 2578 nobilitatis
860 2519 967 2580 irnctae
982 2528 1014 2580 et
1028 2521 1136 2580 consul
1148 2521 1289 2596 plebeius
1306 2541 1382 2582 unus
1398 2525 1500 2582 omnia
1514 2525 1627 2599 potuit.

421 2626 515 2685 Recte
532 2626 625 2700 igitur
644 2641 684 2683 er
702 2641 739 2685 ea
754 2629 812 2684 etc.
844 2625 960 2695 Quodsi
975 2626 1069 2704 igitur
1083 2628 1183 2685 animo
1204 2629 1408 2704 reputaveris,
1430 2633 1575 2703 quantum
1596 2632 1627 2688 in

422 2733 585 2791 discrimen
611 2749 663 2792 res
690 2733 812 2809 publice
839 2735 971 2795 adducta
1000 2735 1101 2811 luerit,
1133 2737 1216 2811 quod
1243 2737 1413 2813 periculum
1438 2738 1508 2798 sola
1535 2739 1628 2798 ilarii

423 2840 535 2899 virtute
556 2838 716 2915 depulsum
736 2846 792 2916 est,
816 2839 971 2902 nc'uimiae
993 2843 1116 2918 quidem
1143 2844 1210 2902 eius
1234 2844 1292 2903 uiri
1319 2845 1427 2903 lauder
1449 2845 1549 2904 videri
1568 2846 1627 2904 de-

421 2947 503 3020 bent,
532 2947 571 3004 de
594 2964 653 3022 quo
678 2949 828 3024 praeelare
857 2949 967 3009 Florus
989 2969 1030 3009 ιιι.
1062 2952 1089 3008 l.
1112 2953 1139 3009 3.
1171 2953 1268 3010 Achrm
1290 2959 1362 3022 crui,
1388 2956 1418 3010 ni
1444 2953 1558 3012 Murius
1583 2953 1627 3010 illi

421 3054 526 3113 romulo
547 3057 719 3130 corrupisset.

849 3471 881 3544 u.
906 3473 1064 3548 salutm
1090 3473 1204 3547 unisti

535 3619 732 3693 umutile
758 3621 804 3693 tl
830 3621 1009 3696 thetole
1035 3625 1232 3698 nummu
1253 3625 1299 3697 ut
1326 3625 1508 3698 merulus

499 3795 532 3854 ln
555 3795 754 3855 emendandis
778 3798 970 3859 orationibus
1002 3805 1033 3860 et
1062 3801 1205 3878 epistulis
1237 3818 1276 3860 ex
1299 3799 1502 3860 Historiarum
1531 3799 1624 3860 libris

418 3903 580 3965 admodum
615 3904 719 3964 utilem
752 3923 877 3982 operam
905 3909 1009 3985 posuit
1044 3909 1075 3969 G.
1104 3911 1252 3984 Orellios,
1289 3909 1338 3968 vir
1369 3907 1519 3983 quondam
1547 3906 1625 3964 mihi

418 4011 627 4090 amicissimus,
649 4015 735 4075 cuius
756 4017 871 4076 obitum
894 4018 1056 4077 etiamnum
1077 4019 1181 4078 illusas
1201 4017 1326 4078 Latinas
1350 4017 1466 4077 dellere
1487 4021 1621 4092 putave-

416 4117 482 4175 rim.
512 4117 568 4184 uui
590 4119 721 4195 quidem,
742 4139 806 4180 cum
829 4125 900 4181 ante
922 4123 980 4182 hos
1001 4143 1084 4184 xvm.
1106 4140 1202 4182 annos
1219 4123 1380 4182 consilium
1398 4123 1524 4181 minoris
1549 4123 1622 4180 odi·

416 4224 509 4283 tionis
524 4223 704 4286 Salustianae
721 4229 879 4304 agitarem,
902 4246 961 4288 non
983 4230 1073 4291 modo
1096 4229 1226 4290 oonsilio
1248 4246 1296 4288 me
1316 4230 1437 4290 adiuvit
1453 4229 1508 4288 sed
1527 4229 1622 4289 etiam

415 4330 483 4407 ipse
504 4331 663 4392 historiam
680 4333 826 4408 criticam,
849 4353 938 4410 quam
959 4335 1012 4394 ille
1033 4335 1210 4412 appellavit,
1238 4335 1413 4413 eclogarum
1436 4351 1474 4394 ex
1492 4334 1622 4394 Salustii

414 4435 616 4499 historiarum
626 4441 716 4501 libris
728 4442 891 4504 elaborare
902 4445 995 4520 cmpit
1006 4449 1038 4504 et
1050 4443 1090 4504 ad
1099 4444 1227 4522 primam
1238 4444 1358 4520 quidem
1372 4444 1539 4504 orationem
1552 4442 1620 4503 lar-

414 4543 550 4619 raginsm
564 4544 729 4607 lectionum
740 4549 921 4610 variantium
935 4552 1103 4627 congessit.
1120 4551 1204 4611 ldem
1224 4551 1282 4610 iam
1301 4557 1392 4610 autea
1407 4549 1532 4609 easdem
1547 4549 1619 4609 illas

415 4651 572 4711 orationes
594 4657 626 4712 et
647 4653 796 4729 epistolas
818 4656 1035 4717 emendaverat
1057 4663 1089 4717 et
1110 4657 1283 4718 scholarum
1306 4658 1337 4716 iu
1357 4673 1446 4716 usum
1468 4657 1617 4716 ediderat
