3614 5588
450 653 497 724 to

450 853 645 924 clarissuma
662 853 906 938 Corneliorum,
933 854 991 947 qui
1008 856 1181 926 consulare
1196 856 1375 949 imperium
1399 856 1512 925 Romae
1538 854 1645 924 babu-

451 986 537 1060 erat,
562 977 699 1070 dignum
724 979 871 1048 moribus
892 979 1051 1071 lactisque
1075 979 1143 1050 suis
1160 979 1296 1050 exitium
1322 979 1397 1050 vitae
1422 979 1556 1051 invenit.
1594 980 1644 1048 lle

451 1101 615 1194 Cethego,
643 1102 785 1183 Statilio,
818 1101 979 1183 Gabinio,
1006 1103 1156 1196 Caepario
1182 1103 1299 1173 eodem
1325 1103 1423 1176 modo
1447 1102 1645 1197 supplicium

450 1235 615 1319 sumptum
640 1235 699 1296 est.

524 1373 590 1422 rvr.
641 1352 730 1421 Dum
755 1373 796 1421 ea
819 1352 934 1421 llomae
960 1362 1135 1442 geruntur,
1171 1353 1315 1425 Catilina
1348 1377 1390 1424 ex
1423 1353 1513 1424 omni
1538 1352 1646 1445 copia,

450 1499 552 1568 quam
577 1485 611 1544 et
642 1475 711 1568 ipse
737 1475 919 1546 adduxerat
952 1484 984 1544 et
1011 1477 1154 1547 Manlius
1179 1476 1358 1560 babuerat,
1393 1477 1474 1548 duas
1499 1477 1648 1568 legiones

452 1598 604 1680 instituit,
638 1597 788 1670 cobortes
819 1621 878 1692 pro
907 1621 1046 1669 numero
1072 1600 1215 1671 militum
1240 1602 1401 1694 complet;
1440 1599 1578 1682 deinde,
1612 1609 1648 1669 ut

451 1723 592 1816 quisque
615 1723 818 1793 voluntarius
843 1731 899 1793 aut
923 1746 965 1793 ex
989 1723 1087 1792 sociis
1112 1723 1147 1792 in
1166 1733 1274 1794 eastra
1297 1735 1450 1806 venerat,
1476 1721 1648 1817 equaliter

452 1846 678 1930 distribuerat,
704 1869 744 1916 ac
768 1847 860 1918 brevi
877 1847 983 1941 spatio
1008 1848 1156 1938 legiones
1182 1870 1321 1919 numero
1335 1848 1507 1918 bominum
1533 1848 1648 1940 exple-

451 1981 563 2052 verat,
612 1994 688 2040 cum
730 1970 825 2041 initio
859 1992 927 2041 non
960 1972 1102 2065 amplius
1136 1973 1265 2043 duobus
1299 1972 1433 2043 milibus
1468 1970 1647 2042 habuisset.

452 2096 516 2167 Sed
541 2119 583 2166 ex
607 2095 698 2165 omni
716 2094 812 2188 copia
836 2095 967 2166 circiter
988 2117 1064 2188 pars
1088 2107 1206 2189 quarta
1231 2107 1303 2166 erat
1324 2096 1522 2166 militaribus
1548 2096 1649 2166 armis

453 2220 626 2302 instructa;
665 2219 780 2301 ceteri,
816 2228 852 2289 ut
886 2241 1052 2312 quemque
1083 2243 1178 2290 casus
1210 2230 1412 2302 armaverat,
1448 2241 1561 2312 sparos
1593 2229 1649 2289 aut

451 2344 600 2425 lanceas,
626 2342 684 2414 alii
709 2351 891 2436 praeacutas
916 2343 1012 2414 sudes
1037 2345 1219 2437 portabant
1263 2343 1327 2415 Sed
1354 2354 1525 2438 postquam
1543 2345 1649 2414 Anto-

452 2468 528 2537 nius
552 2490 628 2537 cum
653 2467 800 2538 exercitu
826 2466 1035 2550 adventabat,
1062 2468 1206 2539 Catilina
1223 2492 1282 2563 per
1309 2479 1435 2539 montes
1453 2468 1649 2547 iterfacere,

452 2592 551 2663 modo
579 2591 621 2660 ad
651 2591 784 2674 urbem,
810 2591 910 2660 modo
944 2590 1088 2661 Galliam
1117 2615 1230 2662 versus
1253 2604 1359 2663 castra
1376 2615 1519 2674 movere,
1545 2591 1650 2662 bosti-

452 2717 514 2786 bus
539 2716 745 2786 occasionem
762 2715 931 2807 pugnandi
948 2737 1014 2785 nou
1038 2717 1134 2799 dare;
1160 2716 1313 2810 sperabat
1336 2717 1528 2810 propediem
1553 2736 1651 2805 mag-

453 2863 512 2910 nas
537 2841 648 2933 copias
665 2861 735 2910 sese
754 2838 958 2921 habiturum,
984 2841 1012 2908 si
1036 2841 1150 2910 Romae
1168 2841 1250 2911 socii
1269 2841 1400 2933 incepta
1424 2839 1650 2932 patravissent.

453 2967 583 3034 luterea
607 2964 738 3034 servitia
762 2963 971 3056 repudiabat,
998 2966 1092 3035 cuius
1109 2967 1204 3034 initio
1230 2966 1365 3037 adeum
1391 2985 1521 3056 magnae
1547 2961 1650 3055 eopiae

453 3089 709 3168 concurrebant,
735 3087 853 3180 opibus
878 3087 1115 3159 coniurationis
1140 3090 1256 3171 lretus,
1287 3088 1386 3159 simul
1411 3086 1557 3157 alienum
1582 3084 1651 3154 suis

453 3213 635 3285 rationibus
660 3211 882 3293 existumans,
906 3211 1011 3284 videri
1038 3235 1172 3284 causam
1202 3213 1324 3284 civium
1341 3235 1417 3282 cum
1434 3210 1537 3282 servis
1563 3207 1652 3299 lugi-

452 3338 525 3408 tivis
552 3335 846 3408 conmunicavisse.

526 3485 604 3532 nvn.
654 3459 718 3530 Sed
735 3467 909 3552 postquam
927 3461 961 3529 in
979 3472 1086 3532 castra
1103 3463 1236 3532 nuntius
1250 3461 1417 3555 pervenit,
1442 3460 1556 3529 Romae
1569 3479 1652 3526 oon-

453 3588 650 3660 iurationem
674 3586 880 3678 patefactam,
907 3584 948 3655 de
965 3586 1106 3656 Lentulo
1131 3596 1164 3654 et
1180 3584 1326 3676 Cethego
1343 3583 1543 3674 ceterisque,
1569 3602 1652 3674 quos

453 3710 770 3805 supramemoravi,
795 3709 994 3801 supplicium
1007 3720 1191 3802 sumptum;
1218 3707 1388 3802 plerique,
1415 3728 1496 3797 quos
1519 3705 1561 3774 ad
1578 3703 1652 3774 bel-

452 3836 522 3906 lum
548 3857 621 3928 spes
655 3834 848 3927 rapinarum
880 3843 937 3902 aut
969 3855 1130 3904 novarum
1163 3855 1274 3902 rerum
1307 3831 1452 3901 studium
1487 3829 1650 3910 illexerat,

453 3959 663 4038 dilabuntur;
698 3959 845 4050 reliquos
870 3958 1014 4029 Catilina
1044 3980 1105 4050 per
1129 3965 1256 4026 montes
1282 3977 1415 4048 asperos
1440 3953 1571 4045 magnis
1595 3953 1654 4022 iti-

452 4083 587 4154 neribus
617 4083 652 4152 in
684 4104 801 4174 agrum
826 4081 1058 4152 Pistoriensem
1091 4079 1225 4151 abducit
1258 4101 1299 4149 eo
1328 4077 1482 4158 consilio,
1521 4077 1568 4147 uti
1593 4098 1653 4169 per

453 4208 598 4277 tramites
626 4207 753 4276 occulte
780 4206 970 4299 perfugeret
994 4204 1028 4272 in
1055 4204 1199 4274 Galliam
1224 4203 1487 4295 Transalpinam.
1535 4203 1580 4273 At
1609 4200 1652 4284 Q.

452 4331 603 4402 Metellus
616 4329 712 4400 Celer
740 4351 815 4399 cum
841 4328 944 4398 tribus
970 4328 1155 4420 legionibus
1182 4327 1216 4396 in
1242 4349 1324 4419 agro
1348 4327 1470 4397 Piceno
1494 4325 1655 4419 preside-

452 4455 528 4536 bat,
554 4478 596 4525 ex
620 4451 812 4522 difficultate
842 4475 954 4524 rerum
980 4452 1096 4522 eadem
1122 4452 1181 4520 illa
1206 4452 1426 4532 existumans,
1453 4471 1527 4541 quae
1552 4471 1654 4541 supra

453 4579 597 4649 diximus
628 4577 806 4649 Catilinam
832 4576 969 4669 agitare.
1005 4577 1127 4669 lgitur,
1165 4575 1221 4646 ubi
1255 4576 1317 4645 iter
1341 4575 1412 4644 eius
1438 4597 1480 4644 ex
1505 4571 1652 4667 perfugis

454 4703 620 4794 cognovit,
647 4713 752 4772 castra
769 4724 908 4795 propere
925 4701 1028 4771 movit
1045 4723 1083 4770 ao
1108 4701 1168 4772 sub
1195 4702 1273 4793 ipsis
1299 4698 1463 4771 radicibus
1488 4698 1650 4770 montium
