3554 5600
1289 639 1356 706 eal

141 843 250 902 retur.
293 835 353 902 70.
380 831 446 902 Sed
471 833 625 904 Metellus
651 833 685 902 in
711 835 858 904 volnere.
903 836 963 904 71.
991 837 1060 905 1515
1087 859 1215 916 eorum,
1242 838 1298 931 qui
1326 839 1361 906 in

142 955 289 1026 llnmine
301 957 455 1038 ruebant,
479 957 693 1027 necabantur.
737 961 797 1028 72.
823 958 1050 1029 Circumventi
1066 982 1086 1027 a
1100 959 1246 1042 dextera,
1273 961 1361 1031 unde

142 1080 275 1149 terrum
303 1089 385 1158 erat,
412 1102 493 1149 saxa
516 1081 575 1150 aut
600 1081 680 1174 qnid
707 1082 772 1150 tale
793 1081 901 1174 capita
927 1081 1143 1174 adfligebant.
1189 1085 1247 1155 73.
1278 1087 1361 1170 0515

142 1228 161 1272 5
189 1207 345 1275 Sertorio
378 1206 523 1300 triplices
559 1206 688 1276 insidias
720 1230 781 1300 per
810 1208 947 1278 idoneos
981 1210 1083 1279 saltus
1109 1211 1223 1302 positae
1250 1223 1360 1293 erant;

144 1331 268 1422 prima,
305 1329 363 1423 qui
389 1329 495 1398 fronte
521 1329 683 1400 venientis
710 1319 913 1425 exciperent.
961 1332 1019 1400 71.
1044 1335 1129 1403 Eam
1160 1332 1361 1403 deditionem

142 1467 284 1524 senatus
296 1477 356 1547 per
370 1455 503 1524 nuntios
517 1453 644 1524 Orestis
658 1456 826 1546 cognitam
840 1445 1012 1550 adprobet.
1052 1458 1111 1527 75.
1131 1457 1258 1528 Eodem
1272 1481 1361 1528 anno

143 1579 178 1648 in
192 1579 395 1649 Macedonia
417 1581 455 1650 G.
473 1579 587 1662 Curio,
614 1581 779 1674 principio
805 1582 891 1651 veris
914 1583 1100 1652 cumomni
1122 1585 1269 1654 exercitu
1283 1607 1362 1677 pro-

143 1703 253 1772 tectus
274 1705 308 1772 in
325 1704 540 1786 Dardaniam,
566 1703 687 1798 quilius
704 1705 810 1798 potuit
826 1706 944 1788 modis,
962 1708 1120 1800 pecunias
1138 1708 1246 1800 Appio
1260 1708 1361 1778 dictas

145 1828 272 1919 coegit
312 1831 371 1898 76.
398 1831 592 1920 Nomenque
618 1829 811 1900 Danubium
838 1829 1152 1903 habet-Omnium
1172 1833 1361 1913 fluminum.

144 1975 223 2044 quae
242 1953 279 2021 in
293 1953 411 2034 maria,
431 1975 498 2046 qua
517 1954 692 2046 imperium
714 1955 898 2024 Romanum
918 1966 977 2037 est,
999 1957 1115 2037 linunt,
1134 1980 1235 2050 quam
1254 1959 1362 2029 Graeci

144 2069 203 2166 τήν
235 2073 319 2144 ε’ἰσω
348 2072 520 2147 θάλασσαν
544 2077 723 2170 adpellant,
754 2078 937 2149 maximum
964 2103 1035 2150 esse
1058 2082 1169 2150 Nilum
1195 2083 1363 2151 consenti-

147 2211 220 2278 tur;
265 2200 418 2291 proxima
456 2223 526 2270 esse
565 2201 794 2292 magnitudine
833 2203 983 2274 Histrum
1021 2204 1150 2296 scripsit
1188 2204 1360 2274 Salustius.

148 2325 208 2392 77.
237 2323 352 2392 Ventis
378 2346 437 2417 per
462 2347 544 2394 cava
570 2335 665 2395 terrae
688 2325 794 2394 citatis
819 2327 906 2418 rupti
928 2328 1053 2419 aliquot
1076 2338 1201 2397 montes
1225 2329 1362 2400 tumuli-

148 2471 216 2538 que
253 2447 381 2518 sedere.
435 2448 494 2519 78.
530 2448 713 2518 Turhioum
744 2462 849 2519 motus
875 2475 978 2542 vagus
1004 2464 1052 2521 est
1078 2465 1111 2521 et
1136 2452 1290 2522 disiectus
1316 2462 1362 2534 51,

149 2571 196 2640 uti
224 2571 362 2640 Salustii
389 2572 497 2643 verbis
525 2583 617 2653 utar.
635 2572 827 2642 vorticosus.
871 2575 929 2644 79.
957 2576 999 2645 Ut
1023 2577 1154 2644 actione
1180 2575 1360 2646 desisteret.

150 2815 182 2870 ct
195 2809 252 2869 lib.
268 2828 309 2870 nu
325 2810 475 2886 laudetur,
497 2812 554 2871 sod
568 2811 629 2871 hoo
644 2829 752 2872 erroro
770 2811 901 2890 11555511,
916 2813 1056 2874 51551515
1071 2821 1156 2892 atque
1169 2819 1360 2892 1155555515

149 2924 239 2979 recto
253 2918 317 2996 legi
333 2917 462 2980 videtur.
486 2921 532 2979 ro.
550 2919 626 2980 lion.
645 2919 685 2980 ad
696 2920 791 2980 Andr.
811 2923 942 2982 7.1.111.
967 2920 1054 2994 (155.)
1085 2922 1361 3002 71115511151515.

150 3029 178 3084 3.
195 3027 224 3084 7.
245 3028 294 3084 71.
318 3042 426 3100 „ruere
444 3027 524 3086 onim
545 3029 678 3086 ostiolo
697 3042 830 3104 corpore
854 3029 896 3087 uti
913 3027 954 3088 ad
971 3028 1197 3106 impellendum.
1213 3030 1294 3105 quod
1310 3028 1362 3090 15-

150 3133 244 3208 niunt,
268 3133 321 3209 qni
342 3133 404 3210 ipsi
423 3133 600 3211 praecipites
621 3134 701 3193 alios
721 3138 929 3210 prosternunt.
972 3136 1019 3195 77.
1041 3135 1148 3195 Arcus.
1164 3152 1194 3213 p.
1210 3137 1317 3196 7155.
1332 3155 1361 3196 v.

150 3237 389 3314 5111055851
402 3239 482 3299 nardo
495 3241 618 3318 [555555.
633 3240 721 3301 15555
731 3241 855 3300 videtur·
868 3258 940 3301 5555
954 3245 1124 3320 corruptus.
1169 3244 1216 3303 73.
1228 3242 1314 3303 Serv.
1327 3241 1361 3303 o.

151 3348 179 3404 7.
194 3347 244 3406 98.
254 3347 295 3404 ad
309 3345 386 3405 Aen.
405 3350 450 3404 11.
465 3347 534 3406 896.
555 3346 718 3406 laudantur
735 3347 800 3407 haec
813 3364 830 3407 5
846 3349 939 3408 tortio
955 3349 1035 3409 libro
1051 3352 1175 3410 etreote
1189 3352 1363 3428 composita

151 3459 224 3512 snut
245 3456 376 3530 propter
393 3455 489 3528 primo
510 3455 542 3512 et
555 3451 637 3528 quod
651 3452 779 3513 Servius
794 3454 894 3514 addit:
920 3473 1005 3531 „cnm
1020 3456 1058 3516 de
1079 3457 1199 3516 insidiis
1212 3457 1362 3532 loquere-

152 3569 211 3635 tur,
241 3577 319 3635 quas
346 3559 464 3618 numeri
492 3561 609 3618 tentum
630 3559 761 3636 pluralis
788 3578 860 3620 osso
882 3562 1043 3638 plusquam
1065 3561 1258 3624 manifestum
1282 3555 1362 3624 est.“
1393 3615 1397 3622 .

153 3667 202 3724 71.
224 3665 322 3725 Prisc.
350 3665 377 3724 6.
408 3667 453 3722 11.
475 3665 549 3754 758.
598 3666 644 3724 75.
666 3663 742 3726 Ν55.
770 3669 837 3726 7811.
865 3669 912 3726 70.
941 3669 971 3727 15
1000 3667 1085 3729 Codd
1120 3667 1208 3729 (1.1..
1231 3671 1362 3747 55115-

150 3773 247 3848 pind.
271 3773 362 3848 Appio
388 3774 426 3852 oj.
454 3772 544 3832 Roth.
574 3773 688 3848 „dicere
714 3775 805 3834 otiam
834 3771 1032 3852 promittere“
1061 3775 1136 3838 Non.
1181 3778 1362 3839 78115555.

153 3877 225 3939 1155.
233 3880 272 3938 Α.
286 3879 319 3938 P.
330 3881 376 3939 18.
402 3882 449 3938 77.
461 3878 664 3939 1551150511.
681 3879 736 3939 lld.
752 3881 873 3941 Puteoli.
885 3900 914 3959 p.
927 3884 1016 3942 7791.
1041 3883 1362 3945 aristotelem.

156 3985 191 4044 G.
206 3987 316 4046 7179.
339 3985 426 4045 Serv.
440 3986 549 4046 habet:
570 3989 645 4045 55511
659 3995 904 4062 5555551555
919 3993 1004 4049 511511.
1026 3990 1129 4050 isidor.
1145 4009 1169 4050 5.
1181 4009 1212 4066 p.
1233 4009 1364 4051 5555555

155 4099 243 4153 15555
260 4096 439 4168 5555159511.
470 4093 563 4152 etiam
585 4092 672 4152 Serv.
704 4094 775 4169 „alii
804 4095 910 4154 dicunt
930 4100 1041 4156 ventos
1068 4113 1139 4157 5555
1167 4099 1197 4156 15
1228 4100 1363 4157 55555515

156 4203 256 4274 terroe,
279 4199 331 4275 qui
358 4201 460 4259 motus
485 4199 576 4258 otiam
597 4193 735 4274 movet“;
764 4202 845 4261 unde
870 4207 956 4262 recte
985 4203 1053 4280 quis
1080 4203 1208 4282 colligat
1236 4221 1364 4264 5555555

156 4323 260 4365 veram
282 4321 352 4365 esse
374 4305 546 4365 lectionem.
588 4305 725 4365 lsidorus
747 4306 786 4366 de
808 4324 867 4366 555.
884 4314 942 4368 551.
959 4314 1104 4386 corupte:
1127 4309 1213 4369 veluti
1220 4327 1277 4384 per
1291 4326 1364 4369 5555

156 4419 243 4472 15555
247 4415 426 4487 5555151155.
443 4416 579 4472 ceterum
590 4429 718 4472 5555555
730 4411 826 4473 hebet
835 4414 927 4474 etiam
939 4413 1096 4475 claudian.
1106 4413 1228 4476 Consul.
1250 4415 1363 4476 llonor.

156 4519 205 4578 16.
226 4523 258 4579 51
279 4535 408 4578 5555555
431 4525 519 4578 terro
540 4517 802 4579 15515515576
832 4537 889 4598 pro
912 4524 991 4580 citati
1005 4526 1054 4581 551
1073 4539 1121 4599 ap.
1137 4521 1278 4582 Servium
1299 4539 1363 4582 var.

158 4625 227 4685 leot
242 4625 395 4698 concitati,
409 4628 501 4684 555115
520 4627 552 4684 51
564 4628 658 4686 5115115
669 4624 791 4687 Curtius
806 4627 946 4687 coniecit.
989 4629 1036 4686 78.
1053 4626 1171 4688 Seneca
1183 4627 1261 4698 1111.
1275 4631 1362 4690 5558.

160 4731 206 4790 79.
228 4731 332 4790 Arcus.
356 4749 379 4789 s.
401 4749 429 4789 v.
450 4730 511 4790 1155.
533 4733 602 4790 771.
