<?xml version="1.0" encoding="UTF-8"?>
<!DOCTYPE html PUBLIC "-//W3C//DTD XHTML 1.0 Transitional//EN"
    "http://www.w3.org/TR/xhtml1/DTD/xhtml1-transitional.dtd">
<html xmlns="http://www.w3.org/1999/xhtml" xml:lang="en" lang="en">
 <head>
  <title>
</title>
<meta http-equiv="Content-Type" content="text/html;charset=utf-8" />
  <meta name='ocr-system' content='tesseract 3.04.00' />
  <meta name='ocr-capabilities' content='ocr_page ocr_carea ocr_par ocr_line ocrx_word'/>
</head>
<body>
  <div class='ocr_page' id='page_1' title='image "./gaisalustiicris00rothgoog_0027.png"; bbox 0 0 3610 5592; ppageno 0'>
   <div class='ocr_carea' id='block_1_1' title="bbox 1071 646 1119 693">
    <p class='ocr_par' dir='ltr' id='par_1_1' title="bbox 1071 646 1119 693">
     <span class='ocr_line' id='line_1_1' title="bbox 1071 646 1119 693; baseline 0.021 -1"><span class='ocrx_word' id='word_1_1' title='bbox 1071 646 1119 693; x_wconf 72' lang='lat' dir='ltr'><strong>XX</strong></span> 
     </span>
    </p>
   </div>
   <div class='ocr_carea' id='block_1_2' title="bbox 492 817 1715 4724">
    <p class='ocr_par' dir='ltr' id='par_1_2' title="bbox 492 817 1706 3120">
     <span class='ocr_line' id='line_1_2' title="bbox 492 817 1690 898; baseline 0.006 -22"><span class='ocrx_word' id='word_1_2' title='bbox 492 817 581 877; x_wconf 89' lang='lat' dir='ltr'><strong>stium</strong></span> <span class='ocrx_word' id='word_1_3' title='bbox 596 817 705 894; x_wconf 87' lang='lat' dir='ltr'><strong>arguit,</strong></span> <span class='ocrx_word' id='word_1_4' title='bbox 719 817 799 878; x_wconf 88' lang='lat' dir='ltr'><strong>hanc</strong></span> <span class='ocrx_word' id='word_1_5' title='bbox 813 818 960 878; x_wconf 80' lang='lat' dir='ltr'><strong>maculam</strong></span> <span class='ocrx_word' id='word_1_6' title='bbox 974 818 1068 880; x_wconf 74' lang='lat' dir='ltr'><strong>facilc</strong></span> <span class='ocrx_word' id='word_1_7' title='bbox 1081 820 1143 881; x_wconf 87' lang='lat' dir='ltr'><strong>elui</strong></span> <span class='ocrx_word' id='word_1_8' title='bbox 1153 837 1249 897; x_wconf 85' lang='lat' dir='ltr'><strong>posse</strong></span> <span class='ocrx_word' id='word_1_9' title='bbox 1261 821 1444 881; x_wconf 85' lang='lat' dir='ltr'><strong>existimant.</strong></span> <span class='ocrx_word' id='word_1_10' title='bbox 1477 821 1592 882; x_wconf 75' lang='lat' dir='ltr'><strong>(lasani</strong></span> <span class='ocrx_word' id='word_1_11' title='bbox 1604 824 1690 898; x_wconf 88' lang='lat' dir='ltr'><strong>enim,</strong></span> 
     </span>
     <span class='ocr_line' id='line_1_3' title="bbox 492 924 1691 1006; baseline 0.005 -23"><span class='ocrx_word' id='word_1_12' title='bbox 492 941 551 984; x_wconf 93' lang='lat' dir='ltr'><strong>non</strong></span> <span class='ocrx_word' id='word_1_13' title='bbox 567 924 627 985; x_wconf 89' lang='lat' dir='ltr'><strong>sibi</strong></span> <span class='ocrx_word' id='word_1_14' title='bbox 641 927 743 1002; x_wconf 81' lang='lat' dir='ltr'><strong>rapuit</strong></span> <span class='ocrx_word' id='word_1_15' title='bbox 753 925 919 987; x_wconf 78' lang='lat' dir='ltr'><strong>Salustius!</strong></span> <span class='ocrx_word' id='word_1_16' title='bbox 942 927 992 987; x_wconf 88' lang='lat' dir='ltr'><strong>Sic</strong></span> <span class='ocrx_word' id='word_1_17' title='bbox 1008 928 1075 987; x_wconf 90' lang='lat' dir='ltr'><strong>Vos</strong></span> <span class='ocrx_word' id='word_1_18' title='bbox 1089 945 1150 986; x_wconf 91' lang='lat' dir='ltr'><strong>non</strong></span> <span class='ocrx_word' id='word_1_19' title='bbox 1164 929 1254 987; x_wconf 88' lang='lat' dir='ltr'><strong>vobis</strong></span> <span class='ocrx_word' id='word_1_20' title='bbox 1270 928 1452 988; x_wconf 87' lang='lat' dir='ltr'><strong>mellificatis</strong></span> <span class='ocrx_word' id='word_1_21' title='bbox 1469 932 1556 1006; x_wconf 88' lang='lat' dir='ltr'><strong>apesl</strong></span> <span class='ocrx_word' id='word_1_22' title='bbox 1579 931 1691 998; x_wconf 79' lang='lat' dir='ltr'><strong>Quem-</strong></span> 
     </span>
     <span class='ocr_line' id='line_1_4' title="bbox 492 1031 1693 1115; baseline 0.006 -26"><span class='ocrx_word' id='word_1_23' title='bbox 492 1031 653 1090; x_wconf 81' lang='lat' dir='ltr'><strong>admodum</strong></span> <span class='ocrx_word' id='word_1_24' title='bbox 689 1031 900 1111; x_wconf 81' lang='lat' dir='ltr'><strong>Vespasianus</strong></span> <span class='ocrx_word' id='word_1_25' title='bbox 933 1035 1143 1112; x_wconf 80' lang='lat' dir='ltr'><strong>rapacissimis</strong></span> <span class='ocrx_word' id='word_1_26' title='bbox 1173 1037 1424 1111; x_wconf 79' lang='lat' dir='ltr'><strong>procuratoribus</strong></span> <span class='ocrx_word' id='word_1_27' title='bbox 1462 1052 1519 1114; x_wconf 91' lang='lat' dir='ltr'><strong>pro</strong></span> <span class='ocrx_word' id='word_1_28' title='bbox 1555 1037 1693 1115; x_wconf 87' lang='lat' dir='ltr'><strong>spongiis</strong></span> 
     </span>
     <span class='ocr_line' id='line_1_5' title="bbox 495 1138 1694 1221; baseline 0.004 -23"><span class='ocrx_word' id='word_1_29' title='bbox 495 1140 538 1198; x_wconf 89' lang='lat' dir='ltr'><strong>uti</strong></span> <span class='ocrx_word' id='word_1_30' title='bbox 553 1138 684 1212; x_wconf 90' lang='lat' dir='ltr'><strong>solebat,</strong></span> <span class='ocrx_word' id='word_1_31' title='bbox 700 1138 783 1198; x_wconf 89' lang='lat' dir='ltr'><strong>Suet.</strong></span> <span class='ocrx_word' id='word_1_32' title='bbox 796 1138 889 1216; x_wconf 92' lang='lat' dir='ltr'><strong>Vesp.</strong></span> <span class='ocrx_word' id='word_1_33' title='bbox 903 1142 948 1200; x_wconf 84' lang='grc'><strong>16.</strong></span> <span class='ocrx_word' id='word_1_34' title='bbox 960 1142 1001 1202; x_wconf 90' lang='lat' dir='ltr'><strong>ita</strong></span> <span class='ocrx_word' id='word_1_35' title='bbox 1013 1141 1165 1200; x_wconf 88' lang='lat' dir='ltr'><strong>Salustius</strong></span> <span class='ocrx_word' id='word_1_36' title='bbox 1174 1141 1363 1218; x_wconf 89' lang='lat' dir='ltr'><strong>provinciam</strong></span> <span class='ocrx_word' id='word_1_37' title='bbox 1375 1143 1532 1220; x_wconf 86' lang='lat' dir='ltr'><strong>expilavit,</strong></span> <span class='ocrx_word' id='word_1_38' title='bbox 1548 1149 1581 1202; x_wconf 89' lang='lat' dir='ltr'><strong>ut</strong></span> <span class='ocrx_word' id='word_1_39' title='bbox 1590 1144 1694 1221; x_wconf 83' lang='lat' dir='ltr'><strong>praeda</strong></span> 
     </span>
     <span class='ocr_line' id='line_1_6' title="bbox 493 1245 1694 1327; baseline 0.004 -23"><span class='ocrx_word' id='word_1_40' title='bbox 493 1246 526 1304; x_wconf 91' lang='lat' dir='ltr'><strong>in</strong></span> <span class='ocrx_word' id='word_1_41' title='bbox 547 1245 650 1305; x_wconf 82' lang='lat' dir='ltr'><strong>fiscum</strong></span> <span class='ocrx_word' id='word_1_42' title='bbox 672 1246 869 1322; x_wconf 90' lang='lat' dir='ltr'><strong>imperatoris</strong></span> <span class='ocrx_word' id='word_1_43' title='bbox 889 1251 1065 1324; x_wconf 87' lang='lat' dir='ltr'><strong>cogereturl</strong></span> <span class='ocrx_word' id='word_1_44' title='bbox 1097 1248 1159 1309; x_wconf 89' lang='lat' dir='ltr'><strong>Sed</strong></span> <span class='ocrx_word' id='word_1_45' title='bbox 1180 1265 1269 1324; x_wconf 83' lang='lat' dir='ltr'><strong>quem</strong></span> <span class='ocrx_word' id='word_1_46' title='bbox 1290 1247 1394 1308; x_wconf 72' lang='lat' dir='ltr'><strong>Caesar</strong></span> <span class='ocrx_word' id='word_1_47' title='bbox 1414 1265 1526 1326; x_wconf 89' lang='lat' dir='ltr'><strong>rapere</strong></span> <span class='ocrx_word' id='word_1_48' title='bbox 1552 1252 1694 1327; x_wconf 89' lang='lat' dir='ltr'><strong>iusserat,</strong></span> 
     </span>
     <span class='ocr_line' id='line_1_7' title="bbox 496 1352 1695 1434; baseline 0.003 -22"><span class='ocrx_word' id='word_1_49' title='bbox 496 1370 563 1412; x_wconf 89' lang='lat' dir='ltr'><strong>eum</strong></span> <span class='ocrx_word' id='word_1_50' title='bbox 581 1352 685 1412; x_wconf 86' lang='lat' dir='ltr'><strong>iacere</strong></span> <span class='ocrx_word' id='word_1_51' title='bbox 698 1370 757 1413; x_wconf 88' lang='lat' dir='ltr'><strong>nou</strong></span> <span class='ocrx_word' id='word_1_52' title='bbox 776 1354 877 1431; x_wconf 92' lang='lat' dir='ltr'><strong>potuit</strong></span> <span class='ocrx_word' id='word_1_53' title='bbox 896 1355 967 1430; x_wconf 83' lang='lat' dir='ltr'><strong>quin</strong></span> <span class='ocrx_word' id='word_1_54' title='bbox 982 1357 1127 1415; x_wconf 89' lang='lat' dir='ltr'><strong>tueretur.</strong></span> <span class='ocrx_word' id='word_1_55' title='bbox 1156 1356 1283 1432; x_wconf 84' lang='lat' dir='ltr'><strong>Magnas</strong></span> <span class='ocrx_word' id='word_1_56' title='bbox 1299 1373 1374 1431; x_wconf 84' lang='lat' dir='ltr'><strong>quas</strong></span> <span class='ocrx_word' id='word_1_57' title='bbox 1390 1357 1481 1416; x_wconf 87' lang='lat' dir='ltr'><strong>etiam</strong></span> <span class='ocrx_word' id='word_1_58' title='bbox 1495 1360 1606 1434; x_wconf 86' lang='lat' dir='ltr'><strong>postea</strong></span> <span class='ocrx_word' id='word_1_59' title='bbox 1618 1359 1695 1416; x_wconf 90' lang='lat' dir='ltr'><strong>reti-</strong></span> 
     </span>
     <span class='ocr_line' id='line_1_8' title="bbox 495 1459 1696 1538; baseline 0.004 -20"><span class='ocrx_word' id='word_1_60' title='bbox 495 1459 561 1518; x_wconf 89' lang='lat' dir='ltr'><strong>nuit</strong></span> <span class='ocrx_word' id='word_1_61' title='bbox 581 1459 716 1535; x_wconf 88' lang='lat' dir='ltr'><strong>divitias,</strong></span> <span class='ocrx_word' id='word_1_62' title='bbox 743 1476 802 1521; x_wconf 92' lang='lat' dir='ltr'><strong>uon</strong></span> <span class='ocrx_word' id='word_1_63' title='bbox 824 1460 940 1536; x_wconf 86' lang='lat' dir='ltr'><strong>rapinis</strong></span> <span class='ocrx_word' id='word_1_64' title='bbox 967 1462 1139 1538; x_wconf 74' lang='lat' dir='ltr'><strong>quesierat,</strong></span> <span class='ocrx_word' id='word_1_65' title='bbox 1164 1461 1220 1521; x_wconf 87' lang='lat' dir='ltr'><strong>sed</strong></span> <span class='ocrx_word' id='word_1_66' title='bbox 1241 1461 1373 1522; x_wconf 71' lang='lat' dir='ltr'><strong>Cesaris</strong></span> <span class='ocrx_word' id='word_1_67' title='bbox 1398 1464 1491 1523; x_wconf 85' lang='lat' dir='ltr'><strong>credo</strong></span> <span class='ocrx_word' id='word_1_68' title='bbox 1514 1463 1696 1523; x_wconf 82' lang='lat' dir='ltr'><strong>liberalitati</strong></span> 
     </span>
     <span class='ocr_line' id='line_1_9' title="bbox 496 1566 1697 1644; baseline 0.002 -20"><span class='ocrx_word' id='word_1_69' title='bbox 496 1571 640 1643; x_wconf 86' lang='lat' dir='ltr'><strong>acceptas</strong></span> <span class='ocrx_word' id='word_1_70' title='bbox 673 1566 786 1627; x_wconf 91' lang='lat' dir='ltr'><strong>retulit.</strong></span> <span class='ocrx_word' id='word_1_71' title='bbox 837 1566 882 1627; x_wconf 85' lang='lat' dir='ltr'><strong>En</strong></span> <span class='ocrx_word' id='word_1_72' title='bbox 916 1568 1082 1628; x_wconf 87' lang='lat' dir='ltr'><strong>ioculareur</strong></span> <span class='ocrx_word' id='word_1_73' title='bbox 1117 1569 1285 1628; x_wconf 79' lang='lat' dir='ltr'><strong>licentiam!</strong></span> <span class='ocrx_word' id='word_1_74' title='bbox 1323 1568 1418 1630; x_wconf 90' lang='lat' dir='ltr'><strong>Nemo</strong></span> <span class='ocrx_word' id='word_1_75' title='bbox 1450 1570 1530 1629; x_wconf 88' lang='lat' dir='ltr'><strong>euim</strong></span> <span class='ocrx_word' id='word_1_76' title='bbox 1560 1575 1617 1643; x_wconf 90' lang='lat' dir='ltr'><strong>est,</strong></span> <span class='ocrx_word' id='word_1_77' title='bbox 1647 1569 1697 1644; x_wconf 89' lang='lat' dir='ltr'><strong>qui</strong></span> 
     </span>
     <span class='ocr_line' id='line_1_10' title="bbox 497 1673 1698 1752; baseline 0.003 -22"><span class='ocrx_word' id='word_1_78' title='bbox 497 1673 624 1747; x_wconf 85' lang='lat' dir='ltr'><strong>nesciat,</strong></span> <span class='ocrx_word' id='word_1_79' title='bbox 656 1689 694 1732; x_wconf 90' lang='lat' dir='ltr'><strong>ne</strong></span> <span class='ocrx_word' id='word_1_80' title='bbox 723 1674 885 1732; x_wconf 90' lang='lat' dir='ltr'><strong>satirarum</strong></span> <span class='ocrx_word' id='word_1_81' title='bbox 912 1675 1033 1749; x_wconf 87' lang='lat' dir='ltr'><strong>quidem</strong></span> <span class='ocrx_word' id='word_1_82' title='bbox 1061 1677 1242 1752; x_wconf 88' lang='lat' dir='ltr'><strong>scriptorem</strong></span> <span class='ocrx_word' id='word_1_83' title='bbox 1271 1694 1350 1735; x_wconf 87' lang='lat' dir='ltr'><strong>vana</strong></span> <span class='ocrx_word' id='word_1_84' title='bbox 1377 1679 1469 1751; x_wconf 85' lang='lat' dir='ltr'><strong>atque</strong></span> <span class='ocrx_word' id='word_1_85' title='bbox 1492 1676 1593 1735; x_wconf 88' lang='lat' dir='ltr'><strong>inania</strong></span> <span class='ocrx_word' id='word_1_86' title='bbox 1622 1693 1698 1752; x_wconf 88' lang='lat' dir='ltr'><strong>cap-</strong></span> 
     </span>
     <span class='ocr_line' id='line_1_11' title="bbox 497 1779 1697 1858; baseline 0.003 -20"><span class='ocrx_word' id='word_1_87' title='bbox 497 1785 573 1854; x_wconf 87' lang='lat' dir='ltr'><strong>tare,</strong></span> <span class='ocrx_word' id='word_1_88' title='bbox 596 1779 651 1838; x_wconf 90' lang='lat' dir='ltr'><strong>sed</strong></span> <span class='ocrx_word' id='word_1_89' title='bbox 673 1783 787 1839; x_wconf 91' lang='lat' dir='ltr'><strong>certam</strong></span> <span class='ocrx_word' id='word_1_90' title='bbox 809 1781 959 1854; x_wconf 87' lang='lat' dir='ltr'><strong>quandam</strong></span> <span class='ocrx_word' id='word_1_91' title='bbox 985 1782 1234 1858; x_wconf 89' lang='lat' dir='ltr'><strong>probabilitatem</strong></span> <span class='ocrx_word' id='word_1_92' title='bbox 1256 1783 1352 1858; x_wconf 88' lang='lat' dir='ltr'><strong>sequi.</strong></span> <span class='ocrx_word' id='word_1_93' title='bbox 1387 1783 1464 1852; x_wconf 81' lang='lat' dir='ltr'><strong>Quid</strong></span> <span class='ocrx_word' id='word_1_94' title='bbox 1490 1784 1571 1858; x_wconf 90' lang='lat' dir='ltr'><strong>quod</strong></span> <span class='ocrx_word' id='word_1_95' title='bbox 1592 1784 1697 1842; x_wconf 77' lang='lat' dir='ltr'><strong>satira</strong></span> 
     </span>
     <span class='ocr_line' id='line_1_12' title="bbox 498 1886 1699 1967; baseline 0.002 -22"><span class='ocrx_word' id='word_1_96' title='bbox 498 1887 578 1946; x_wconf 90' lang='lat' dir='ltr'><strong>ratio</strong></span> <span class='ocrx_word' id='word_1_97' title='bbox 605 1886 749 1963; x_wconf 84' lang='lat' dir='ltr'><strong>postulat,</strong></span> <span class='ocrx_word' id='word_1_98' title='bbox 779 1892 813 1946; x_wconf 91' lang='lat' dir='ltr'><strong>nt</strong></span> <span class='ocrx_word' id='word_1_99' title='bbox 838 1904 905 1962; x_wconf 84' lang='lat' dir='ltr'><strong>quae</strong></span> <span class='ocrx_word' id='word_1_100' title='bbox 930 1888 1070 1947; x_wconf 91' lang='lat' dir='ltr'><strong>breviter</strong></span> <span class='ocrx_word' id='word_1_101' title='bbox 1097 1889 1126 1948; x_wconf 92' lang='lat' dir='ltr'><strong>in</strong></span> <span class='ocrx_word' id='word_1_102' title='bbox 1154 1907 1190 1948; x_wconf 88' lang='lat' dir='ltr'><strong>ea</strong></span> <span class='ocrx_word' id='word_1_103' title='bbox 1211 1889 1465 1967; x_wconf 82' lang='lat' dir='ltr'><strong>perstringantur,</strong></span> <span class='ocrx_word' id='word_1_104' title='bbox 1493 1889 1699 1964; x_wconf 84' lang='lat' dir='ltr'><strong>alegentium</strong></span> 
     </span>
     <span class='ocr_line' id='line_1_13' title="bbox 500 1993 1700 2070; baseline 0.003 -19"><span class='ocrx_word' id='word_1_105' title='bbox 500 1993 728 2070; x_wconf 88' lang='lat' dir='ltr'><strong>suspicionibus</strong></span> <span class='ocrx_word' id='word_1_106' title='bbox 756 2010 815 2053; x_wconf 89' lang='lat' dir='ltr'><strong>non</strong></span> <span class='ocrx_word' id='word_1_107' title='bbox 842 1995 932 2070; x_wconf 88' lang='lat' dir='ltr'><strong>plane</strong></span> <span class='ocrx_word' id='word_1_108' title='bbox 959 1995 1154 2055; x_wconf 90' lang='lat' dir='ltr'><strong>abhorreant.</strong></span> <span class='ocrx_word' id='word_1_109' title='bbox 1204 1995 1341 2056; x_wconf 81' lang='lat' dir='ltr'><strong>Hominis</strong></span> <span class='ocrx_word' id='word_1_110' title='bbox 1367 1997 1447 2056; x_wconf 86' lang='lat' dir='ltr'><strong>enim</strong></span> <span class='ocrx_word' id='word_1_111' title='bbox 1476 1996 1553 2055; x_wconf 85' lang='lat' dir='ltr'><strong>vitia</strong></span> <span class='ocrx_word' id='word_1_112' title='bbox 1578 1995 1700 2056; x_wconf 73' lang='lat' dir='ltr'><strong>facetiis</strong></span> 
     </span>
     <span class='ocr_line' id='line_1_14' title="bbox 500 2099 1697 2179; baseline 0.003 -21"><span class='ocrx_word' id='word_1_113' title='bbox 500 2099 667 2176; x_wconf 87' lang='lat' dir='ltr'><strong>exagitare,</strong></span> <span class='ocrx_word' id='word_1_114' title='bbox 690 2117 756 2174; x_wconf 86' lang='lat' dir='ltr'><strong>quae</strong></span> <span class='ocrx_word' id='word_1_115' title='bbox 777 2117 835 2158; x_wconf 90' lang='lat' dir='ltr'><strong>non</strong></span> <span class='ocrx_word' id='word_1_116' title='bbox 857 2101 956 2160; x_wconf 88' lang='lat' dir='ltr'><strong>solum</strong></span> <span class='ocrx_word' id='word_1_117' title='bbox 977 2101 1082 2178; x_wconf 88' lang='lat' dir='ltr'><strong>ignota</strong></span> <span class='ocrx_word' id='word_1_118' title='bbox 1098 2103 1260 2162; x_wconf 86' lang='lat' dir='ltr'><strong>sedetiam</strong></span> <span class='ocrx_word' id='word_1_119' title='bbox 1275 2103 1468 2163; x_wconf 85' lang='lat' dir='ltr'><strong>incredibilia</strong></span> <span class='ocrx_word' id='word_1_120' title='bbox 1483 2105 1561 2178; x_wconf 90' lang='lat' dir='ltr'><strong>sunt,</strong></span> <span class='ocrx_word' id='word_1_121' title='bbox 1584 2104 1697 2179; x_wconf 83' lang='lat' dir='ltr'><strong>quippe</strong></span> 
     </span>
     <span class='ocr_line' id='line_1_15' title="bbox 499 2206 1700 2285; baseline 0.002 -20"><span class='ocrx_word' id='word_1_122' title='bbox 499 2223 625 2281; x_wconf 82' lang='lat' dir='ltr'><strong>quorum</strong></span> <span class='ocrx_word' id='word_1_123' title='bbox 647 2206 813 2266; x_wconf 74' lang='lat' dir='ltr'><strong>salsitatem</strong></span> <span class='ocrx_word' id='word_1_124' title='bbox 836 2225 941 2268; x_wconf 88' lang='lat' dir='ltr'><strong>omnes</strong></span> <span class='ocrx_word' id='word_1_125' title='bbox 969 2211 1155 2285; x_wconf 84' lang='lat' dir='ltr'><strong>compertam</strong></span> <span class='ocrx_word' id='word_1_126' title='bbox 1186 2209 1328 2280; x_wconf 85' lang='lat' dir='ltr'><strong>habeant,</strong></span> <span class='ocrx_word' id='word_1_127' title='bbox 1360 2209 1419 2268; x_wconf 94' lang='lat' dir='ltr'><strong>hoc</strong></span> <span class='ocrx_word' id='word_1_128' title='bbox 1448 2227 1507 2268; x_wconf 91' lang='lat' dir='ltr'><strong>non</strong></span> <span class='ocrx_word' id='word_1_129' title='bbox 1538 2209 1700 2268; x_wconf 87' lang='lat' dir='ltr'><strong>satirarum</strong></span> 
     </span>
     <span class='ocr_line' id='line_1_16' title="bbox 500 2313 1702 2391; baseline 0.001 -19"><span class='ocrx_word' id='word_1_130' title='bbox 500 2313 660 2389; x_wconf 87' lang='lat' dir='ltr'><strong>scripturis</strong></span> <span class='ocrx_word' id='word_1_131' title='bbox 690 2315 739 2372; x_wconf 91' lang='lat' dir='ltr'><strong>est</strong></span> <span class='ocrx_word' id='word_1_132' title='bbox 764 2314 820 2372; x_wconf 91' lang='lat' dir='ltr'><strong>sed</strong></span> <span class='ocrx_word' id='word_1_133' title='bbox 842 2314 973 2374; x_wconf 90' lang='lat' dir='ltr'><strong>hominis</strong></span> <span class='ocrx_word' id='word_1_134' title='bbox 1000 2314 1150 2388; x_wconf 90' lang='lat' dir='ltr'><strong>maledici,</strong></span> <span class='ocrx_word' id='word_1_135' title='bbox 1180 2315 1244 2374; x_wconf 91' lang='lat' dir='ltr'><strong>otio</strong></span> <span class='ocrx_word' id='word_1_136' title='bbox 1273 2320 1304 2374; x_wconf 90' lang='lat' dir='ltr'><strong>et</strong></span> <span class='ocrx_word' id='word_1_137' title='bbox 1333 2315 1446 2374; x_wconf 90' lang='lat' dir='ltr'><strong>litteris</strong></span> <span class='ocrx_word' id='word_1_138' title='bbox 1468 2314 1599 2391; x_wconf 88' lang='lat' dir='ltr'><strong>turpiter</strong></span> <span class='ocrx_word' id='word_1_139' title='bbox 1622 2315 1702 2373; x_wconf 91' lang='lat' dir='ltr'><strong>abu·</strong></span> 
     </span>
     <span class='ocr_line' id='line_1_17' title="bbox 499 2418 1701 2498; baseline 0.001 -19"><span class='ocrx_word' id='word_1_140' title='bbox 499 2421 600 2479; x_wconf 83' lang='lat' dir='ltr'><strong>tentis.</strong></span> <span class='ocrx_word' id='word_1_141' title='bbox 643 2419 704 2479; x_wconf 90' lang='lat' dir='ltr'><strong>Sed</strong></span> <span class='ocrx_word' id='word_1_142' title='bbox 729 2418 895 2497; x_wconf 81' lang='lat' dir='ltr'><strong>largiamur</strong></span> <span class='ocrx_word' id='word_1_143' title='bbox 921 2437 996 2480; x_wconf 88' lang='lat' dir='ltr'><strong>sane</strong></span> <span class='ocrx_word' id='word_1_144' title='bbox 1018 2421 1145 2481; x_wconf 87' lang='lat' dir='ltr'><strong>Salustii</strong></span> <span class='ocrx_word' id='word_1_145' title='bbox 1172 2438 1288 2481; x_wconf 90' lang='lat' dir='ltr'><strong>morum</strong></span> <span class='ocrx_word' id='word_1_146' title='bbox 1315 2421 1601 2498; x_wconf 80' lang='lat' dir='ltr'><strong>propugnatoribus,</strong></span> <span class='ocrx_word' id='word_1_147' title='bbox 1632 2423 1701 2480; x_wconf 86' lang='lat' dir='ltr'><strong>ira-</strong></span> 
     </span>
     <span class='ocr_line' id='line_1_18' title="bbox 501 2529 1703 2606; baseline -0.001 -20"><span class='ocrx_word' id='word_1_148' title='bbox 501 2532 562 2586; x_wconf 87' lang='lat' dir='ltr'><strong>tnnr</strong></span> <span class='ocrx_word' id='word_1_149' title='bbox 585 2529 734 2587; x_wconf 91' lang='lat' dir='ltr'><strong>hominem</strong></span> <span class='ocrx_word' id='word_1_150' title='bbox 761 2530 790 2586; x_wconf 93' lang='lat' dir='ltr'><strong>in</strong></span> <span class='ocrx_word' id='word_1_151' title='bbox 820 2530 943 2606; x_wconf 91' lang='lat' dir='ltr'><strong>patroni</strong></span> <span class='ocrx_word' id='word_1_152' title='bbox 975 2529 1232 2606; x_wconf 84' lang='lat' dir='ltr'><strong>reprehensorem</strong></span> <span class='ocrx_word' id='word_1_153' title='bbox 1261 2531 1512 2589; x_wconf 84' lang='lat' dir='ltr'><strong>contumeliosius</strong></span> <span class='ocrx_word' id='word_1_154' title='bbox 1534 2546 1622 2604; x_wconf 84' lang='lat' dir='ltr'><strong>quam</strong></span> <span class='ocrx_word' id='word_1_155' title='bbox 1644 2545 1703 2586; x_wconf 89' lang='lat' dir='ltr'><strong>ve-</strong></span> 
     </span>
     <span class='ocr_line' id='line_1_19' title="bbox 501 2633 1703 2714; baseline 0.001 -22"><span class='ocrx_word' id='word_1_156' title='bbox 501 2636 564 2695; x_wconf 90' lang='lat' dir='ltr'><strong>rius</strong></span> <span class='ocrx_word' id='word_1_157' title='bbox 586 2651 657 2693; x_wconf 86' lang='lat' dir='ltr'><strong>esse</strong></span> <span class='ocrx_word' id='word_1_158' title='bbox 679 2637 840 2712; x_wconf 89' lang='lat' dir='ltr'><strong>invectum,</strong></span> <span class='ocrx_word' id='word_1_159' title='bbox 862 2636 954 2695; x_wconf 79' lang='lat' dir='ltr'><strong>facile</strong></span> <span class='ocrx_word' id='word_1_160' title='bbox 977 2639 1027 2694; x_wconf 89' lang='lat' dir='ltr'><strong>est</strong></span> <span class='ocrx_word' id='word_1_161' title='bbox 1047 2637 1086 2695; x_wconf 93' lang='lat' dir='ltr'><strong>ad</strong></span> <span class='ocrx_word' id='word_1_162' title='bbox 1104 2636 1345 2714; x_wconf 87' lang='lat' dir='ltr'><strong>intelligendum,</strong></span> <span class='ocrx_word' id='word_1_163' title='bbox 1367 2636 1540 2710; x_wconf 89' lang='lat' dir='ltr'><strong>adversum,</strong></span> <span class='ocrx_word' id='word_1_164' title='bbox 1562 2650 1622 2711; x_wconf 86' lang='lat' dir='ltr'><strong>quc</strong></span> <span class='ocrx_word' id='word_1_165' title='bbox 1643 2633 1703 2692; x_wconf 90' lang='lat' dir='ltr'><strong>Sa-</strong></span> 
     </span>
     <span class='ocr_line' id='line_1_20' title="bbox 502 2741 1703 2820; baseline -0.001 -21"><span class='ocrx_word' id='word_1_166' title='bbox 502 2741 612 2802; x_wconf 89' lang='lat' dir='ltr'><strong>lustius</strong></span> <span class='ocrx_word' id='word_1_167' title='bbox 634 2743 792 2820; x_wconf 84' lang='lat' dir='ltr'><strong>flagrabat,</strong></span> <span class='ocrx_word' id='word_1_168' title='bbox 823 2761 976 2803; x_wconf 88' lang='lat' dir='ltr'><strong>rumorem</strong></span> <span class='ocrx_word' id='word_1_169' title='bbox 1007 2759 1066 2802; x_wconf 91' lang='lat' dir='ltr'><strong>uon</strong></span> <span class='ocrx_word' id='word_1_170' title='bbox 1097 2760 1136 2802; x_wconf 88' lang='lat' dir='ltr'><strong>ex</strong></span> <span class='ocrx_word' id='word_1_171' title='bbox 1156 2741 1262 2801; x_wconf 72' lang='lat' dir='ltr'><strong>Lenaei</strong></span> <span class='ocrx_word' id='word_1_172' title='bbox 1292 2742 1439 2802; x_wconf 88' lang='lat' dir='ltr'><strong>conviciis</strong></span> <span class='ocrx_word' id='word_1_173' title='bbox 1466 2747 1568 2801; x_wconf 91' lang='lat' dir='ltr'><strong>natum</strong></span> <span class='ocrx_word' id='word_1_174' title='bbox 1595 2741 1703 2800; x_wconf 88' lang='lat' dir='ltr'><strong>luisse.</strong></span> 
     </span>
     <span class='ocr_line' id='line_1_21' title="bbox 501 2847 1706 2932; baseline -0.001 -26"><span class='ocrx_word' id='word_1_175' title='bbox 501 2847 629 2908; x_wconf 86' lang='lat' dir='ltr'><strong>Salustii</strong></span> <span class='ocrx_word' id='word_1_176' title='bbox 654 2851 734 2909; x_wconf 89' lang='lat' dir='ltr'><strong>euim</strong></span> <span class='ocrx_word' id='word_1_177' title='bbox 755 2851 827 2909; x_wconf 83' lang='lat' dir='ltr'><strong>vitae</strong></span> <span class='ocrx_word' id='word_1_178' title='bbox 848 2849 982 2932; x_wconf 87' lang='lat' dir='ltr'><strong>scriptor</strong></span> <span class='ocrx_word' id='word_1_179' title='bbox 1004 2849 1060 2908; x_wconf 83' lang='lat' dir='ltr'><strong>luit</strong></span> <span class='ocrx_word' id='word_1_180' title='bbox 1081 2850 1233 2909; x_wconf 87' lang='lat' dir='ltr'><strong>Asconius</strong></span> <span class='ocrx_word' id='word_1_181' title='bbox 1254 2849 1416 2924; x_wconf 86' lang='lat' dir='ltr'><strong>Pedianus,</strong></span> <span class='ocrx_word' id='word_1_182' title='bbox 1446 2849 1706 2926; x_wconf 88' lang='lat' dir='ltr'><strong>diligentissimus</strong></span> 
     </span>
     <span class='ocr_line' id='line_1_22' title="bbox 502 2941 1706 3031; baseline 0 -20"><span class='ocrx_word' id='word_1_183' title='bbox 502 2941 534 3012; x_wconf 83' lang='lat' dir='ltr'><strong>et</strong></span> <span class='ocrx_word' id='word_1_184' title='bbox 554 2954 808 3030; x_wconf 87' lang='lat' dir='ltr'><strong>religiosissimus</strong></span> <span class='ocrx_word' id='word_1_185' title='bbox 835 2959 951 3030; x_wconf 91' lang='lat' dir='ltr'><strong>auctor,</strong></span> <span class='ocrx_word' id='word_1_186' title='bbox 982 2972 1070 3031; x_wconf 85' lang='lat' dir='ltr'><strong>quern</strong></span> <span class='ocrx_word' id='word_1_187' title='bbox 1097 2955 1242 3014; x_wconf 88' lang='lat' dir='ltr'><strong>adulterii</strong></span> <span class='ocrx_word' id='word_1_188' title='bbox 1264 2961 1374 3016; x_wconf 89' lang='lat' dir='ltr'><strong>testem</strong></span> <span class='ocrx_word' id='word_1_189' title='bbox 1400 2957 1502 3014; x_wconf 89' lang='lat' dir='ltr'><strong>Acron</strong></span> <span class='ocrx_word' id='word_1_190' title='bbox 1525 2960 1558 3013; x_wconf 89' lang='lat' dir='ltr'><strong>et</strong></span> <span class='ocrx_word' id='word_1_191' title='bbox 1579 2954 1706 3028; x_wconf 87' lang='lat' dir='ltr'><strong>Cruquii</strong></span> 
     </span>
     <span class='ocr_line' id='line_1_23' title="bbox 503 3058 832 3120; baseline 0 -2"><span class='ocrx_word' id='word_1_192' title='bbox 503 3058 679 3120; x_wconf 87' lang='lat' dir='ltr'><strong>Scholiasta</strong></span> <span class='ocrx_word' id='word_1_193' title='bbox 700 3059 832 3120; x_wconf 87' lang='lat' dir='ltr'><strong>laudant.</strong></span> 
     </span>
    </p>

    <p class='ocr_par' dir='ltr' id='par_1_3' title="bbox 503 3165 1712 4312">
     <span class='ocr_line' id='line_1_24' title="bbox 583 3165 1707 3243; baseline -0.001 -19"><span class='ocrx_word' id='word_1_194' title='bbox 583 3165 645 3225; x_wconf 88' lang='lat' dir='ltr'><strong>lam</strong></span> <span class='ocrx_word' id='word_1_195' title='bbox 666 3183 733 3224; x_wconf 90' lang='lat' dir='ltr'><strong>cum</strong></span> <span class='ocrx_word' id='word_1_196' title='bbox 754 3183 852 3242; x_wconf 84' lang='lat' dir='ltr'><strong>neque</strong></span> <span class='ocrx_word' id='word_1_197' title='bbox 873 3167 1009 3226; x_wconf 88' lang='lat' dir='ltr'><strong>Asconio</strong></span> <span class='ocrx_word' id='word_1_198' title='bbox 1032 3184 1130 3242; x_wconf 86' lang='lat' dir='ltr'><strong>neque</strong></span> <span class='ocrx_word' id='word_1_199' title='bbox 1150 3167 1282 3226; x_wconf 87' lang='lat' dir='ltr'><strong>Varroni</strong></span> <span class='ocrx_word' id='word_1_200' title='bbox 1306 3167 1381 3226; x_wconf 87' lang='lat' dir='ltr'><strong>tides</strong></span> <span class='ocrx_word' id='word_1_201' title='bbox 1402 3167 1548 3243; x_wconf 88' lang='lat' dir='ltr'><strong>derogari</strong></span> <span class='ocrx_word' id='word_1_202' title='bbox 1571 3167 1603 3226; x_wconf 91' lang='lat' dir='ltr'><strong>et</strong></span> <span class='ocrx_word' id='word_1_203' title='bbox 1627 3165 1707 3224; x_wconf 86' lang='lat' dir='ltr'><strong>llio-</strong></span> 
     </span>
     <span class='ocr_line' id='line_1_25' title="bbox 503 3271 1705 3351; baseline 0.002 -22"><span class='ocrx_word' id='word_1_204' title='bbox 503 3273 550 3330; x_wconf 89' lang='lat' dir='ltr'><strong>nis</strong></span> <span class='ocrx_word' id='word_1_205' title='bbox 572 3271 672 3331; x_wconf 84' lang='lat' dir='ltr'><strong>Cassii</strong></span> <span class='ocrx_word' id='word_1_206' title='bbox 693 3274 899 3333; x_wconf 91' lang='lat' dir='ltr'><strong>testimonium</strong></span> <span class='ocrx_word' id='word_1_207' title='bbox 920 3273 1004 3332; x_wconf 91' lang='lat' dir='ltr'><strong>nulla</strong></span> <span class='ocrx_word' id='word_1_208' title='bbox 1024 3275 1141 3351; x_wconf 86' lang='lat' dir='ltr'><strong>ingenii</strong></span> <span class='ocrx_word' id='word_1_209' title='bbox 1162 3274 1312 3334; x_wconf 89' lang='lat' dir='ltr'><strong>calumnia</strong></span> <span class='ocrx_word' id='word_1_210' title='bbox 1332 3273 1478 3332; x_wconf 86' lang='lat' dir='ltr'><strong>infirmari</strong></span> <span class='ocrx_word' id='word_1_211' title='bbox 1504 3273 1613 3350; x_wconf 83' lang='lat' dir='ltr'><strong>possit,</strong></span> <span class='ocrx_word' id='word_1_212' title='bbox 1635 3275 1705 3332; x_wconf 86' lang='lat' dir='ltr'><strong>Ma-</strong></span> 
     </span>
     <span class='ocr_line' id='line_1_26' title="bbox 504 3379 1708 3457; baseline 0.002 -21"><span class='ocrx_word' id='word_1_213' title='bbox 504 3381 636 3454; x_wconf 86' lang='lat' dir='ltr'><strong>crobius,</strong></span> <span class='ocrx_word' id='word_1_214' title='bbox 657 3379 845 3456; x_wconf 89' lang='lat' dir='ltr'><strong>Lactantius,</strong></span> <span class='ocrx_word' id='word_1_215' title='bbox 867 3381 1067 3456; x_wconf 86' lang='lat' dir='ltr'><strong>Symmachus</strong></span> <span class='ocrx_word' id='word_1_216' title='bbox 1089 3381 1224 3440; x_wconf 89' lang='lat' dir='ltr'><strong>libidinis</strong></span> <span class='ocrx_word' id='word_1_217' title='bbox 1246 3383 1278 3439; x_wconf 90' lang='lat' dir='ltr'><strong>et</strong></span> <span class='ocrx_word' id='word_1_218' title='bbox 1294 3381 1422 3439; x_wconf 79' lang='lat' dir='ltr'><strong>luxuriae</strong></span> <span class='ocrx_word' id='word_1_219' title='bbox 1437 3380 1552 3456; x_wconf 90' lang='lat' dir='ltr'><strong>probra</strong></span> <span class='ocrx_word' id='word_1_220' title='bbox 1573 3381 1616 3439; x_wconf 92' lang='lat' dir='ltr'><strong>ita</strong></span> <span class='ocrx_word' id='word_1_221' title='bbox 1631 3397 1708 3457; x_wconf 91' lang='lat' dir='ltr'><strong>per·</strong></span> 
     </span>
     <span class='ocr_line' id='line_1_27' title="bbox 504 3487 1712 3564; baseline 0.001 -20"><span class='ocrx_word' id='word_1_222' title='bbox 504 3489 665 3563; x_wconf 88' lang='lat' dir='ltr'><strong>stringant,</strong></span> <span class='ocrx_word' id='word_1_223' title='bbox 695 3489 726 3546; x_wconf 93' lang='lat' dir='ltr'><strong>ut</strong></span> <span class='ocrx_word' id='word_1_224' title='bbox 746 3505 803 3564; x_wconf 91' lang='lat' dir='ltr'><strong>pro</strong></span> <span class='ocrx_word' id='word_1_225' title='bbox 826 3487 1009 3547; x_wconf 88' lang='lat' dir='ltr'><strong>certissimis</strong></span> <span class='ocrx_word' id='word_1_226' title='bbox 1032 3503 1068 3545; x_wconf 92' lang='lat' dir='ltr'><strong>ea</strong></span> <span class='ocrx_word' id='word_1_227' title='bbox 1090 3487 1236 3547; x_wconf 88' lang='lat' dir='ltr'><strong>habuisse</strong></span> <span class='ocrx_word' id='word_1_228' title='bbox 1258 3487 1429 3562; x_wconf 89' lang='lat' dir='ltr'><strong>videantur,</strong></span> <span class='ocrx_word' id='word_1_229' title='bbox 1458 3488 1536 3546; x_wconf 87' lang='lat' dir='ltr'><strong>fides</strong></span> <span class='ocrx_word' id='word_1_230' title='bbox 1558 3487 1712 3546; x_wconf 88' lang='lat' dir='ltr'><strong>accrescit</strong></span> 
     </span>
     <span class='ocr_line' id='line_1_28' title="bbox 504 3593 1709 3671; baseline 0 -19"><span class='ocrx_word' id='word_1_231' title='bbox 504 3593 556 3652; x_wconf 87' lang='lat' dir='ltr'><strong>vel</strong></span> <span class='ocrx_word' id='word_1_232' title='bbox 585 3593 784 3653; x_wconf 87' lang='lat' dir='ltr'><strong>declamatori</strong></span> <span class='ocrx_word' id='word_1_233' title='bbox 814 3593 870 3669; x_wconf 94' lang='lat' dir='ltr'><strong>illi,</strong></span> <span class='ocrx_word' id='word_1_234' title='bbox 898 3595 965 3654; x_wconf 87' lang='lat' dir='ltr'><strong>sive</strong></span> <span class='ocrx_word' id='word_1_235' title='bbox 993 3594 1046 3653; x_wconf 94' lang='lat' dir='ltr'><strong>ille</strong></span> <span class='ocrx_word' id='word_1_236' title='bbox 1074 3593 1222 3671; x_wconf 80' lang='lat' dir='ltr'><strong>Didymus</strong></span> <span class='ocrx_word' id='word_1_237' title='bbox 1253 3593 1323 3669; x_wconf 81' lang='lat' dir='ltr'><strong>ruit,</strong></span> <span class='ocrx_word' id='word_1_238' title='bbox 1356 3594 1425 3652; x_wconf 88' lang='lat' dir='ltr'><strong>sive</strong></span> <span class='ocrx_word' id='word_1_239' title='bbox 1463 3593 1541 3653; x_wconf 88' lang='lat' dir='ltr'><strong>alius</strong></span> <span class='ocrx_word' id='word_1_240' title='bbox 1576 3593 1709 3669; x_wconf 88' lang='lat' dir='ltr'><strong>quidam,</strong></span> 
     </span>
     <span class='ocr_line' id='line_1_29' title="bbox 504 3701 1710 3776; baseline -0.002 -15"><span class='ocrx_word' id='word_1_241' title='bbox 504 3701 591 3761; x_wconf 91' lang='lat' dir='ltr'><strong>cuius</strong></span> <span class='ocrx_word' id='word_1_242' title='bbox 612 3716 720 3760; x_wconf 86' lang='lat' dir='ltr'><strong>nomen</strong></span> <span class='ocrx_word' id='word_1_243' title='bbox 741 3701 921 3760; x_wconf 90' lang='lat' dir='ltr'><strong>obscuravit</strong></span> <span class='ocrx_word' id='word_1_244' title='bbox 942 3705 1089 3761; x_wconf 86' lang='lat' dir='ltr'><strong>vetustas.</strong></span> <span class='ocrx_word' id='word_1_245' title='bbox 1128 3701 1222 3762; x_wconf 90' lang='lat' dir='ltr'><strong>Immo</strong></span> <span class='ocrx_word' id='word_1_246' title='bbox 1243 3719 1281 3762; x_wconf 90' lang='lat' dir='ltr'><strong>ne</strong></span> <span class='ocrx_word' id='word_1_247' title='bbox 1297 3701 1479 3760; x_wconf 70' lang='lat' dir='ltr'><strong>Scholiasta</strong></span> <span class='ocrx_word' id='word_1_248' title='bbox 1495 3701 1617 3776; x_wconf 88' lang='lat' dir='ltr'><strong>quidem</strong></span> <span class='ocrx_word' id='word_1_249' title='bbox 1631 3717 1710 3759; x_wconf 91' lang='lat' dir='ltr'><strong>ocn-</strong></span> 
     </span>
     <span class='ocr_line' id='line_1_30' title="bbox 505 3806 1712 3883; baseline -0.001 -17"><span class='ocrx_word' id='word_1_250' title='bbox 505 3807 659 3867; x_wconf 88' lang='lat' dir='ltr'><strong>tcrnnendi</strong></span> <span class='ocrx_word' id='word_1_251' title='bbox 680 3813 757 3879; x_wconf 88' lang='lat' dir='ltr'><strong>sunt,</strong></span> <span class='ocrx_word' id='word_1_252' title='bbox 779 3809 830 3883; x_wconf 84' lang='lat' dir='ltr'><strong>qui</strong></span> <span class='ocrx_word' id='word_1_253' title='bbox 851 3808 903 3867; x_wconf 85' lang='lat' dir='ltr'><strong>vel</strong></span> <span class='ocrx_word' id='word_1_254' title='bbox 924 3809 1033 3867; x_wconf 90' lang='lat' dir='ltr'><strong>iisdem</strong></span> <span class='ocrx_word' id='word_1_255' title='bbox 1054 3808 1191 3868; x_wconf 84' lang='lat' dir='ltr'><strong>fontibus</strong></span> <span class='ocrx_word' id='word_1_256' title='bbox 1213 3808 1354 3868; x_wconf 91' lang='lat' dir='ltr'><strong>hortulos</strong></span> <span class='ocrx_word' id='word_1_257' title='bbox 1370 3823 1442 3866; x_wconf 90' lang='lat' dir='ltr'><strong>suos</strong></span> <span class='ocrx_word' id='word_1_258' title='bbox 1459 3807 1635 3883; x_wconf 88' lang='lat' dir='ltr'><strong>irrigarunt,</strong></span> <span class='ocrx_word' id='word_1_259' title='bbox 1658 3806 1712 3865; x_wconf 92' lang='lat' dir='ltr'><strong>vel</strong></span> 
     </span>
     <span class='ocr_line' id='line_1_31' title="bbox 506 3912 1712 3992; baseline -0.002 -19"><span class='ocrx_word' id='word_1_260' title='bbox 506 3914 585 3974; x_wconf 90' lang='lat' dir='ltr'><strong>alios</strong></span> <span class='ocrx_word' id='word_1_261' title='bbox 606 3925 757 3990; x_wconf 88' lang='lat' dir='ltr'><strong>auctores,</strong></span> <span class='ocrx_word' id='word_1_262' title='bbox 780 3915 831 3990; x_wconf 85' lang='lat' dir='ltr'><strong>qui</strong></span> <span class='ocrx_word' id='word_1_263' title='bbox 858 3916 896 3974; x_wconf 87' lang='lat' dir='ltr'><strong>de</strong></span> <span class='ocrx_word' id='word_1_264' title='bbox 917 3918 1059 3992; x_wconf 90' lang='lat' dir='ltr'><strong>personis</strong></span> <span class='ocrx_word' id='word_1_265' title='bbox 1081 3915 1260 3975; x_wconf 85' lang='lat' dir='ltr'><strong>Horatianis</strong></span> <span class='ocrx_word' id='word_1_266' title='bbox 1283 3914 1482 3991; x_wconf 88' lang='lat' dir='ltr'><strong>scripserant,</strong></span> <span class='ocrx_word' id='word_1_267' title='bbox 1511 3912 1611 3972; x_wconf 89' lang='lat' dir='ltr'><strong>secuti</strong></span> <span class='ocrx_word' id='word_1_268' title='bbox 1637 3929 1712 3970; x_wconf 87' lang='lat' dir='ltr'><strong>esse</strong></span> 
     </span>
     <span class='ocr_line' id='line_1_32' title="bbox 506 4019 1710 4098; baseline -0.002 -20"><span class='ocrx_word' id='word_1_269' title='bbox 506 4021 656 4081; x_wconf 87' lang='lat' dir='ltr'><strong>videntur.</strong></span> <span class='ocrx_word' id='word_1_270' title='bbox 699 4021 844 4097; x_wconf 73' lang='lat' dir='ltr'><strong>lienique,</strong></span> <span class='ocrx_word' id='word_1_271' title='bbox 874 4022 1040 4098; x_wconf 83' lang='lat' dir='ltr'><strong>quodiam</strong></span> <span class='ocrx_word' id='word_1_272' title='bbox 1069 4025 1379 4098; x_wconf 87' lang='lat' dir='ltr'><strong>supramemoratum</strong></span> <span class='ocrx_word' id='word_1_273' title='bbox 1404 4023 1461 4093; x_wconf 86' lang='lat' dir='ltr'><strong>est,</strong></span> <span class='ocrx_word' id='word_1_274' title='bbox 1488 4035 1554 4078; x_wconf 92' lang='lat' dir='ltr'><strong>rem</strong></span> <span class='ocrx_word' id='word_1_275' title='bbox 1583 4019 1710 4078; x_wconf 87' lang='lat' dir='ltr'><strong>coniicit</strong></span> 
     </span>
     <span class='ocr_line' id='line_1_33' title="bbox 506 4126 1712 4214; baseline -0.002 -27"><span class='ocrx_word' id='word_1_276' title='bbox 506 4129 603 4205; x_wconf 91' lang='lat' dir='ltr'><strong>ipsius</strong></span> <span class='ocrx_word' id='word_1_277' title='bbox 625 4129 761 4188; x_wconf 89' lang='lat' dir='ltr'><strong>auctoris</strong></span> <span class='ocrx_word' id='word_1_278' title='bbox 787 4127 951 4202; x_wconf 80' lang='lat' dir='ltr'><strong>confessio,</strong></span> <span class='ocrx_word' id='word_1_279' title='bbox 982 4130 1031 4204; x_wconf 93' lang='lat' dir='ltr'><strong>qui</strong></span> <span class='ocrx_word' id='word_1_280' title='bbox 1058 4129 1173 4214; x_wconf 91' lang='lat' dir='ltr'><strong>prioris</strong></span> <span class='ocrx_word' id='word_1_281' title='bbox 1203 4129 1276 4186; x_wconf 80' lang='lat' dir='ltr'><strong>vitae</strong></span> <span class='ocrx_word' id='word_1_282' title='bbox 1305 4126 1459 4186; x_wconf 75' lang='lat' dir='ltr'><strong>infamiam</strong></span> <span class='ocrx_word' id='word_1_283' title='bbox 1487 4141 1548 4185; x_wconf 91' lang='lat' dir='ltr'><strong>nou</strong></span> <span class='ocrx_word' id='word_1_284' title='bbox 1574 4141 1712 4184; x_wconf 88' lang='lat' dir='ltr'><strong>excusa-</strong></span> 
     </span>
     <span class='ocr_line' id='line_1_34' title="bbox 507 4236 1333 4312; baseline -0.005 -16"><span class='ocrx_word' id='word_1_285' title='bbox 507 4238 613 4312; x_wconf 87' lang='lat' dir='ltr'><strong>visset,</strong></span> <span class='ocrx_word' id='word_1_286' title='bbox 635 4236 694 4295; x_wconf 88' lang='lat' dir='ltr'><strong>nisi</strong></span> <span class='ocrx_word' id='word_1_287' title='bbox 715 4237 903 4295; x_wconf 89' lang='lat' dir='ltr'><strong>conscientia</strong></span> <span class='ocrx_word' id='word_1_288' title='bbox 925 4236 1022 4312; x_wconf 71' lang='lat' dir='ltr'><strong>culpas</strong></span> <span class='ocrx_word' id='word_1_289' title='bbox 1043 4239 1174 4294; x_wconf 88' lang='lat' dir='ltr'><strong>mentem</strong></span> <span class='ocrx_word' id='word_1_290' title='bbox 1196 4238 1333 4294; x_wconf 86' lang='lat' dir='ltr'><strong>vexaret.</strong></span> 
     </span>
    </p>

    <p class='ocr_par' dir='ltr' id='par_1_4' title="bbox 508 4339 1715 4724">
     <span class='ocr_line' id='line_1_35' title="bbox 589 4339 1711 4418; baseline -0.004 -17"><span class='ocrx_word' id='word_1_291' title='bbox 589 4343 652 4401; x_wconf 92' lang='lat' dir='ltr'><strong>Sed</strong></span> <span class='ocrx_word' id='word_1_292' title='bbox 674 4344 753 4418; x_wconf 88' lang='lat' dir='ltr'><strong>quod</strong></span> <span class='ocrx_word' id='word_1_293' title='bbox 776 4343 918 4402; x_wconf 89' lang='lat' dir='ltr'><strong>veritatis</strong></span> <span class='ocrx_word' id='word_1_294' title='bbox 944 4343 1076 4402; x_wconf 89' lang='lat' dir='ltr'><strong>studium</strong></span> <span class='ocrx_word' id='word_1_295' title='bbox 1103 4359 1159 4402; x_wconf 91' lang='lat' dir='ltr'><strong>nos</strong></span> <span class='ocrx_word' id='word_1_296' title='bbox 1185 4341 1311 4417; x_wconf 91' lang='lat' dir='ltr'><strong>impulit,</strong></span> <span class='ocrx_word' id='word_1_297' title='bbox 1344 4343 1377 4398; x_wconf 92' lang='lat' dir='ltr'><strong>ut</strong></span> <span class='ocrx_word' id='word_1_298' title='bbox 1402 4339 1523 4416; x_wconf 86' lang='lat' dir='ltr'><strong>putidas</strong></span> <span class='ocrx_word' id='word_1_299' title='bbox 1551 4339 1711 4414; x_wconf 90' lang='lat' dir='ltr'><strong>interpre-</strong></span> 
     </span>
     <span class='ocr_line' id='line_1_36' title="bbox 510 4445 1714 4526; baseline -0.005 -18"><span class='ocrx_word' id='word_1_300' title='bbox 510 4455 572 4509; x_wconf 91' lang='lat' dir='ltr'><strong>tum</strong></span> <span class='ocrx_word' id='word_1_301' title='bbox 592 4449 728 4526; x_wconf 90' lang='lat' dir='ltr'><strong>argutias</strong></span> <span class='ocrx_word' id='word_1_302' title='bbox 759 4466 1011 4526; x_wconf 86' lang='lat' dir='ltr'><strong>oppugnaremus,</strong></span> <span class='ocrx_word' id='word_1_303' title='bbox 1040 4451 1119 4508; x_wconf 89' lang='lat' dir='ltr'><strong>idem</strong></span> <span class='ocrx_word' id='word_1_304' title='bbox 1149 4449 1223 4508; x_wconf 83' lang='lat' dir='ltr'><strong>lacit</strong></span> <span class='ocrx_word' id='word_1_305' title='bbox 1256 4453 1287 4506; x_wconf 93' lang='lat' dir='ltr'><strong>ut</strong></span> <span class='ocrx_word' id='word_1_306' title='bbox 1312 4446 1388 4506; x_wconf 89' lang='lat' dir='ltr'><strong>nihil</strong></span> <span class='ocrx_word' id='word_1_307' title='bbox 1416 4445 1613 4505; x_wconf 89' lang='lat' dir='ltr'><strong>omittendum</strong></span> <span class='ocrx_word' id='word_1_308' title='bbox 1641 4461 1714 4503; x_wconf 88' lang='lat' dir='ltr'><strong>esse</strong></span> 
     </span>
     <span class='ocr_line' id='line_1_37' title="bbox 508 4551 1715 4634; baseline -0.006 -19"><span class='ocrx_word' id='word_1_309' title='bbox 508 4561 618 4634; x_wconf 89' lang='lat' dir='ltr'><strong>putem,</strong></span> <span class='ocrx_word' id='word_1_310' title='bbox 651 4557 732 4631; x_wconf 85' lang='lat' dir='ltr'><strong>quod</strong></span> <span class='ocrx_word' id='word_1_311' title='bbox 762 4573 819 4614; x_wconf 90' lang='lat' dir='ltr'><strong>non</strong></span> <span class='ocrx_word' id='word_1_312' title='bbox 848 4555 970 4630; x_wconf 87' lang='lat' dir='ltr'><strong>quidem</strong></span> <span class='ocrx_word' id='word_1_313' title='bbox 990 4555 1029 4614; x_wconf 88' lang='lat' dir='ltr'><strong>ad</strong></span> <span class='ocrx_word' id='word_1_314' title='bbox 1051 4553 1216 4615; x_wconf 89' lang='lat' dir='ltr'><strong>Salustium</strong></span> <span class='ocrx_word' id='word_1_315' title='bbox 1237 4552 1433 4630; x_wconf 87' lang='lat' dir='ltr'><strong>purgandum,</strong></span> <span class='ocrx_word' id='word_1_316' title='bbox 1462 4551 1518 4611; x_wconf 84' lang='lat' dir='ltr'><strong>red</strong></span> <span class='ocrx_word' id='word_1_317' title='bbox 1542 4555 1644 4610; x_wconf 87' lang='lat' dir='ltr'><strong>tamen</strong></span> <span class='ocrx_word' id='word_1_318' title='bbox 1674 4551 1715 4608; x_wconf 93' lang='lat' dir='ltr'><strong>ad</strong></span> 
     </span>
     <span class='ocr_line' id='line_1_38' title="bbox 509 4659 1714 4724; baseline -0.007 0"><span class='ocrx_word' id='word_1_319' title='bbox 509 4664 707 4724; x_wconf 87' lang='lat' dir='ltr'><strong>severissima</strong></span> <span class='ocrx_word' id='word_1_320' title='bbox 734 4679 895 4722; x_wconf 88' lang='lat' dir='ltr'><strong>censorum</strong></span> <span class='ocrx_word' id='word_1_321' title='bbox 920 4667 1094 4722; x_wconf 90' lang='lat' dir='ltr'><strong>nostrornm</strong></span> <span class='ocrx_word' id='word_1_322' title='bbox 1121 4663 1233 4722; x_wconf 91' lang='lat' dir='ltr'><strong>iudicia</strong></span> <span class='ocrx_word' id='word_1_323' title='bbox 1256 4660 1406 4720; x_wconf 89' lang='lat' dir='ltr'><strong>elevanda</strong></span> <span class='ocrx_word' id='word_1_324' title='bbox 1427 4659 1532 4720; x_wconf 85' lang='lat' dir='ltr'><strong>facere</strong></span> <span class='ocrx_word' id='word_1_325' title='bbox 1559 4659 1714 4718; x_wconf 84' lang='lat' dir='ltr'><strong>videatur.</strong></span> 
     </span>
    </p>
   </div>
   <div class='ocr_carea' id='block_1_3' title="bbox 0 0 1833 5592">
    <p class='ocr_par' dir='ltr' id='par_1_5' title="bbox 0 0 1833 5592">
     <span class='ocr_line' id='line_1_39' title="bbox 0 0 1833 5592; baseline 0 0"><span class='ocrx_word' id='word_1_326' title='bbox 0 0 1833 5592; x_wconf 95' lang='lat' dir='ltr'><strong> </strong></span> 
     </span>
    </p>
   </div>
  </div>
 </body>
</html>
