3576 5602
471 663 545 736 382

470 875 580 936 antem
606 864 751 935 bominis
776 857 966 933 amicissimi
991 864 1052 934 Cn.
1082 863 1230 956 Pompeii
1260 861 1375 934 laudes
1399 865 1581 949 illustrabit,
1616 867 1664 936 in·

470 999 582 1060 curret
608 989 707 1059 etiam
733 989 767 1059 iu
794 987 888 1058 illnm
915 998 947 1056 et
972 987 1222 1057 memorabilem
1241 1011 1366 1058 annum
1388 1011 1504 1070 suum:
1529 1013 1612 1082 quae
1627 991 1664 1060 ab

470 1113 533 1183 isto
561 1113 652 1183 malo
683 1111 868 1206 praedicari
899 1134 1011 1205 qnam,
1053 1123 1090 1182 nt
1114 1112 1216 1192 aiunt,
1256 1110 1298 1180 de
1329 1113 1434 1182 Remu
1466 1124 1499 1183 ct
1522 1115 1663 1185 Romulo.

469 1238 576 1306 (leae
602 1240 640 1307 dc
663 1236 783 1327 lcqibos
805 1233 836 1317 1,
855 1233 890 1306 2.
910 1233 944 1306 3.
988 1237 1061 1305 Non
1085 1234 1239 1326 ignorare
1261 1235 1373 1318 debes,
1400 1259 1505 1307 unum
1529 1238 1589 1308 boc
1609 1261 1665 1330 ge·

469 1382 532 1430 nne
558 1361 752 1432 Latinarum
784 1357 967 1428 litterarum
1001 1356 1110 1428 adbuc
1140 1381 1208 1428 non
1243 1359 1342 1429 modo
1374 1383 1444 1429 non
1476 1362 1665 1454 respondere

470 1485 643 1566 Graeciae,
676 1483 732 1553 sed
759 1483 894 1552 omnino
924 1481 1132 1576 audeatque
1158 1481 1346 1552 inchoatum
1377 1495 1483 1554 morte
1508 1485 1663 1555 Ciceronis

470 1609 634 1678 relictum.
685 1607 745 1676 llle
771 1607 860 1676 enim
886 1606 946 1676 luit
970 1627 1068 1687 unus,
1095 1607 1154 1699 qni
1179 1607 1322 1700 potuerit
1346 1620 1378 1677 et
1402 1610 1502 1680 etiam
1527 1610 1664 1680 debuerit

470 1731 640 1802 historiam
668 1730 769 1822 digna
795 1753 875 1801 voce
900 1731 1126 1823 pronuntiare,
1163 1731 1286 1824 quippe
1313 1733 1370 1825 qui
1396 1734 1570 1804 oratoriam
1596 1735 1662 1803 clu·

470 1856 642 1949 quantiam
674 1855 791 1925 rudem
824 1854 1050 1925 amatoribus
1076 1866 1245 1948 acceptam
1270 1856 1496 1948 perpolirecit,
1526 1857 1661 1949 pbiloso·

470 1977 584 2071 pbiam
611 1990 686 2048 ante
712 2001 787 2048 enm
815 1977 1014 2070 incomptam
1041 1979 1192 2049 Latinam
1225 2001 1285 2048 sua
1317 1981 1568 2051 conformaverit
1593 2003 1663 2050 ora·
1757 2067 1758 2074 ἵ

469 2103 570 2173 tione.
612 2106 756 2197 Exque
783 2102 908 2183 dubito,
936 2103 1067 2174 interitu
1094 2104 1164 2172 eius
1190 2113 1300 2174 utrum
1326 2105 1531 2196 respublica
1553 2128 1593 2174 an
1617 2103 1663 2174 bi·
1757 2109 1758 2124 ,

471 2227 571 2297 storia
598 2227 703 2317 magis
729 2225 848 2296 deleat.
891 2225 1054 2295 duneline
1069 2227 1173 2318 Nepet
1197 2228 1329 2296 debiat.
1356 2228 1411 2298 lut.
1436 2253 1470 2322 p.
1495 2229 1557 2301 181
1580 2232 1662 2300 liotlt

954 2572 1197 2580 Ἦ

723 2845 840 2932 ffll
888 2847 924 2931 t.
953 2845 1181 2933 matuatus
1210 2846 1389 2932 tantus

547 3087 578 3156 1.
617 3079 759 3175 [Atticus
790 3101 885 3156 notus
917 3110 948 3156 a.
978 3082 1063 3168 645,
1095 3101 1238 3155 morture
1262 3110 1294 3156 a.
1326 3079 1411 3176 722]
1445 3087 1546 3156 moris
1575 3083 1663 3156 etiam

470 3211 635 3283 maiorum
661 3233 809 3280 summus
834 3209 979 3279 imitator
1004 3209 1065 3279 tuit
1089 3209 1361 3302 antiquitatisque
1390 3223 1536 3292 amator3
1573 3231 1662 3302 quam

472 3336 556 3408 adeo
586 3335 764 3426 diiigenter
797 3333 913 3403 babuit
944 3333 1122 3424 cognitam,
1156 3345 1192 3404 ut
1224 3354 1298 3403 eam
1328 3343 1428 3404 totam
1455 3335 1490 3404 in
1517 3357 1556 3404 eo
1580 3333 1663 3403 rolu-

469 3461 561 3532 mine
587 3458 795 3551 exposuerit,
834 3478 901 3547 quo
927 3457 1135 3547 magistratus
1161 3456 1291 3526 ornavit
1325 3453 1542 3546 [ordinauitl]
1575 3455 1664 3528 Nulla

472 3583 561 3656 enim
589 3583 644 3652 lex
669 3603 777 3673 neque
802 3601 868 3672 pax
893 3602 1002 3672 neque
1027 3578 1154 3651 bellum
1176 3603 1287 3672 neque
1312 3603 1366 3650 res
1386 3581 1522 3652 illustris
1544 3593 1592 3652 est
1613 3603 1665 3674 po-
1757 3647 1758 3650 ,

470 3707 541 3802 puli
561 3703 714 3785 Romani,
740 3725 827 3798 qnae
853 3723 921 3773 non
946 3702 981 3773 in
1008 3724 1048 3772 eo
1073 3726 1132 3773 suo
1158 3714 1307 3798 tempore
1328 3705 1370 3774 sit
1386 3716 1514 3787 notata;
1541 3720 1572 3775 et
1588 3702 1663 3800 quud

472 3829 706 3902 difficillimum
733 3827 804 3910 tuit,
830 3827 877 3896 sic
902 3825 1105 3897 familiarum
1125 3828 1289 3919 originem
1315 3830 1494 3910 subtexuit,
1521 3843 1558 3900 nt
1575 3854 1614 3900 ex
1631 3849 1664 3896 eo
1757 3839 1758 3914 ζ

470 3957 643 4027 clarorum
669 3951 815 4024 virorum
841 3951 1045 4044 propagines
1069 3952 1231 4043 possimus
1256 3975 1468 4042 cognoscere.
1517 3955 1664 4024 Cornelios

470 4081 574 4173 Nepos
598 4080 636 4147 de
662 4079 716 4147 lot.
739 4078 812 4146 bist.
837 4077 874 4144 in
899 4077 966 4145 aito
989 4076 1089 4145 Attici
1116 4074 1171 4158 18,
1198 4077 1230 4148 1.
1256 4076 1291 4148 2.
1337 4079 1410 4169 ugo
1435 4080 1564 4149 cantius
1588 4087 1663 4172 post·

471 4204 534 4274 bac
561 4201 731 4274 historiam
758 4200 917 4291 attingam
945 4211 974 4268 te
1001 4197 1133 4287 [Attico]
1159 4199 1324 4280 audiente,
1351 4225 1452 4293 quem
1477 4225 1591 4274 rerum
1609 4203 1663 4270 llo-
1757 4271 1758 4274 ,

470 4349 648 4398 manarum
683 4337 852 4396 auctorem
886 4323 1020 4395 laudare
1054 4345 1188 4416 possum
1222 4323 1521 4415 religiosissimum.
1576 4327 1664 4397 dican

471 4453 573 4522 Bruto
605 4448 662 4531 11,
689 4447 751 4520 44.
784 4450 906 4518 Atticus
938 4450 1023 4518 Nam
1058 4460 1094 4517 ut
1129 4447 1213 4529 illos,
1249 4449 1365 4539 inquit,
1403 4447 1445 4518 de
1471 4451 1520 4518 lle
1546 4450 1663 4543 publica

471 4575 575 4645 libros
602 4573 744 4654 edidisti,
777 4570 859 4643 nibil
886 4594 905 4640 a
930 4582 961 4640 te
987 4593 1065 4640 sane
1091 4583 1203 4664 postea
1229 4572 1430 4665 accepimus,
1461 4573 1577 4668 eisque
1601 4595 1664 4644 nos·

471 4711 538 4770 met
570 4699 632 4792 ipsi
661 4697 702 4767 ad
738 4719 848 4766 rernm
886 4707 1070 4765 nostrarum
1107 4697 1300 4766 memoriam
1335 4697 1662 4789 comprehendendam
