3702 5600
1361 651 1437 720 tes

232 843 290 904 bus
310 843 396 903 molti
419 843 620 918 offenderunt,
641 847 701 904 etsl
723 845 877 922 scriptura
899 861 958 905 uon
980 845 1090 920 variat,
1114 845 1249 906 0rollios
1264 847 1354 906 l'rael'.
1371 865 1436 909 vm.

232 951 408 1046 auctoribgs
428 950 566 1027 llnperto
588 955 620 1010 et
641 951 770 1011 Wassio
790 951 982 1012 notissimam
1011 951 1096 1011 illam
1118 950 1281 1013 formulam
1296 954 1327 1014 in
1346 956 1462 1014 auxi--

232 1057 305 1118 lium
325 1061 431 1118 vocat:
453 1056 531 1117 Plio.
546 1056 622 1135 Epp.
644 1061 673 1132 8,
697 1060 749 1117 14:
774 1058 844 1134 „qui
861 1058 927 1117 lusec
942 1059 1074 1134 sentitis,
1096 1059 1126 1118 in
1142 1060 1220 1120 hanc
1234 1065 1363 1138 partem,
1385 1063 1438 1138 qni

232 1165 294 1224 elia
314 1165 423 1239 omnia,
450 1165 592 1254 inillam
613 1169 733 1242 partem
754 1158 824 1224 ite.“
848 1164 893 1223 ita
914 1167 947 1224 ot
973 1181 1082 1224 sensus
1113 1167 1169 1225 sit:
1195 1171 1281 1227 ratus
1309 1185 1437 1245 prorsus

230 1270 292 1330 alia
305 1271 365 1330 sibi
383 1287 455 1330 esso
476 1270 595 1348 agenda
617 1288 706 1346 quam
725 1289 792 1346 qoae
814 1271 936 1348 collega
957 1277 1073 1346 ageret,
1096 1276 1129 1331 ut
1147 1272 1259 1333 Catius
1280 1275 1362 1350 apud
1383 1272 1437 1333 Gi-

232 1393 375 1436 ceronem
396 1375 473 1454 Epp.
494 1377 534 1436 ad
554 1376 636 1438 Fam.
657 1380 685 1454 8,
710 1379 739 1453 9,
762 1380 794 1436 3:
820 1393 946 1438 seorsus
967 1395 986 1437 a
1008 1379 1128 1456 collega
1148 1383 1224 1457 puto
1241 1379 1317 1440 milri
1337 1381 1439 1444 omnia

230 1485 374 1560 paranda.
415 1485 487 1545 Cum
507 1485 609 1560 igitur,
632 1485 712 1559 quod
734 1484 896 1562 plurimum
920 1485 1124 1547 dubitationis
1153 1488 1258 1563 movit,
1286 1487 1438 1550 hocloco

232 1607 291 1650 non
318 1592 558 1652 coniunctionem
590 1593 642 1651 vel
672 1592 909 1652 communionem
940 1593 1091 1667 quandam
1121 1593 1295 1670 significare
1326 1594 1436 1670 voluit,

231 1697 288 1756 sed
308 1697 384 1756 nihil
406 1699 489 1758 aliud
511 1716 600 1773 qoam
626 1698 814 1773 consolatus,
844 1715 933 1774 quem
966 1716 1033 1758 cnm
1058 1700 1180 1776 collega
1201 1700 1437 1774 administraret,

233 1804 310 1864 hanc
336 1822 407 1864 esse
434 1806 583 1864 rationem
612 1806 713 1880 docet,
740 1811 773 1866 ut
800 1812 833 1864 et
853 1805 981 1882 collegae
1006 1810 1039 1866 et
1062 1805 1123 1866 sibi
1150 1824 1254 1866 monus
1275 1807 1366 1884 plane
1387 1806 1439 1867 di·

233 1929 355 1972 versom
378 1912 539 1972 iniunctum
563 1929 634 1974 esse
655 1913 805 1972 videatur.
833 1913 890 1972 sed
910 1911 995 1971 aliod
1017 1917 1074 1987 est,
1096 1917 1127 1972 in
1147 1914 1208 1974 olio
1228 1917 1324 1973 osonio
1348 1915 1439 1991 obire,

232 2017 314 2078 eliud
344 2020 407 2078 ntia
429 2023 527 2078 omnin
547 2019 601 2078 eidi
620 2037 685 2079 curn
704 2020 816 2097 collepo
836 2036 910 2079 csse.
955 2018 1049 2080 lmnuo
1072 2021 1258 2080 contrariom
1278 2026 1340 2080 est:
1372 2039 1437 2082 cuns

233 2126 312 2186 enim
334 2125 394 2185 hoc
416 2127 513 2202 ipsum
534 2126 685 2202 exprimit,
708 2126 838 2184 omnium
859 2126 988 2186 aliarum
1017 2143 1119 2185 rerum
1145 2142 1247 2186 curam
1276 2127 1316 2186 ad
1336 2126 1439 2188 colle-

232 2249 301 2310 gam
315 2233 482 2308 pertinere,
504 2231 564 2291 hoo
584 2232 646 2291 sibi
667 2233 727 2291 soli
748 2232 924 2292 iniunctum.
961 2232 1065 2291 Milites
1083 2233 1200 2309 eligere,
1222 2233 1351 2292 amitere
1364 2233 1436 2294 Bas.

233 2339 301 2398 Par.
327 2337 411 2398 Leid.
435 2339 503 2398 Tur.
526 2355 631 2398 omnes
653 2337 720 2398 iere
741 2339 822 2398 libri.
843 2339 954 2415 eligere
975 2356 1031 2398 om.
1052 2338 1120 2398 llio.
1142 2340 1211 2398 Vat.
1234 2343 1262 2400 t.
1285 2357 1361 2400 nuos
1382 2340 1438 2401 lli-

233 2449 284 2506 vii.
305 2447 442 2524 glossam
464 2447 556 2522 igitur
576 2445 666 2504 verbi
696 2447 826 2506 scribere
851 2464 923 2507 esse
951 2453 1131 2507 statuerunt.
1174 2447 1236 2508 Sed
1256 2449 1362 2525 glossa
1385 2450 1435 2510 lo·

232 2571 299 2614 cum
326 2555 461 2631 priorem
488 2556 627 2628 occupat,
659 2557 691 2612 et
719 2556 834 2613 tantum
861 2555 890 2612 in
917 2552 1003 2614 Leid.
1034 2555 1073 2614 ll.
1102 2553 1137 2612 N.
1158 2555 1288 2614 rcribew
1316 2556 1438 2632 stipere·

233 2661 313 2737 qood
345 2662 476 2720 ‹autiori
503 2659 626 2735 quidem
654 2661 762 2720 critico
797 2659 902 2720 frenos
924 2661 1047 2720 iniiciat.
1092 2659 1222 2720 Accedit
1243 2663 1325 2736 qood
1346 2663 1438 2738 glos·

232 2775 318 2828 sator
340 2770 408 2842 iste,
433 2785 524 2843 quoru
544 2768 591 2827 illi
613 2767 674 2826 sibi
696 2767 820 2842 fingunt,
847 2784 884 2826 no
909 2768 1022 2826 usitato
1048 2767 1171 2842 quidem
1192 2767 1343 2826 vocabulo
1366 2785 1438 2828 usos

232 2881 282 2936 est
307 2875 412 2952 lepore,
444 2875 500 2933 scd
526 2875 635 2950 stipere
659 2875 769 2951 posuit.
819 2875 862 2932 At
888 2875 1002 2934 dixerit
1028 2874 1148 2949 aliquis,
1177 2874 1328 2934 hominem
1353 2875 1439 2935 illum

231 2983 511 3042 inconsideranteru
537 2980 676 3040 Graecum
702 2980 830 3040 verbum
857 2974 991 3062 ἐκλέγειν
1021 2981 1215 3057 expressisse
1242 2980 1297 3040 olr.
1325 2981 1436 3056 Polyb.

231 3108 271 3150 vr.
295 3093 341 3149 19.
377 3090 428 3148 vel
456 3104 494 3148 eo
522 3087 680 3164 confugiat
710 3087 830 3162 aliquis,
865 3091 897 3146 ot
926 3087 1015 3163 dicat,
1044 3086 1125 3164 apud
1150 3085 1269 3146 Livium
1295 3104 1353 3146 non
1379 3103 1438 3148 uno

233 3197 302 3256 loco
330 3197 426 3272 tepere
451 3201 483 3254 et
512 3195 620 3272 eligere
648 3197 676 3254 in
699 3196 788 3255 codd.
815 3195 937 3254 variare
965 3193 1021 3254 cir.
1042 3212 1072 3252 n.
1098 3198 1122 3252 t.
1148 3195 1192 3252 10.
1214 3213 1244 3254 x.
1267 3197 1293 3254 3.
1317 3196 1348 3269 3,
1374 3211 1437 3270 xxi,

233 3306 280 3378 39,
301 3306 336 3362 8;
358 3322 443 3376 xxix,
465 3305 513 3378 22,
536 3305 587 3376 te;
613 3320 697 3377 xxxi,
723 3304 769 3374 lt,
793 3303 824 3361 2:
855 3319 961 3374 xxxix,
983 3302 1030 3375 te,
1053 3303 1084 3375 2,
1111 3301 1158 3374 52,
1180 3302 1211 3374 2,
1243 3319 1289 3377 xo,
1315 3303 1362 3376 35,
1388 3302 1438 3377 lt3

233 3415 264 3470 ct
285 3408 365 3488 apud
389 3409 534 3469 lustinum
555 3408 634 3469 adeo
656 3411 817 3484 utrumque
837 3410 948 3468 mutari
971 3408 1027 3468 clr.
1048 3408 1153 3468 lustin.
1176 3427 1205 3467 ιι.
1228 3411 1257 3467 7.
1278 3411 1304 3467 t.
1330 3425 1392 3478 xrrr,
1412 3412 1436 3481 1,

234 3522 288 3592 135
310 3537 361 3592 ιιι,
385 3520 432 3591 13,
457 3522 487 3589 1;
510 3534 538 3575 v.
554 3519 581 3575 3.
605 3519 638 3590 33
668 3517 823 3592 addasque
846 3517 874 3576 in
896 3517 1074 3576 universum
1091 3519 1238 3592 argentea
1257 3517 1437 3575 etatever-

233 3625 303 3685 bum
327 3625 434 3702 stipere
462 3624 653 3700 frequentius
682 3623 781 3683 luisse
807 3625 992 3699 usurpatum,
1023 3623 1114 3696 idque
1144 3622 1285 3698 exemplo
1316 3620 1437 3689 Quinti·

231 3732 304 3791 liani
320 3731 485 3791 confirmet.
521 3731 636 3806 Audio;
661 3730 719 3790 sed
741 3731 770 3790 in
792 3729 1014 3790 conscribendo
1037 3728 1175 3789 exercitu
1195 3744 1284 3788 nemo
1297 3745 1438 3804 umquam

232 3838 291 3898 troc
312 3837 465 3897 vocabolo
490 3854 548 3914 pro
579 3837 677 3914 tepere
704 3854 778 3897 osus
800 3842 859 3897 est.
901 3837 1001 3905 Quare
1022 3835 1164 3912 equidem
1184 3835 1215 3894 in
1235 3834 1367 3894 animum
1387 3834 1436 3894 in-

232 3945 345 4006 ducere
364 3962 425 4005 non
446 3961 580 4021 possum,
602 3949 636 4004 nt
655 3945 845 4018 vocabulum,
868 3943 949 4019 qood
971 3959 1077 4004 omnes
1090 3941 1158 4003 iere
1172 3942 1271 4002 libros
1289 3941 1437 4016 ipsosque

231 4053 502 4129 praestantissimos
532 4054 748 4128 occupavit,a
778 4052 907 4111 librario
937 4050 1125 4128 adscriptum
1150 4065 1223 4109 esse
1254 4047 1436 4108 existimem

232 4157 337 4234 Neque
359 4164 418 4218 tarn
441 4159 605 4218 absurdam
627 4175 698 4218 esse
720 4160 848 4220 duorum
871 4159 1034 4218 vorborum
1055 4156 1318 4234 compositionem,
1342 4159 1436 4228 pote-

231 4271 282 4325 rat
309 4266 423 4324 dooere
449 4266 617 4324 oscitantes
646 4264 777 4325 lustinus
806 4268 921 4338 auctor,
948 4265 999 4340 qui
1025 4281 1098 4324 xxo.
1125 4265 1152 4324 ³.
1183 4266 1208 4322 1.
1240 4262 1305 4322 llaec
1326 4260 1435 4320 habet:

235 4371 308 4447 ,llis
330 4373 372 4432 ita
392 4372 490 4448 gostis
508 4371 637 4430 militem
659 4371 735 4448 legit
756 4371 983 4444 exercitumque
998 4361 1192 4430 conscribit.“
1230 4365 1330 4426 Licuit
1345 4366 1437 4442 igitur

231 4478 386 4555 scriptori,
408 4478 489 4554 qood
512 4494 570 4540 uno
591 4477 690 4537 verbo
712 4476 841 4554 exprimi
862 4482 993 4552 poterat,
1015 4476 1056 4534 ad
1077 4475 1165 4534 ducis
1186 4473 1382 4534 sedulitatem
1403 4477 1436 4534 et

231 4584 410 4644 industriam
433 4583 648 4643 declarandam
670 4583 808 4660 pluribus
823 4583 929 4642 vorbis
943 4582 1108 4642 illustrare.
1149 4578 1212 4640 Sed
1235 4579 1370 4640 sortasse
1389 4579 1436 4642 illi

231 4694 395 4768 opponent,
417 4689 476 4750 hoe
500 4691 528 4749 si
549 4690 685 4752 auctoris
706 4688 819 4750 luisset
839 4687 1009 4764 consilium,
1031 4687 1159 4764 proprio
1179 4685 1334 4748 vocabolo
1349 4685 1434 4748 illum

1209 4788 1271 4852 ³2*
