3702 5600
434 655 505 726 532

431 854 598 915 lotionibus
619 869 690 914 esse
712 854 887 930 corruptum
908 870 997 928 quam
1019 853 1145 914 initium.
1173 855 1271 913 eodem
1291 855 1459 931 reprediinr
1478 856 1550 916 Bas.
1571 857 1643 917 Par.

432 961 480 1021 bo
493 981 548 1020 xa.
571 960 617 1032 (in
639 959 746 1037 nspl.)
774 961 873 1020 endem
895 961 977 1035 quod
999 962 1092 1020 etiam
1113 962 1188 1022 boni
1208 963 1281 1021 libri
1303 965 1435 1036 tuentur,
1463 981 1538 1024 unus
1559 964 1643 1024 Rivii

432 1069 499 1129 Tur.
510 1088 547 1129 m.
558 1071 585 1128 2.
596 1071 627 1128 et
638 1068 761 1146 plurimi
772 1065 947 1142 Leidensem
960 1073 1045 1128 certe
1056 1071 1266 1129 necessarium
1278 1087 1339 1128 non
1352 1076 1408 1130 est.
1419 1071 1448 1130 si
1459 1073 1538 1131 enim
1546 1071 1642 1148 Ligus

432 1177 462 1236 in
475 1178 603 1237 eundem
614 1177 714 1235 locum
725 1175 894 1250 descendit,
910 1175 990 1234 unde
1006 1177 1135 1251 exierat,
1153 1176 1245 1236 aliter
1264 1177 1332 1238 lieri
1348 1195 1408 1237 non
1421 1179 1530 1255 potuit,
1547 1196 1641 1253 quam

434 1288 466 1344 ut
480 1283 586 1344 cadem
600 1281 668 1342 fere
682 1282 734 1340 via
755 1283 882 1341 rediret.
901 1285 1073 1342 ascenderet
1091 1283 1162 1343 Bas.
1182 1287 1213 1343 et
1235 1301 1339 1343 omnes
1354 1285 1422 1344 lere
1436 1285 1517 1345 libri.
1534 1303 1642 1344 escen-

432 1391 516 1449 derel
535 1389 632 1449 Paris.
655 1407 682 1448 n.
706 1388 762 1449 sed
785 1390 843 1468 spl.
865 1407 892 1448 n.
913 1390 1022 1449 iterum
1044 1391 1135 1467 paulo
1159 1390 1239 1450 inira
1259 1392 1447 1452 descenderat
1466 1393 1534 1451 Tur.
1559 1389 1644 1451 Leim

432 1513 470 1554 m.
498 1493 666 1554 sedetiam
694 1495 755 1554 hoc
782 1495 853 1554 loco
884 1497 1057 1555 ascenderat
1077 1497 1258 1573 optimorum
1281 1498 1431 1557 librorum
1456 1501 1643 1559 auctoritate

433 1602 509 1662 satis
530 1601 712 1661 defenditur.
735 1607 869 1661 arrectus
891 1607 935 1660 esi
955 1601 1023 1660 Bas.
1044 1605 1076 1662 et
1089 1604 1176 1662 recte
1197 1603 1327 1678 quidem.
1347 1610 1644 1680 manner-prosn-

432 1727 506 1770 mum
527 1710 616 1769 idem.

514 1833 539 1876 c.
561 1818 609 1875 oi.
632 1819 681 1893 qni
711 1819 849 1875 centuriis
865 1823 1015 1889 preerant
1034 1817 1104 1875 Bas.
1127 1820 1159 1873 et
1179 1816 1302 1892 plurimi
1323 1817 1406 1892 libri;
1437 1820 1641 1876 cenmricrmii

431 1927 488 1986 sed
508 1930 535 1985 is
556 1930 589 1986 ct
605 1945 669 2002 prce
691 1925 747 2004 spl.
766 1925 864 1986 Paris.
887 1947 914 1986 z.
933 1928 983 2002 psi
1003 1944 1043 1984 en
1061 1929 1200 1984 centuriis
1215 1931 1371 1999 preerant.
1406 1924 1479 1984 Nan.
1496 1924 1643 1984 Commel.

431 2033 493 2094 elii.
517 2037 566 2110 qni
590 2037 744 2094 ascensuri
766 2041 851 2093 erem
869 2034 934 2093 Pal.
957 2037 985 2092 5.
1008 2032 1106 2092 Guell.
1128 2034 1155 2091 o.
1177 2033 1248 2092 Seu.
1264 2038 1290 2092 2.
1313 2031 1376 2091 Erl.
1398 2032 1556 2091 Praeterea
1580 2031 1644 2091 ali-

433 2141 500 2215 quis
521 2140 665 2199 coniecit:
696 2143 745 2216 qni
765 2143 916 2199 escensuri
937 2146 1028 2199 ment.
1070 2139 1133 2198 Sed
1159 2155 1257 2213 neque
1287 2139 1348 2198 hoc
1369 2137 1439 2197 loco
1461 2137 1524 2197 ulla
1547 2155 1643 2198 causa

433 2245 509 2305 satis
532 2245 651 2322 idonea,
678 2263 732 2304 eur
756 2263 775 2304 a
802 2245 938 2304 lectione
964 2245 1147 2322 optimorum
1174 2246 1323 2305 librorum
1345 2245 1535 2303 recedamus.
1580 2243 1644 2302 Vix

432 2353 512 2412 enim
540 2352 652 2426 aliquis
680 2352 914 2424 existimaverit,
948 2352 1063 2410 tantum
1090 2356 1221 2426 quatuor
1250 2350 1323 2409 illos
1355 2351 1550 2410 centuriones
1575 2369 1645 2410 cum

431 2457 543 2535 Ligure
567 2460 678 2518 missos
699 2459 804 2532 luisse,
832 2459 944 2535 quippe
966 2459 1056 2534 pauci
1077 2458 1217 2518 homines
1238 2458 1384 2533 praesidio
1406 2457 1459 2514 vix
1489 2475 1561 2516 esse
1582 2475 1644 2534 po-

431 2567 571 2639 tuissent,
587 2570 619 2626 et
629 2571 902 2626 commemorantur
913 2565 993 2626 inira
1003 2565 1127 2638 milites,
1140 2566 1223 2639 quod
1235 2569 1343 2623 auctor
1354 2557 1569 2638 non'dixisset,
1582 2566 1645 2624 nisi

431 2673 511 2733 alios
534 2689 622 2748 quam
643 2673 838 2730 centuriones
860 2671 1034 2746 significare
1055 2671 1213 2730 voluisset.
1234 2673 1312 2730 nisui
1325 2668 1397 2730 Bas.
1414 2672 1513 2731 Paris.
1536 2673 1603 2730 b.x.
1617 2690 1644 2730 n.

431 2783 499 2839 nisu
524 2777 652 2838 Eccard„
678 2777 777 2836 Gueli.
799 2779 825 2836 3.
849 2779 875 2836 l.
898 2779 925 2837 6.
948 2776 1033 2836 Leid.
1055 2776 1090 2835 Ε.
1112 2777 1181 2836 Tur.
1201 2777 1300 2836 Paris.
1322 2793 1348 2837 e.
1370 2777 1525 2836 advorsum
1551 2779 1645 2837 icens

432 2886 502 2944 Bas.
535 2887 649 2943 nnnmis
684 2882 775 2943 idem.
807 2887 907 2943 vinem
934 2899 1098 2959 repressus,
1136 2883 1213 2941 vitio
1244 2899 1283 2942 ex
1311 2884 1499 2959 repetitione
1529 2885 1645 2944 litterae

432 2993 544 3072 prioris
572 2989 603 3060 (s
622 2993 701 3051 enim
723 2996 792 3051 etr
813 2993 841 3050 in
862 2989 951 3049 codd.
973 2990 1133 3049 simillime
1152 2987 1237 3059 sunt)
1260 2995 1339 3049 orto.
1356 2990 1493 3048 llornenis
1513 2991 1645 3051 omnilm

432 3101 504 3159 Bas.
525 3105 557 3159 et
578 3098 715 3159 sortasse
740 3097 827 3158 multi
848 3098 903 3156 alii
931 3097 1011 3172 libri,
1034 3103 1119 3156 certe
1141 3095 1340 3172 llavereamp.
1366 3099 1397 3154 et
1418 3093 1588 3157 Leidenses
1611 3102 1645 3157 ut

433 3206 565 3266 videtur.
607 3207 742 3265 Omnibus
767 3207 844 3265 liom,
870 3212 899 3264 et
923 3205 1051 3264 nostibus
1072 3204 1177 3280 vulgo.
1205 3221 1373 3281 quernpnnm
1400 3202 1545 3263 lominum
1571 3203 1643 3264 Bas.

434 3313 514 3373 ialso
535 3330 592 3390 pro
613 3315 736 3372 omnium
758 3313 829 3372 inde
851 3319 957 3387 ortum,
981 3312 1063 3386 quod
1083 3312 1101 3369 l
1123 3311 1236 3387 saepius
1257 3309 1419 3388 praescribi
1442 3310 1524 3370 solet
1539 3311 1642 3370 nomi-

433 3421 531 3494 nibus,
559 3437 626 3495 qum
648 3436 666 3478 a
688 3420 788 3479 vocali
810 3419 964 3496 incipiunt.

515 3545 540 3588 c.
563 3529 610 3586 95,
633 3527 763 3602 pucino·
785 3524 854 3583 Bas.
875 3525 944 3583 Par.
960 3525 986 3582 b.
1010 3541 1083 3602 quos
1105 3522 1204 3585 Guell.
1219 3527 1245 3583 3.
1265 3524 1336 3583 Par.
1357 3543 1387 3583 x.
1409 3541 1492 3602 quen
1511 3529 1554 3585 uti
1572 3524 1644 3585 Par.

435 3634 462 3692 rl.
485 3637 533 3711 qui
554 3633 674 3709 reliqui,
704 3634 796 3692 etiam
822 3631 891 3691 Par.
914 3651 940 3690 n.
964 3629 1075 3690 mendo
1102 3632 1271 3708 scriptume.
1299 3635 1357 3689 inm
1374 3647 1468 3706 prope
1496 3651 1544 3692 ee.
1571 3633 1643 3693 Bas.

430 3763 522 3820 prope
542 3748 599 3800 inm
616 3743 716 3819 vulgo.
740 3743 889 3800 ellatinis
908 3742 977 3800 Bas.
999 3747 1084 3818 etque
1105 3741 1190 3815 quod
1210 3741 1303 3816 vulgo
1325 3741 1434 3815 editur,
1458 3739 1561 3799 locum
1581 3757 1645 3800 non

435 3851 537 3910 habet.
556 3849 647 3924 pudet
667 3845 701 3918 (e
722 3845 794 3924 spl.)
817 3865 855 3904 nn
874 3851 972 3923 pipant
990 3851 1082 3924 inopis
1104 3846 1172 3906 Par.
1194 3865 1219 3906 n.

516 3975 540 4016 c.
561 3957 609 4015 96.
631 3973 694 4030 sup.
712 3954 879 4030 predictum
911 3960 960 4014 est.
983 3954 1053 4013 Bas.
1081 3971 1120 4013 ex
1150 3954 1337 4031 repetitione
1365 3954 1481 4014 ultimae
1510 3953 1644 4030 syllabas

435 4063 579 4122 vocabuli
605 4063 729 4138 prioris.
757 4063 793 4121 ab
818 4061 897 4120 nullo
915 4068 1015 4136 petere
1043 4060 1111 4120 Par.
1134 4061 1162 4120 b.
1188 4078 1208 4119 n
1230 4061 1309 4121 nullo
1340 4060 1411 4122 Bas.
1441 4061 1509 4122 Tur.
1539 4061 1643 4137 quibus

435 4172 522 4230 relus
544 4169 614 4229 Bas.
642 4168 726 4228 Leid.
748 4169 816 4228 Tur.
837 4168 931 4246 vulgo
952 4169 1025 4246 puis.
1048 4168 1104 4226 secl
1132 4167 1253 4245 plenior
1281 4168 1379 4229 forma
1406 4168 1464 4228 hoo
1491 4168 1560 4227 loeo
1581 4167 1643 4226 ha-

435 4277 498 4351 bet,
527 4292 586 4350 quo
609 4274 849 4348 commendetur;
879 4274 940 4332 vim
967 4275 1047 4332 enim
1070 4276 1275 4334 conclusionis
1303 4278 1396 4352 auget
1422 4278 1455 4333 et
1477 4274 1567 4333 acuit

518 4399 542 4441 c.
565 4383 612 4440 97.
638 4383 797 4458 scripture
825 4379 891 4439 cod.
921 4377 990 4438 Bas.
1019 4380 1135 4440 bocmrm
1161 4409 1199 4419 —
1224 4383 1346 4438 nuncios
1376 4411 1416 4420 —
1440 4379 1577 4457 faciundi
1601 4409 1642 4418 —

433 4473 596 4562 proxumos
627 4523 665 4531 -
697 4488 803 4546 beccus
842 4521 879 4530 -
911 4489 1048 4562 quiuisset
1081 4517 1120 4526 —
1151 4493 1328 4546 conmrrrunt
1364 4488 1420 4562 spl.
1453 4487 1499 4545 nel
1536 4490 1567 4544 in
1603 4522 1643 4533 -

436 4597 577 4654 aduersos
605 4625 643 4633 ·-
671 4611 839 4654 accerrnme
866 4627 903 4636 -
932 4597 1068 4670 quivisset
1092 4593 1175 4652 haud
1205 4592 1297 4652 dubie
1322 4591 1539 4668 reponendum.
1572 4595 1641 4669 pni-

436 4705 516 4774 ucrit,
545 4703 639 4777 pninii,
668 4703 781 4778 quierit,
810 4703 973 4776 quivissent,
1007 4705 1121 4776 queunt,
1148 4699 1279 4758 aliorum
1303 4696 1453 4757 librorum
1472 4698 1640 4774 scripturn,
