3610 5592
167 901 352 996 imperium,
367 900 497 972 animus
510 903 545 972 in
560 900 764 972 consulendo
780 901 877 985 liber,
892 925 1001 995 neque
1015 903 1136 974 delicto
1152 927 1262 997 neque
1280 903 1368 974 lubi-

166 1027 231 1096 dini
247 1026 424 1098 obnoxius.
468 1029 533 1097 Pro
551 1025 602 1096 bis
627 1049 688 1096 nos
705 1025 866 1097 babemus
883 1028 1050 1098 luxuriam
1068 1039 1166 1122 atque
1183 1027 1366 1110 avaritiam,

166 1151 295 1243 publice
308 1159 501 1241 egestatem,
515 1149 667 1242 privatim
680 1149 886 1242 opulentiam
890 1177 900 1230 ;
913 1151 1086 1222 laudamus
1100 1152 1241 1236 divitias,
1254 1154 1369 1246 sequi·

167 1297 238 1345 mur
253 1274 430 1354 inertiam;
449 1273 533 1342 inter
544 1273 648 1343 bonos
666 1282 699 1343 et
715 1274 819 1343 malos
836 1273 1014 1344 discrimen
1031 1275 1160 1346 nullum
1174 1286 1236 1358 est;
1256 1277 1369 1346 omnia

165 1397 289 1468 virtutis
301 1397 441 1490 praemia
450 1397 585 1467 ambitio
594 1397 750 1489 possidet.
780 1399 896 1490 Neque
914 1398 1036 1468 mirum
1053 1408 1111 1481 est,
1127 1399 1253 1470 ubi'vos
1271 1422 1369 1492 sepa·-

167 1522 261 1591 ratim
296 1521 361 1590 sibi
394 1521 535 1614 quisque
569 1522 745 1592 consilium
770 1521 901 1614 capitis,
936 1523 994 1595 ubi
1019 1524 1110 1594 domi
1135 1523 1368 1617 voluptatibus,

167 1643 219 1716 hic
252 1645 403 1739 pecuniae
434 1655 491 1715 aut
522 1645 636 1737 gratia·
662 1645 809 1724 servitis;
845 1669 885 1716 eo
911 1646 965 1730 lit,
999 1657 1036 1716 ut
1071 1648 1212 1740 impetus
1248 1645 1305 1717 liat
1335 1647 1370 1716 in

166 1791 303 1840 vacuam
338 1792 410 1838 rem
442 1769 621 1861 publicam.
673 1769 738 1838 Sed
768 1791 831 1859 ego
865 1769 937 1839 haec
970 1769 1095 1840 omitto.
1147 1770 1370 1842 Coniuravere

167 1893 373 1963 nobilissumi
390 1893 478 1964 cives
494 1893 634 1986 patriam
659 1893 851 1972 incendere:
879 1893 1051 1963 Gallorum
1068 1903 1200 1984 gentem
1225 1894 1372 1964 infestis-

168 2039 294 2087 sumam
311 2017 438 2087 nomini
454 2019 604 2087 Romano
629 2017 671 2086 ad
688 2018 814 2087 bellum
827 2027 1014 2097 accersunt:
1042 2017 1109 2087 dux
1127 2016 1269 2087 hostium
1295 2041 1371 2088 cum

168 2141 319 2212 exercitu
343 2164 444 2234 supra
468 2151 566 2233 caput
591 2151 653 2211 est:
679 2163 738 2211 vos
764 2141 963 2211 cunctamini
988 2142 1192 2211 etiamnunc
1217 2151 1249 2210 ct
1274 2141 1372 2212 dubi-

169 2267 256 2348 tatis,
282 2265 365 2358 quid
390 2265 475 2334 intra
499 2263 624 2335 moenia
649 2264 798 2334 hostibus
824 2262 1038 2357 deprehensis
1064 2265 1208 2334 faciatis?
1234 2266 1373 2337 Misere-

168 2390 248 2459 mini
275 2410 410 2470 censeo;
436 2387 606 2483 deliquere
631 2388 781 2458 homines
799 2388 1038 2459 adulescentuli
1064 2413 1124 2482 per
1139 2389 1371 2471 ambitionem

169 2521 266 2606 atque
292 2513 393 2583 etiam
419 2522 562 2606 armatos
587 2511 766 2582 dimittatis.
817 2513 867 2582 Ne
893 2513 954 2583 ista
978 2512 1072 2582 vohis
1096 2513 1316 2584 mansuetudo
1342 2526 1374 2585 et

170 2635 411 2720 misericordia,
445 2637 474 2706 si
500 2636 550 2706 illi
581 2659 675 2706 arma
700 2638 863 2729 ceperint,
898 2637 931 2706 in
958 2637 1126 2707 miseriam
1152 2648 1372 2710 convertatur.

171 2759 301 2830 Scilicet
326 2781 380 2830 res
405 2759 477 2852 ipsa
501 2781 618 2853 aspera
643 2770 707 2843 est,
735 2761 792 2830 sed
818 2783 875 2829 vos
900 2782 967 2830 non
993 2760 1113 2830 timetis
1140 2783 1224 2830 eam.
1266 2763 1373 2831 lmmo

171 2907 249 2956 rero
276 2907 453 2968 maxume,
480 2883 537 2954 sed
554 2884 673 2954 inertia
691 2893 723 2953 et
744 2884 885 2955 mollitia
902 2884 1006 2954 animi
1030 2885 1115 2955 alius
1133 2885 1235 2954 alium
1253 2908 1375 2978 expec-

172 3019 274 3078 tantes
291 3008 512 3088 cunctamini;
537 3007 691 3078 videlicet
708 3007 771 3076 diis
786 3007 1028 3078 immortalibus
1055 3007 1190 3090 conlisi,
1217 3008 1275 3101 qni
1289 3008 1376 3079 hanc

171 3133 429 3228 rempublicam
454 3155 542 3226 saepe
562 3133 597 3202 in
617 3133 782 3202 maxumis
802 3133 958 3226 periculis
984 3155 1168 3203 servavere.
1208 3135 1281 3204 Non
1295 3134 1376 3203 votis

173 3280 278 3351 neque
293 3257 463 3352 suppliciis
478 3256 694 3328 muliebribus
711 3257 836 3329 auxilia
850 3256 988 3327 deorum
1004 3267 1181 3350 parantum
1195 3257 1375 3348 vigilando,

173 3383 319 3474 agendo,
349 3381 435 3450 bene
461 3379 662 3452 consulendo
686 3403 844 3472 prospere
869 3380 982 3450 omnia
1007 3381 1143 3460 cedunt;
1178 3380 1236 3451 ubi
1262 3403 1377 3450 socor-

174 3505 236 3575 diae
261 3515 293 3575 te
319 3513 418 3596 atque
446 3503 587 3594 ignaviae
612 3502 805 3584 tradideris,
839 3503 1062 3597 nequicquam
1095 3503 1174 3573 deos
1209 3503 1376 3596 implores,

176 3627 247 3699 irati
264 3628 442 3721 infestique
459 3639 544 3700 sunt.
581 3628 680 3720 Apud
701 3629 844 3698 maiores
865 3638 994 3697 nostros
1011 3627 1116 3698 Aulus
1134 3627 1276 3698 blanlins
1293 3630 1378 3699 Tor-

176 3763 290 3846 quatus
321 3752 411 3824 bello
437 3753 564 3825 Gallico
597 3753 704 3822 lilium
737 3774 853 3834 suum,
892 3750 980 3844 quod
1013 3751 1039 3820 is
1065 3761 1177 3821 contra
1203 3752 1379 3846 imperium

177 3879 211 3948 in
235 3879 364 3950 hostem
389 3887 609 3971 pugnaverat,
635 3877 747 3947 necari
773 3875 881 3958 iussit,
908 3886 1006 3969 atquc
1032 3875 1090 3946 illo
1116 3875 1271 3968 egregins
1296 3877 1380 3947 adu·

177 4005 301 4075 lescens
339 4003 552 4074 inmoderata
583 4001 781 4072 fortitudinis
815 4010 922 4070 morte
956 4021 1070 4093 peenas
1095 4000 1196 4070 dedit.
1247 4003 1314 4073 Vos
1339 4001 1380 4072 de

179 4127 423 4201 crudelissumis
457 4127 629 4222 parricidis
660 4127 741 4218 quid
770 4126 915 4196 sumatis
948 4124 1172 4196 cunctamini?
1222 4125 1381 4196 Videlicet

180 4265 285 4325 cetera
309 4255 378 4325 vita
403 4277 517 4325 eorum
544 4253 624 4324 huic
657 4252 775 4323 sceleri
804 4252 920 4323 obstat.
971 4254 1096 4323 Verum
1121 4253 1245 4345 parcite
1270 4252 1382 4343 digni·

182 4377 233 4447 tati
250 4378 403 4460 Lentuli,
421 4379 448 4448 si
467 4377 535 4472 ipse
554 4376 736 4471 pudicitie,
756 4376 783 4446 si
799 4377 894 4445 lamae
915 4399 1003 4457 snae,
1028 4376 1056 4445 si
1074 4375 1138 4446 diis
1154 4385 1252 4469 atque
1270 4375 1381 4445 homi-

181 4501 274 4572 nibus
300 4523 460 4594 umquam
486 4501 562 4570 ullis
587 4499 753 4593 pepercit;
789 4498 947 4590 ignoscite
973 4498 1112 4591 Cethegi
1137 4497 1382 4580 adulescentie,

183 4625 241 4694 nisi
267 4625 386 4694 iterum
412 4623 526 4716 patrias
552 4623 678 4693 bellum
703 4622 791 4691 lecit.
842 4624 927 4693 Nam
952 4621 1032 4715 quid
1064 4645 1127 4713 ego
1160 4622 1202 4691 de
1230 4622 1382 4704 Gabinio,

185 4749 328 4830 Statilio,
355 4749 506 4843 Caepario
531 4749 667 4844 loquar‘l
705 4750 824 4843 quibus
850 4749 877 4818 si
903 4748 1080 4841 quicquam
1106 4771 1264 4842 umquam
1290 4748 1383 4843 pensi
