3526 5604
437 615 508 686 330

435 814 607 885 Valerium
631 815 789 886 Flaccum
814 818 1044 889 administrum
1074 817 1181 908 magis
1213 837 1315 909 11111
1340 815 1505 907 collegam
1529 817 1619 888 habe-

435 949 496 1010 ret.
535 939 719 1012 Plutarchus
740 945 776 1012 iu
793 944 900 1014 llario
915 943 975 1027 28,
1002 942 1036 1015 3.
1137 944 1172 1013 7.
1198 944 1236 1012 lu
1264 954 1370 1013 castro
1391 943 1479 1036 quod
1498 943 1618 1012 Caenon

335 1073 337 1076 ’
435 1062 557 1134 dicitur
581 1065 616 1133 in
640 1076 783 1136 secretas
807 1067 967 1159 quasdam
993 1066 1192 1137 hlithridatis
1221 1066 1346 1136 litteras
1372 1067 1487 1136 incidit
1518 1062 1620 1150 [Pom-

435 1188 529 1281 peius
559 1211 589 1258 a.
623 1187 712 1276 689]
831 1193 868 1260 ln
902 1191 953 1260 his
986 1201 1149 1282 repertam
1182 1214 1314 1284 quoque
1340 1190 1555 1284 Theophanes
1584 1192 1620 1260 ait

435 1311 551 1383 Rutilii
567 1313 763 1395 orationem,
789 1337 856 1406 qua
874 1314 901 1384 is
926 1315 968 1384 ah
995 1314 1238 1384 interficiendos
1260 1336 1320 1407 per
1340 1315 1455 1385 Asiam
1472 1315 1620 1383 Romanos

435 1459 548 1529 regem
583 1437 790 1508 incitavisset.
832 1441 957 1510 Verum
993 1439 1078 1510 hano
1112 1440 1262 1532 plerique
1291 1440 1490 1510 calumniam
1522 1439 1622 1508 exuti·

434 1570 528 1631 mant
552 1561 594 1631 ab
618 1561 822 1654 Theophane
855 1562 977 1644 fictam,
1015 1563 1073 1655 qui
1102 1563 1263 1633 Rutilium
1288 1563 1365 1632 odio
1397 1562 1542 1644 haberet,
1576 1563 1621 1633 rel

436 1684 525 1778 qnod
551 1687 602 1756 sui
628 1687 727 1779 plane
754 1688 921 1758 dissimilis
946 1689 1059 1758 luisset
1083 1688 1137 1758 vel
1154 1689 1304 1781 Pompeii
1323 1689 1442 1779 gratia,
1470 1689 1560 1758 cuius
1575 1688 1622 1757 ille

436 1820 565 1902 patrem
594 1807 826 1894 [auauimatum
850 1837 882 1883 a.
901 1810 990 1898 667]
1016 1814 1050 1882 in
1078 1812 1219 1882 historiis
1244 1813 1424 1904 pessimum
1451 1812 1549 1881 fuisso
1570 1811 1623 1880 ho-

436 1935 562 2006 minem
587 1936 878 2010 demonstraverat.
923 1940 1108 2009 Plutarchus
1123 1941 1159 2007 ia
1176 1940 1324 2032 Pompeio
1340 1937 1400 2010 37.
1502 1939 1535 2008 8.
1558 1938 1624 2007 Plc-

436 2058 532 2152 rique
557 2081 650 2129 suam
675 2060 736 2153 ipsi
761 2061 861 2132 vitam
886 2085 1023 2132 nmrare
1049 2062 1204 2133 fiduciam
1237 2062 1345 2154 potius
1376 2083 1507 2131 morum
1536 2083 1623 2154 quam

437 2185 658 2275 arrogantiam
677 2186 824 2256 arbitrati
846 2197 931 2268 sunt,
956 2210 1019 2258 neo
1040 2186 1216 2257 inanitio
1234 2197 1266 2256 et
1283 2187 1407 2258 Scauro
1431 2187 1514 2256 citra
1538 2185 1624 2254 fidem

437 2317 494 2377 aut
518 2307 745 2378 obtrectationi
771 2309 842 2379 tuit.
897 2309 1022 2379 Tacitus
1046 2311 1196 2401 apricola
1224 2308 1255 2392 1,
1285 2309 1316 2380 1.
1421 2311 1456 2380 9.
1482 2312 1517 2378 Ρ.
1542 2308 1624 2378 Ruti-

437 2429 500 2500 lius
525 2431 630 2500 Rufus
664 2433 705 2502 de
738 2433 805 2504 vita
830 2456 888 2503 sna
913 2433 1000 2504 libro
1030 2433 1157 2526 primo:
1195 2433 1370 2525 Pompeius
1402 2426 1456 2522 [Α.
1485 2427 1624 2522 1111-

437 2553 565 2626 boravit
589 2556 638 2626 uti
658 2557 817 2649 populum
833 2559 1021 2627 llomanum
1046 2566 1156 2626 nosset
1182 2579 1323 2648 eumque
1349 2556 1526 2626 artificioso
1545 2555 1623 2624 salu·

437 2687 531 2748 taret.
574 2678 738 2749 Charisius
763 2679 798 2761 2,
828 2677 884 2762 14,
916 2677 974 2750 31.
1077 2682 1134 2751 10.
1170 2680 1357 2762 Constanti3
1395 2679 1453 2749 sed
1487 2680 1571 2748 enim
1594 2679 1621 2746 Ρ.

438 2801 579 2871 Rutilius
604 2801 646 2872 da
670 2802 737 2873 vita
759 2825 817 2873 sua
836 2805 866 2873 ll
886 2803 1019 2887 Animo,
1050 2804 1168 2897 inquit,
1202 2813 1380 2874 constante.
1424 2799 1621 2882 1111111111,

438 2924 498 3008 21,
521 2923 580 2996 59.
682 2926 739 2994 11.
765 2925 945 2995 Familiare
969 2937 1058 2997 recte
1082 2929 1118 2997 P.
1140 2927 1283 2999 Rutilius
1310 2928 1351 2997 he
1376 2927 1444 2997 vita
1468 2949 1527 2997 sua
1549 2924 1622 2994 libro

438 3049 554 3118 tertio:
589 3072 649 3142 pro
674 3050 779 3119 Lucio
805 3048 967 3119 familiare
992 3050 1178 3120 veniebam.
1222 3051 1386 3120 Clmrisim
1410 3048 1442 3132 1,
1468 3049 1526 3132 21,
1552 3047 1622 3120 102.

442 3174 499 3242 ta.
525 3171 803 3263 vectigalium..
824 3224 832 3241 .
858 3173 894 3242 P.
915 3196 1048 3265 quoqne
1065 3171 1207 3244 Rutilius
1224 3173 1266 3244 dc
1285 3173 1352 3243 vita
1376 3194 1437 3243 sua
1456 3173 1511 3242 tv.
1551 3171 1623 3239 Gho-

437 3301 537 3369 risius
562 3297 594 3379 1,
621 3297 680 3380 21,
707 3296 791 3369 230.
894 3296 951 3367 13.
979 3297 1061 3368 Orbi
1086 3320 1148 3390 pro
1166 3299 1248 3368 orbe
1274 3299 1550 3370 Ciceronem...
1573 3291 1622 3362 seh

439 3432 473 3491 et
492 3422 646 3492 Publium
671 3421 831 3491 llutilinm
856 3421 898 3490 he
922 3421 990 3492 vita
1015 3443 1075 3491 sua
1100 3421 1214 3514 quinto
1238 3411 1290 3490 ‘ex
1314 3421 1388 3492 orbi
1408 3404 1573 3490 terrarum’
1595 3425 1622 3485 et

439 3547 631 3639 frequenter
655 3549 802 3637 antiquas
826 3544 871 3614 ita
896 3545 1021 3615 locutos
1046 3545 1173 3615 Plinius
1205 3545 1323 3615 eodem
1348 3545 1435 3615 libro
1460 3555 1549 3614 sexto
1571 3564 1623 3610 no·

439 3677 494 3737 tat.
538 3665 936 3751 consistamus,
1038 3669 1095 3737 ll.
1121 3668 1252 3750 aedile,
1278 3689 1346 3737 non
1371 3667 1484 3748 aedili,
1510 3668 1544 3736 P.
1563 3666 1622 3734 llu-

439 3790 529 3862 tilins
554 3792 597 3861 da
622 3792 688 3863 vita
713 3813 772 3861 sna
797 3791 924 3884 quinto.
972 3791 1137 3862 Charisius
1165 3790 1197 3873 1,
1223 3789 1282 3872 21,
1313 3789 1370 3861 18.
1477 3791 1531 3860 15.
1555 3788 1622 3857 Sino

439 3916 516 4000 sini,
541 3926 579 3986 ut
601 3918 637 3985 Ρ.
661 3914 803 3987 Rutilius
828 3914 869 3985 de
887 3914 954 3985 vita
970 3937 1045 3985 sua:
1072 3913 1207 4008 quodsi
1232 3935 1286 3982 me
1312 3913 1451 3984 invitum
1476 3913 1562 3983 abire
1584 3909 1622 3978 si-

439 4041 551 4112 nisset.
591 4042 759 4111 Diomedes
781 4041 853 4134 lp.
881 4037 951 4110 371
979 4041 1016 4110 Ρ.
1119 4041 1175 4109 16.
1202 4038 1376 4119 ostendor,
1402 4047 1544 4106 ostentus
1565 4085 1573 4102 .
1591 4082 1620 4099 ..

439 4167 476 4236 P.
502 4166 645 4237 Rutilius
677 4165 717 4235 de
754 4163 821 4234 vita
852 4185 932 4232 sua:
972 4163 1030 4234 uni
1063 4183 1130 4232 una
1155 4170 1283 4232 ostenta
1313 4171 1375 4254 est.
1426 4151 1625 4228 1111111111

436 4313 471 4383 p.
486 4287 557 4361 372
575 4289 611 4359 Ρ.
715 4289 771 4358 l'l.
797 4289 951 4358 Lccticae
978 4287 1046 4357 sive
1072 4287 1175 4379 plutei
1194 4286 1283 4370 lecti,
1309 4285 1351 4354 tle
1370 4285 1489 4378 quibus
1506 4278 1620 4351 Satilins

441 4409 639 4501 [Rutilins‘l]
672 4415 776 4485 Rufus
802 4415 843 4484 he
870 4413 937 4485 vita
962 4435 1021 4483 sua
1045 4412 1211 4495 Primum,
1251 4413 1371 4506 inquit,
1405 4403 1620 4496 consuetudine

442 4537 677 4630 imperatorum
713 4539 782 4631 ipse
814 4561 875 4630 pro
903 4537 998 4607 lectis
1030 4536 1155 4606 lecticis
1180 4535 1343 4606 utebatur.
1390 4535 1531 4605 ludonts
1551 4529 1618 4614 orit·

441 4659 501 4743 26,
530 4659 587 4744 11,
612 4657 647 4730 4.
676 4663 733 4752 cfr.
759 4662 925 4757 Appianas
950 4663 988 4730 da
1011 4661 1074 4730 rab.
1103 4661 1196 4753 Hisp.
1222 4657 1283 4731 85.
