3582 5594
1312 615 1380 684 115

187 811 248 896 lis,
277 811 345 882 illis
369 833 429 906 pro
445 813 549 883 salute
571 812 781 894 certantibus,
807 821 943 905 repente
969 835 989 882 a
1013 823 1106 902 tergo
1130 813 1224 904 signa
1248 835 1378 884 ornere.

185 939 234 1008 Ac
248 936 360 1030 primo
385 935 543 1006 mulieres
568 945 601 1005 et
625 935 730 1028 pueri,
763 935 821 1027 qui
846 935 952 1006 visum
977 946 1214 1028 processerant,
1245 935 1379 1027 iugere;

185 1061 317 1142 deinde,
343 1060 391 1134 nti
416 1059 557 1152 quisque
581 1081 678 1130 muro
703 1081 883 1152 proxumus
909 1069 990 1142 erat,
1016 1069 1182 1152 postremo
1199 1059 1308 1132 cuncti
1324 1083 1381 1130 ar-

185 1185 264 1256 mati
280 1184 505 1276 inermesque.
546 1182 644 1266 Quod
669 1183 727 1253 nbi
751 1181 883 1266 accidit,
910 1205 951 1252 eo
966 1183 1075 1254 aerius
1092 1183 1232 1254 Romani
1248 1183 1397 1265 imore..

185 1309 327 1380 tundere
351 1331 392 1378 ac
416 1309 593 1402 plerosque
619 1307 844 1378 tantummode
867 1307 1034 1390 sauciare;
1067 1307 1145 1380 dein
1168 1331 1267 1401 snper
1291 1308 1381 1380 ocei-

185 1457 297 1506 rerum
323 1456 462 1527 serpere
487 1431 617 1514 vadere,
651 1432 738 1503 aridi
768 1433 883 1526 glorie
915 1445 1076 1504 certantes
1102 1456 1232 1505 murum
1257 1445 1380 1528 petere,

185 1583 296 1653 neqoe
322 1579 523 1652 quemquam
548 1557 698 1628 omnium
723 1557 835 1650 praeda
864 1558 998 1628 morari.
1045 1557 1100 1628 Sic
1127 1557 1210 1628 ferte
1235 1567 1382 1630 correcta

184 1685 283 1756 ttarii
308 1683 475 1754 temeritas
499 1683 639 1776 gloriam
666 1705 708 1752 ex
733 1683 830 1774 eulpa
855 1682 991 1752 invenit

259 1831 414 1880 mxxv.
464 1809 619 1880 Ceterum
645 1807 723 1879 dnm
749 1831 789 1878 ea
813 1831 866 1878 res
892 1808 1027 1900 geritur,
1061 1811 1100 1880 L.
1124 1809 1216 1880 Sulla
1240 1819 1382 1900 quaestor

287 1954 413 2024 magno
438 1930 585 2026 equitatu
611 1930 644 1999 in
671 1941 777 2001 metra
802 1930 909 2002 venit:
940 1953 1022 2024 quos
1048 1931 1095 2002 uti
1119 1955 1162 2002 ex
1187 1931 1280 2004 Latio
1305 1944 1383 2003 cta

184 2055 285 2126 sociis
316 2065 460 2147 cogeret,
494 2055 607 2126 Romae
638 2053 773 2124 relictus
806 2065 888 2123 erat.
939 2053 1004 2124 Sed
1035 2054 1193 2146 quoniam
1217 2077 1277 2126 ees
1302 2057 1384 2128 tanti

184 2183 250 2252 viri
266 2204 321 2252 res
337 2179 518 2260 admonuit,
544 2178 702 2250 idoneum
725 2178 830 2248 visum
856 2187 904 2247 est
929 2177 970 2249 de
995 2190 1114 2248 natura
1130 2178 1286 2272 cultuque
1312 2180 1384 2252 eius

184 2307 303 2400 pods
327 2305 459 2388 dicere;
492 2328 603 2399 neque
631 2305 720 2374 enim
746 2303 813 2374 alie
844 2305 918 2374 loco
947 2304 991 2375 de
1014 2304 1114 2375 Sullae
1140 2304 1239 2376 rebus
1264 2305 1384 2378 dicturi

185 2453 312 2512 mmor,
343 2441 376 2499 et
400 2432 440 2499 L.
462 2429 612 2510 Sisenna,
637 2439 771 2522 optume
797 2439 829 2498 et
854 2427 1115 2520 diligentissume
1138 2428 1300 2511 omnium,
1325 2429 1384 2524 qui

187 2579 247 2626 ers
271 2577 325 2625 res
348 2555 474 2635 dixere,
500 2565 700 2648 persecutus,
725 2577 843 2647 parum
862 2554 946 2624 mihi
970 2553 1077 2624 libero
1100 2576 1158 2624 ere
1181 2555 1308 2628 locutus
1332 2555 1384 2626 vi-

187 2681 296 2752 detur.
337 2683 443 2772 Igitur
466 2682 558 2752 Sulla
589 2680 696 2773 gentis
729 2680 872 2774 patricie
904 2679 1025 2751 nobilis
1050 2681 1121 2764 luit,
1159 2680 1287 2750 familia
1317 2681 1383 2750 iam
1472 2701 1474 2706 ·

188 2829 293 2901 prope
327 2803 471 2875 extincta
509 2805 672 2874 maiorem
702 2804 847 2896 ignavia,
888 2803 1006 2874 litteris
1040 2803 1163 2874 Graecis
1192 2813 1225 2872 et
1258 2803 1385 2874 Latinis

187 2933 281 3002 iuxta
305 2941 403 3022 atqm
428 2928 624 3000 doctissnmc
656 2927 816 3008 eruditus,
850 2927 962 2998 animo
985 2926 1121 3019 ingenti,
1157 2927 1294 3020 cupidus
1325 2949 1385 2998 vo-

188 3055 363 3148 luptatum,
389 3053 447 3124 sed
471 3052 587 3146 gloriae
612 3051 781 3146 cupidior:
813 3053 881 3122 otio
905 3051 1076 3122 luxurioso
1100 3073 1184 3133 esse,
1209 3062 1316 3122 umen
1341 3051 1384 3122 alr

188 3178 329 3271 negotiis
346 3199 527 3270 numquam
547 3176 697 3268 voluptas
722 3187 902 3255 remorata;
927 3175 991 3244 uisi
1016 3173 1103 3266 qued
1129 3173 1169 3244 de
1195 3197 1298 3248 uxore
1323 3197 1385 3268 po-
1437 3161 1439 3166 ¹

188 3304 251 3374 tuit
275 3301 445 3373 honestius
469 3300 612 3372 consuli:
647 3298 819 3381 facundus,
855 3299 994 3370 callidus
1029 3309 1062 3368 et
1092 3297 1238 3369 amicitia
1261 3299 1384 3370 lacilisc

188 3427 232 3498 ad
257 3423 443 3498 simulanda
468 3424 600 3515 negotia
624 3423 762 3495 altitudo
794 3424 921 3514 ingenii
946 3421 1170 3502 incredibilis,
1207 3423 1384 3493 multarum

191 3573 303 3623 rernm
339 3571 379 3619 ac
411 3569 565 3618 maxume
598 3546 749 3639 peceniae
778 3546 926 3638 largitor.
975 3546 1085 3638 Atque
1109 3545 1160 3617 illi
1184 3545 1386 3617 felicissumo

189 3675 338 3748 emnium
372 3681 448 3742 ante
480 3669 612 3741 civilem
643 3669 813 3740 victoriam
845 3690 1026 3760 numquam
1058 3689 1158 3762 snper
1191 3668 1386 3741 industriam

191 3802 321 3871 brtnna
337 3795 409 3877 fnit,
434 3793 595 3886 multique
615 3792 817 3875 dubitavere,
843 3790 958 3863 fortior
974 3813 1017 3860 an
1034 3790 1162 3861 lelicior
1178 3801 1280 3872 esset,
1307 3813 1386 3864 nam

189 3935 303 4018 postea
326 3943 401 4016 quat
426 3920 551 4000 lecerit,
586 3921 747 3990 incertam
771 3918 891 3999 haheo,
928 3917 1050 4010 pudeat
1075 3916 1179 4006 magis
1209 3939 1251 3986 an
1277 3916 1387 4009 pigeat

190 4047 363 4118 diuerere

265 4191 431 4242 nuxxvr.
480 4167 584 4259 lgiter
600 4167 703 4250 Sulla,
729 4167 776 4237 uti
801 4167 1044 4260 supradictum
1068 4177 1127 4250 est,
1152 4178 1325 4259 postquam
1351 4166 1386 4236 in

189 4296 337 4368 natum
363 4305 463 4387 atque
488 4293 524 4362 in
550 4303 657 4364 castre
680 4291 779 4364 ilarii
804 4313 880 4361 cum
906 4290 1052 4382 equitatu
1077 4289 1177 4369 venit,
1206 4288 1298 4360 rudis
1323 4311 1386 4359 an-

189 4433 244 4491 tea
268 4432 301 4490 et
321 4419 459 4512 ignarus
474 4416 567 4498 belli,
592 4416 848 4486 sollertissumus
864 4415 1012 4484 omnium
1029 4413 1064 4484 in
1082 4413 1194 4506 paucis
1211 4422 1387 4505 tempesto.

188 4545 277 4616 tibus
302 4545 406 4614 lamus
432 4550 491 4611 est.
532 4539 585 4612 Ad
602 4539 666 4609 hoc
682 4539 802 4610 milites
827 4538 972 4629 benigne
997 4536 1176 4631 appellare,
1202 4535 1313 4608 multis
1330 4559 1386 4608 ro-

189 4669 357 4761 gantibus,
383 4665 457 4738 aliis
479 4687 538 4756 per
555 4685 589 4733 sc
611 4664 681 4755 ipse
704 4661 783 4733 dare
803 4661 977 4744 beneficia,
1004 4661 1124 4732 invitus
1141 4661 1302 4752 accipere,
1329 4661 1386 4730 sed

1182 4777 1226 4842 8*
