3576 5602
1290 627 1362 700 393

146 831 410 911 Erichthonius,
449 831 506 922 qui
533 832 685 900 seruntur
720 855 762 900 ex
794 841 883 926 tprra
914 830 1008 910 editi,
1048 831 1125 899 item
1150 828 1297 899 Pandion
1330 840 1363 898 et

144 956 376 1036 Erechtheus,
416 955 509 1025 cuius
541 955 628 1024 filiae
654 956 816 1046 virgines,
855 977 932 1025 cum
964 955 1058 1044 gravi
1093 954 1182 1025 bello
1207 955 1360 1026 Athenae

146 1095 423 1174 oppugnarentur
449 1105 511 1150 nec
536 1081 605 1150 ulla
630 1103 704 1173 spes
729 1081 845 1150 salutis
870 1081 1107 1162 ostenderetur,
1145 1081 1282 1172 sumptis
1307 1079 1361 1149 in·

148 1207 230 1276 lulis
256 1206 299 1276 ad
324 1228 415 1275 aram
440 1216 615 1274 steterunt:
642 1228 718 1273 nam
746 1204 791 1273 ita
816 1226 1011 1296 responsum
1036 1213 1115 1282 erat,
1142 1214 1178 1273 ut
1194 1204 1281 1274 salus
1299 1227 1361 1296 pa·

148 1333 236 1400 triae
262 1331 329 1400 iam
355 1330 526 1423 desperata
552 1329 615 1398 hoo
639 1351 765 1420 genere
791 1328 915 1421 piaculi
933 1337 1192 1422 compararetur.
1235 1329 1361 1400 Auctor

149 1468 202 1524 est
227 1455 372 1547 exempli
390 1454 495 1524 Varro
522 1453 606 1522 libro
630 1453 851 1523 humanarum
875 1452 1031 1523 secundo.
1074 1453 1202 1522 Scholia
1223 1453 1361 1523 Bellien-

148 1583 203 1648 ss'u
227 1581 273 1648 ad
299 1578 362 1647 otc.
385 1599 446 1668 pro
462 1577 562 1646 Sestio
585 1600 618 1668 p.
637 1575 709 1647 299
734 1577 831 1646 Orcll.
932 1576 966 1645 5.
994 1577 1055 1646 His
1080 1577 1284 1670 temporibus
1309 1578 1360 1646 la-

150 1705 254 1776 bulae
288 1702 383 1771 lictae
420 1710 495 1770 sunt
522 1752 530 1769 .
557 1753 565 1768 .
593 1753 601 1769 .
629 1700 670 1770 de
703 1699 796 1769 labro
821 1701 971 1771 Daedalo
1005 1701 1132 1771 eteius
1158 1700 1358 1782 lcarolilio,

149 1827 243 1921 quod
272 1826 336 1897 sibi
361 1825 516 1917 coaptatis
547 1823 664 1916 pennis
699 1824 891 1894 volaverint.
937 1827 1135 1916 depastione
1160 1828 1197 1894 dc
1225 1829 1283 1895 civ.
1308 1827 1360 1895 dci

153 1951 213 2032 18,
240 1949 297 2022 13.
341 1950 417 2020 Vult
438 1951 554 2026 Varro,
590 1950 717 2018 loarum
742 1950 871 2019 Cretem
899 1949 943 2018 ihi
969 1950 1145 2040 naufragio
1166 1949 1303 2044 periisse
1327 1961 1359 2018 et

150 2080 193 2150 de
221 2079 312 2149 exitu
341 2075 483 2144 hominis
515 2074 704 2168 impositum
730 2096 849 2144 nomen
877 2076 961 2144 loco.
1012 2077 1142 2145 Solinus
1166 2075 1272 2168 polyls.
1300 2072 1356 2143 17.

149 2205 259 2274 Varro
285 2203 319 2272 in
345 2204 487 2272 Scauro:
522 2200 685 2291 glutinum
712 2202 821 2270 lerunt
847 2201 1032 2271 Daedalum
1059 2201 1233 2272 invenisse.
1273 2202 1359 2273 cta-

150 2331 254 2398 risius
273 2325 306 2409 1,
337 2324 394 2406 17,
421 2323 480 2398 65.
511 2323 543 2405 1,
569 2322 629 2404 21,
658 2322 739 2395 114.
776 2326 918 2395 Aeolum
945 2338 1061 2418 poetae
1088 2326 1217 2417 lingunt
1242 2348 1357 2417 regem

151 2474 225 2520 esse
245 2459 429 2520 ventorum.
469 2452 574 2519 Varro
596 2457 706 2519 autem
732 2447 810 2517 dicit
836 2448 924 2518 launo
951 2449 1134 2519 insularum
1161 2471 1280 2518 novem
1301 2472 1357 2518 re-

89 2649 96 2666 ,
151 2597 228 2665 gem
254 2574 374 2655 fuisse;
410 2596 452 2642 en
477 2595 618 2665 quarum
645 2571 777 2642 nebulis
811 2583 845 2640 et
874 2573 964 2642 lumo
995 2573 1140 2642 maxime
1173 2573 1355 2643 Volcaniae

151 2698 281 2768 insulae
306 2697 500 2791 praedicens
526 2697 636 2767 flatura
662 2696 766 2766 llabra
791 2707 975 2777 ventorum,
1008 2697 1168 2789 imperitis
1195 2698 1283 2768 visus
1308 2707 1356 2766 est

150 2833 265 2892 ventos
299 2844 360 2890 sua
392 2831 550 2914 potestate
578 2819 734 2891 retinere.
785 2821 913 2890 Seruius
942 2823 986 2890 ud
1017 2821 1103 2911 Vcrp.
1129 2823 1205 2889 Aen.
1236 2819 1268 2900 1,
1295 2818 1354 2891 56.

151 2948 298 3017 Isidorou
323 2950 405 3039 arip.
430 2945 485 3028 tl,
512 2945 547 3017 6.
579 2948 826 3038 Mytlsopruplsus
848 2947 932 3018 Mati
954 2970 986 3038 p.
1015 2943 1095 3016 182.
1131 2949 1257 3017 Novem
1280 2949 1356 3018 Μυ-

151 3093 203 3140 sas
222 3071 307 3141 lovis
324 3081 356 3140 et
372 3069 552 3142 Memoriae
578 3070 663 3139 filias
689 3093 759 3138 esse
786 3070 965 3140 linxerunt
1008 3070 1141 3141 Refellit
1164 3093 1219 3139 eos
1237 3073 1354 3149 Varro,

152 3217 219 3286 quo
244 3193 356 3264 nescio
381 3217 423 3264 an
448 3194 626 3286 quisquam
662 3194 777 3265 talium
806 3216 918 3264 rerum
952 3194 1077 3264 doctior
1110 3193 1163 3262 vel
1193 3194 1355 3265 curiosior

152 3340 222 3388 esse
248 3318 361 3410 possit.
401 3318 490 3389 Dicit
515 3319 604 3388 enim
631 3318 796 3389 civitatem
822 3319 934 3388 nescio
960 3342 1059 3412 quam
1086 3313 1163 3406 (non
1184 3319 1273 3388 enim
1291 3341 1356 3387 no-

151 3464 226 3511 men
252 3437 377 3532 recolo)
415 3442 539 3512 locasse
572 3442 659 3534 apud
692 3454 757 3512 tres
783 3443 925 3512 artifices
954 3452 1047 3513 terna
1073 3444 1251 3513 simulacra
1276 3446 1354 3515 Mu·

151 3587 275 3647 surum,
302 3565 390 3660 quod
417 3565 452 3634 in
478 3567 602 3658 templo
619 3566 784 3659 Apollinis
809 3566 934 3635 donum
960 3579 1109 3658 poneret,
1141 3577 1177 3637 ut
1204 3567 1353 3660 quisquis

150 3689 316 3760 artificum
340 3688 532 3782 pulchriora
549 3685 731 3771 formasset,
757 3690 801 3760 alr
826 3691 884 3760 illo
909 3691 1115 3784 potissimum
1133 3693 1237 3761 electa
1261 3714 1354 3760 eme-

150 3825 211 3884 ret.
253 3815 368 3907 ltaquc
386 3816 573 3907 contigisse,
600 3825 634 3886 ut
658 3839 758 3908 opera
780 3840 841 3887 sua
861 3841 993 3910 quoque
1018 3818 1066 3888 illi
1083 3819 1226 3888 artifices
1244 3841 1351 3910 aeque

150 3938 290 4030 pulchra
316 3939 532 4032 explicarent,
565 3951 598 4008 et
621 3941 786 4032 placuisse
818 3941 941 4011 civitati
967 3964 1081 4011 omncs
1107 3963 1226 4010 novem
1253 3952 1353 4034 utque

151 4085 266 4134 omnes
292 4087 363 4134 esse
381 4076 518 4156 emptas,
545 4065 629 4133 utin
647 4065 812 4158 Apollinis
838 4067 961 4158 templo
980 4065 1222 4136 dedicarentur.
1267 4065 1352 4147 Qui-

151 4189 212 4258 bus
237 4202 350 4281 postea
382 4188 463 4258 dicit
487 4188 670 4258 Hesiodum
704 4202 836 4282 poetam
868 4190 1062 4282 imposuisse
1093 4191 1255 4260 vocabula

150 4314 231 4384 Tres
266 4325 377 4384 autem
410 4325 583 4407 propterea
617 4315 674 4384 illa
703 4315 818 4384 civitas
849 4315 1024 4396 locaverat,
1147 4316 1224 4408 quia
1253 4315 1351 4385 facile

150 4451 220 4509 erat
244 4437 505 4508 animadvertere
531 4460 666 4508 omnem
693 4461 828 4522 sonum,
864 4461 951 4531 quae
986 4439 1139 4508 materies
1165 4437 1352 4507 cantilena-

150 4589 223 4635 rum
250 4576 309 4645 est,
337 4567 520 4634 triformem
538 4588 610 4634 esse
627 4575 756 4635 natura.
798 4567 865 4636 Aut
891 4566 981 4634 euim
1007 4588 1086 4635 voce
1111 4565 1229 4643 editur,
1254 4560 1350 4630 sicuti

151 4710 267 4758 eorum
292 4701 351 4772 est,
382 4691 439 4782 qui
466 4689 616 4759 saucibus
642 4689 713 4758 sinc
738 4711 864 4781 organo
889 4700 1028 4768 canunt;
1062 4699 1117 4758 aut
1143 4688 1232 4768 llatu,
1267 4685 1350 4754 sicut
