3702 5600
1360 641 1432 712 t87

226 837 316 900 libris
338 837 422 899 MSS.
440 837 580 916 legendis
601 835 719 896 versati
740 839 827 914 snnt;
848 853 962 895 movere
981 853 1039 913 pro
1054 855 1171 898 monac
1193 838 1304 898 scribae
1326 856 1434 900 errore

226 961 408 1024 expressum
436 949 493 1005 est.
523 961 587 1004 eom
607 945 712 1020 dicum,
743 961 829 1020 quum
844 973 883 983 -
901 943 1040 1042 dormit
1059 944 1130 1005 Bas.
1155 944 1230 1040 Ltus,
1257 962 1293 1004 eu
1314 975 1352 984 —
1371 964 1436 1024 quoe

227 1051 295 1112 liin.
316 1050 401 1112 Leid.
424 1051 515 1112 ctiam
537 1050 636 1111 Paris.
659 1049 715 1110 sed
742 1049 865 1109 lineola
885 1067 978 1127 supra
999 1067 1035 1110 eo
1057 1084 1095 1095 —
1114 1054 1332 1130 praescriptae.
1359 1051 1433 1112 cod.

226 1159 295 1219 Bas.
321 1159 487 1219 lectionem
515 1157 666 1236 expressi,
696 1173 786 1232 quam
813 1173 879 1216 cum
904 1156 990 1216 multi
1013 1154 1151 1219 Latinam
1177 1177 1249 1220 esse
1274 1159 1431 1236 negarent,

224 1266 286 1326 bac
306 1267 345 1326 de
366 1283 401 1326 re
423 1265 514 1343 paulo
543 1263 716 1324 accuratius
741 1263 952 1323 disserendum
974 1267 1032 1324 est.
1074 1265 1208 1326 Primum
1238 1267 1299 1327 boc
1321 1269 1432 1326 muen-

226 1373 296 1432 dum
317 1371 483 1433 Salustium
505 1387 564 1432 nou
594 1372 623 1430 in
650 1370 826 1430 universum
846 1368 1059 1431 Memmianum
1081 1389 1178 1448 genus
1208 1373 1355 1449 loquendi
1375 1391 1431 1433 suo

225 1480 256 1538 in
271 1480 351 1540 libro
369 1479 502 1540 reddere
521 1479 669 1554 voluisse,
691 1479 747 1537 sed
768 1493 858 1536 unam
881 1494 921 1536 ex
942 1477 1009 1536 eius
1029 1478 1220 1540 orationibus
1236 1479 1432 1556 perscribere

226 1587 341 1647 statuit.
363 1603 425 1662 quo
447 1587 516 1665 ipso
537 1584 690 1645 vocabulo
711 1601 779 1643 cum
800 1583 828 1642 b.
850 1581 870 1642 l.
897 1600 970 1643 usus
992 1589 1087 1660 esset,
1118 1585 1205 1644 addit
1224 1586 1324 1645 dicam
1346 1585 1431 1646 cuius

224 1693 313 1753 verbi
335 1709 444 1753 sensus
465 1691 544 1752 alius
570 1706 643 1750 csse
663 1707 724 1749 non
745 1693 857 1768 potest,
891 1707 981 1766 quam
1007 1691 1096 1751 verbi
1119 1693 1339 1769 praecedentis3
1371 1693 1431 1754 uisi

226 1800 317 1876 quod,
347 1815 414 1860 cum
442 1797 577 1866 oratoris
602 1801 709 1875 partes
738 1797 918 1873 susceperit,
948 1799 1064 1858 rectius
1084 1799 1303 1860 verbodicere
1325 1801 1428 1860 utitur.

224 1907 290 1968 Sed
312 1925 381 1967 cum
401 1923 462 1967 non
484 1907 522 1966 de
549 1904 682 1964 blemmii
708 1904 884 1979 eloquentia
911 1908 1029 1982 ageret,
1061 1906 1118 1965 sed
1139 1913 1256 1966 certam
1276 1907 1431 1983 quandam

225 2015 398 2075 orationem
420 2015 508 2091 operi
534 2031 590 2073 suo
611 2014 751 2072 intexere
771 2012 878 2088 vellet,
913 2028 973 2072 uon
1002 2012 1103 2090 potnit
1121 2013 1302 2090 pronomine
1323 2016 1431 2073 neutro

228 2139 265 2182 eo
289 2122 342 2197 uti,
373 2121 486 2199 quippe
514 2120 596 2196 quod
623 2124 737 2181 tantum
765 2118 805 2179 ad
835 2135 946 2178 sensus
976 2136 1036 2179 non
1057 2120 1098 2179 ad
1124 2119 1253 2180 sormam
1282 2119 1431 2180 orationis

224 2231 394 2306 spectaret.
416 2227 479 2288 lam
495 2229 573 2288 satis
589 2228 710 2303 quidem
725 2230 848 2287 constat
866 2229 991 2285 veteres
1008 2226 1188 2303 scriptores,
1204 2224 1332 2301 Livium,
1352 2226 1431 2285 ilin-

225 2336 358 2412 nysium,
375 2333 509 2395 Curtium
524 2334 604 2410 dico,
627 2334 740 2411 sepius
761 2335 848 2394 fictas
864 2335 1023 2394 orationes
1043 2335 1187 2411 personis
1203 2334 1351 2410 induisse,
1374 2334 1430 2394 scd

168 2433 171 2442 ’
222 2441 284 2502 alia
308 2441 436 2501 Salustii
457 2440 537 2500 ratio
559 2439 627 2516 tuit,
656 2440 769 2516 quippe
798 2440 851 2515 qui
879 2440 919 2499 ad
950 2440 1140 2517 Thucydidis
1166 2441 1339 2517 exemplum
1371 2459 1433 2500 nun

224 2548 315 2608 modo
336 2548 507 2608 orationem
528 2545 664 2624 ingeniis
694 2549 726 2606 ot
746 2546 884 2606 moribus
909 2547 1063 2606 bominum
1084 2549 1343 2624 accomodaverit,
1375 2549 1431 2609 sed

223 2655 308 2731 ipsas
329 2654 451 2714 illorum
473 2653 630 2714 orationes
651 2651 694 2712 ita
716 2652 864 2712 memoria
888 2652 1067 2730 complexus
1083 2655 1131 2728 sit
1153 2659 1187 2715 ut
1201 2671 1257 2715 eas
1272 2657 1432 2716 ornaverit

221 2761 343 2837 quidem
364 2762 456 2835 atque
477 2759 665 2836 expoliverit
687 2759 743 2818 sed
764 2776 824 2818 nou
849 2760 1015 2819 mutaverit
1036 2759 1176 2836 aliasque
1200 2761 1319 2822 lecerit.
1366 2761 1430 2822 Ne·

222 2885 282 2944 que
302 2868 363 2928 hoc
385 2867 477 2927 facile
499 2866 568 2926 lieri
588 2869 693 2944 potest
713 2866 745 2924 in
767 2866 931 2942 aequalium
953 2866 1152 2942 orationibus,
1179 2885 1245 2943 quae
1267 2870 1432 2929 exstabant

223 2979 256 3036 et
275 2975 408 3036 omnium
429 2973 568 3034 manibus
589 2974 804 3034 versabantur.
847 2973 948 3041 Quare
968 2977 1056 3032 recte
1080 2974 1136 3033 ille
1157 2973 1207 3034 bis
1228 2976 1335 3035 verbis
1356 2994 1431 3036 usus

223 3085 286 3142 est:
312 3098 348 3141 oc
365 3085 545 3158 potissimum
565 3099 629 3140 eum
649 3081 749 3140 dicum.
787 3081 850 3141 Sed
871 3081 911 3141 de
933 3085 1089 3143 structura
1113 3087 1273 3144 orationem
1293 3086 1434 3145 disemuit

221 3189 387 3250 Manutius:
421 3189 540 3266 „Fulvii
562 3189 645 3249 liber
664 3207 701 3249 eo
721 3189 814 3250 dicum
835 3207 906 3267 pum.
928 3207 983 3249 uec
1006 3190 1160 3267 displicet,
1182 3209 1251 3251 nam
1266 3191 1294 3251 si
1309 3191 1432 3268 legatur

221 3312 285 3355 aava
305 3297 407 3371 dicum,
429 3313 514 3374 quum
534 3312 595 3354 non
617 3297 709 3355 video
732 3295 785 3371 qni
805 3297 908 3373 possit
928 3300 1000 3374 apte
1022 3297 1148 3356 verbum
1170 3297 1319 3372 dimouit,
1350 3297 1432 3372 quod
1533 3311 1541 3326 '

222 3403 428 3478 subsequitur,
449 3402 668 3463 accomodari?
701 3403 769 3478 quis
784 3402 865 3462 enim
879 3403 991 3480 probet
1005 3403 1066 3462 boc
1089 3402 1213 3463 dicendi
1234 3419 1330 3480 genus
1358 3419 1431 3462 oru-

221 3509 325 3567 tionem
346 3508 503 3568 disseruit?
533 3507 666 3568 liberum
681 3511 783 3568 tamen
805 3509 914 3585 cuique
936 3508 1079 3569 iudicium
1095 3502 1263 3584 relinquo.“
1293 3505 1334 3568 Et
1347 3511 1432 3568 recte

221 3614 343 3690 quidem
364 3613 429 3673 ille.
468 3613 564 3673 Nemo
587 3615 719 3674 enimin
742 3615 891 3674 Cicerone
913 3615 988 3673 talia
1012 3615 1101 3675 serat.
1132 3614 1194 3675 Sed
1220 3615 1343 3675 Tacitus
1364 3614 1431 3674 An-

220 3720 280 3780 ual.
301 3739 320 3778 1.
343 3722 391 3779 at.
412 3719 494 3780 bona
515 3719 671 3780 libertatis
693 3721 845 3780 incassum
867 3720 1024 3782 disserere
1031 3741 1038 3798 ;
1062 3740 1093 3779 n.
1110 3724 1150 3780 2⁷
1171 3721 1306 3780 curatius
1328 3721 1432 3780 disse-

219 3843 285 3886 ram
306 3826 439 3904 initium;
461 3845 513 3887 ιιιι.
535 3829 582 3887 tu.
613 3831 677 3888 tutu
700 3828 872 3906 disserere;
896 3827 974 3888 llist.
988 3847 1019 3888 ιι.
1041 3832 1070 3889 2.
1092 3829 1172 3888 baud
1195 3827 1289 3888 suerit
1309 3811 1431 3905 long'um

219 3936 306 3996 initia
320 3936 491 4014 roligionis,
513 3937 619 4014 templi
634 3937 733 4014 situm,
753 3934 884 3997 formam
899 3937 965 3996 dem
982 3938 1138 4013 ——paucis
1155 3937 1325 4012 disserere;
1352 3937 1430 3996 Ann.

219 4061 272 4102 nn
294 4044 342 4101 35.
363 4043 451 4120 paria
473 4043 679 4120 disserentes;
704 4042 781 4103 llist.
796 4063 836 4104 ιν.
850 4045 898 4103 69.
920 4043 980 4102 vim
995 4042 1160 4102 Romanam
1181 4043 1329 4120 pacisque
1350 4042 1432 4102 bona

220 4149 401 4212 dissertans.
434 4152 544 4212 Aelius
558 4151 751 4229 Lampridius
767 4153 797 4211 in
812 4151 902 4211 Alex.
924 4150 1042 4210 Severo
1059 4167 1084 4210 c.
1101 4152 1147 4211 30.
1162 4150 1202 4210 dc
1217 4168 1277 4227 quo
1292 4149 1321 4208 iu
1343 4148 1431 4207 libris

219 4257 285 4316 suis
307 4257 421 4316 diarius
442 4256 587 4333 loquitur,
620 4274 687 4317 cum
709 4256 855 4318 lladriani
877 4257 1005 4318 disserit
1024 4257 1128 4317 vitam.
1164 4257 1256 4316 immo
1278 4259 1432 4318 Salustius

218 4370 288 4444 ipse
310 4383 335 4426 e.
355 4369 373 4426 5
394 4367 522 4424 ιἰιιιιιιιιιι
542 4367 684 4424 umorum
706 4365 846 4443 womodo
869 4371 929 4426 etc.
941 4400 982 4409 —
997 4366 1151 4424 disserere.
1186 4364 1251 4424 Liv.
1275 4385 1333 4425 xur.
1353 4367 1381 4426 s.
1402 4369 1431 4426 t.

218 4473 259 4534 ad
272 4473 472 4534 disserendas
492 4491 554 4540 res.
578 4492 655 4550 quas
674 4475 856 4552 gessissent.
889 4475 1038 4534 Pbaedrus
1057 4472 1124 4533 Lib.
1139 4493 1168 4534 v.
1184 4473 1310 4554 Prolog.
1326 4493 1371 4535 vs.
1384 4477 1431 4536 tt).

217 4581 325 4658 plures
355 4579 508 4653 (tabulas)
542 4582 703 4643 disseram.
729 4582 784 4643 cir.
806 4581 957 4643 Burmann
979 4581 1018 4642 ad
1045 4583 1075 4642 b.
1102 4582 1122 4642 l.
1153 4583 1279 4644 'lorren
1301 4582 1341 4642 ad
1364 4582 1430 4642 Val.

221 4687 298 4748 ldax.
319 4705 361 4746 vr.
383 4689 410 4748 9.
434 4691 449 4746 1
473 4690 535 4747 ext.
556 4693 589 4748 et
610 4686 734 4750 Bnnem.
765 4688 804 4748 ad
825 4685 963 4748 Lactant.
993 4687 1065 4748 lust.
1088 4687 1156 4746 lliv.
1177 4706 1195 4745 ι.
1219 4691 1245 4746 1.
1270 4688 1315 4745 10.
1358 4685 1429 4746 ilum
