3702 5600
1377 641 1448 712 505

133 899 134 902 ,
239 843 309 900 stibi
327 839 445 900 Fabric.
469 840 560 900 llivii.
586 839 642 900 sed
664 843 809 900 constituit
829 840 927 900 solum
953 857 988 900 so
1009 843 1094 900 recte
1118 839 1224 914 babet3
1250 841 1370 900 inodori!
1390 854 1448 897 no·

238 961 297 1004 vus
317 945 512 1005 librariorum
535 963 632 1006 error.
647 963 826 1021 proeumum
846 946 875 1004 h.
897 946 917 1004 l.
940 945 1009 1005 Bas.
1032 949 1116 1004 sicud
1137 946 1226 1004 idem.

321 1068 345 1110 c.
361 1053 408 1110 50.
424 1051 541 1128 depredi
557 1053 585 1112 iu.
599 1053 619 1110 l.
636 1057 744 1129 aperte
758 1052 829 1112 Bas.
845 1053 900 1112 sed
915 1052 1026 1128 dipredi
1040 1051 1106 1110 Ein.
1122 1053 1189 1111 Tur.
1210 1056 1241 1111 et
1251 1051 1348 1111 Paris.
1363 1055 1374 1110 i
1391 1052 1447 1129 spi.

239 1175 337 1233 neque
352 1158 413 1218 boc
429 1165 478 1218 est
498 1160 698 1234 diffitendum,
719 1163 805 1219 recto
824 1163 985 1234 utrumque
1004 1160 1076 1236 poni
1090 1159 1230 1236 potuisse
1247 1163 1279 1218 et
1292 1159 1388 1218 habet
1401 1159 1448 1216 di-

238 1265 357 1341 predior
376 1266 535 1326 Arrusian.
557 1268 677 1326 blessus
692 1286 721 1344 p.
740 1270 800 1327 223
823 1268 872 1326 ed.
893 1267 978 1326 Liud.
997 1266 1052 1326 sed
1067 1283 1133 1326 cum
1151 1265 1241 1324 simul
1255 1265 1322 1324 colli
1343 1266 1373 1324 iu
1387 1281 1448 1324 uuo

239 1373 306 1431 cod.
321 1375 353 1431 et
367 1373 423 1450 dip.
445 1373 488 1432 illi
503 1373 566 1433 loco
581 1375 711 1451 legatur,
735 1375 823 1433 buius
837 1375 1026 1451 grammatici
1043 1374 1221 1432 auctoritati
1234 1390 1294 1432 uon
1310 1373 1353 1431 ita
1367 1371 1448 1430 mul-

156 1489 160 1494 '
238 1486 301 1539 tum
321 1481 523 1555 tribuendum,
546 1481 601 1540 cir.
620 1500 713 1559 supra
736 1481 799 1559 lug.
821 1502 841 1540 1.
863 1482 1028 1558 diffluxere,
1052 1481 1101 1540 ubi
1118 1480 1172 1539 alii
1185 1469 1335 1554 &fluxere
1350 1480 1449 1539 solum

237 1592 354 1647 rectum
369 1589 493 1648 babent.
515 1589 568 1648 olr.
584 1588 668 1648 labo.
685 1590 724 1648 ad
742 1590 826 1666 Virg.
848 1588 960 1668 Georg.
978 1608 1008 1647 u.
1024 1591 1052 1648 8.
1066 1605 1095 1665 p.
1113 1589 1281 1646 ibi—ibi.
1302 1591 1334 1646 ot
1346 1586 1447 1646 Herm.

238 1693 382 1754 Schmidt.
404 1696 488 1774 Disp.
511 1697 549 1756 do
571 1698 734 1757 verborum
756 1698 899 1756 dimovere
921 1701 953 1756 et
973 1697 1124 1756 demovere
1145 1694 1319 1754 discrimino
1344 1693 1447 1753 Viteb.

240 1805 326 1860 issu.
341 1804 541 1863 animaduertit
560 1803 618 1864 boo
634 1805 704 1863 loco
720 1821 825 1863 omnes
839 1804 922 1878 libri,
943 1803 999 1892 spd
1014 1821 1106 1879 supra
1121 1821 1145 1862 c.
1162 1804 1210 1862 48.
1230 1800 1328 1860 Paris.
1349 1818 1385 1858 m.
1399 1817 1443 1876 pr.

239 1899 363 1968 menum
382 1911 513 1970 odoorlii.
531 1947 567 1956 --
584 1911 774 1970 ecbislirnuus
795 1912 885 1971 bostis
908 1944 941 1953 -
966 1914 1143 1970 bonsaorsis
1164 1909 1234 1968 Bas.
1251 1913 1447 1983 prcierpres·

238 2031 289 2074 sos
310 2014 380 2076 Bas.
402 2023 435 2076 ut
460 2018 584 2094 plurimi
610 2017 691 2076 libri.
713 2018 769 2076 sod
796 2036 844 2076 um
868 2016 953 2076 Leid.
975 2034 1001 2075 a.
1024 2017 1051 2075 b.
1075 2017 1102 2075 d.
1126 2034 1152 2074 e.
1175 2015 1198 2075 l.
1221 2014 1250 2073 b.
1273 2016 1301 2076 k.
1323 2013 1355 2072 L.
1379 2013 1446 2074 Pal.

237 2126 265 2180 5.
290 2125 316 2181 7.
338 2122 442 2182 Pemb.
463 2119 490 2184 λ.
512 2144 539 2206 y.
563 2124 645 2198 qood
665 2123 718 2183 vel
739 2125 805 2184 siue
827 2125 897 2184 ullis
911 2125 1002 2184 libris
1020 2124 1227 2200 recipiendum
1250 2127 1308 2188 est;
1334 2122 1446 2198 quippe

239 2230 321 2305 quod
342 2229 452 2289 iterum
475 2230 670 2290 librariorum
701 2230 819 2290 incuria
849 2231 881 2290 in
910 2232 1034 2290 codices
1056 2231 1241 2307 pervenerit,
1265 2229 1316 2303 qui
1338 2228 1445 2287 termi-

236 2338 378 2396 nationes
399 2339 618 2397 vocabulorum
640 2355 724 2414 saepe
745 2339 784 2396 ad
806 2337 946 2414 proxima
968 2354 1094 2412 quaeque
1117 2334 1317 2395 conformant.

318 2461 344 2503 c.
366 2447 413 2502 51.
443 2449 569 2519 crepero!
591 2475 626 2484 -
646 2444 715 2520 sors
736 2448 832 2504 omniu
853 2461 942 2521 opere
962 2444 1019 2520 spl.
1041 2460 1076 2500 re
1096 2441 1164 2500 Bas.
1188 2458 1278 2500 orare
1292 2441 1446 2500 etbertori

235 2549 305 2610 Bas.
326 2549 391 2609 Eiu.
414 2551 480 2610 Tur.
504 2552 590 2611 multi
611 2550 678 2622 alii;
704 2557 732 2610 ei
752 2551 926 2610 deteriores
949 2551 1023 2608 libri
1044 2550 1194 2627 omittunt.
1216 2548 1306 2606 bostis
1324 2549 1445 2624 supien-

235 2661 277 2714 res
298 2656 341 2714 ita
362 2655 433 2715 Bas.
453 2657 506 2716 sed
524 2675 561 2716 ne
582 2661 637 2735 iup.
660 2658 772 2734 quidem
797 2658 892 2732 idem;
922 2657 980 2734 spl.
1007 2656 1160 2734 adpictum
1183 2655 1328 2714 eoadem
1350 2670 1445 2712 manu.

317 2779 343 2822 c.
365 2767 412 2823 52.
436 2763 517 2824 locus
538 2766 681 2824 edoceam
698 2764 767 2824 Bas.
791 2766 846 2824 sed
868 2765 1052 2842 paulopost
1078 2763 1210 2822 aduerso.
1236 2795 1267 2803 -
1290 2761 1447 2837 pluresque

234 2868 304 2928 Bas.
328 2870 384 2928 sed
400 2871 567 2949 plerosque,
589 2871 671 2946 qnod
693 2871 805 2946 reliqui
820 2871 894 2930 libri
909 2872 1040 2946 tuentur,
1062 2870 1158 2929 multu
1171 2867 1369 2945 praestantius
1391 2865 1443 2924 vol

235 2977 337 3053 potius
359 2976 458 3036 solum
479 2995 585 3036 verum
608 2983 663 3036 ost.
1411 3027 1414 3034 .

316 3101 341 3144 o.
367 3086 414 3142 53.
444 3089 566 3161 quotuor
588 3087 663 3158 copti
685 3091 752 3142 sunl
774 3083 845 3143 Bas.
868 3083 936 3144 Par.
962 3085 1038 3160 sessi
1070 3083 1173 3158 seuque
1200 3079 1270 3139 Bas.
1297 3083 1329 3139 ut
1351 3079 1444 3154 longe

233 3190 356 3267 plurimi
382 3191 464 3250 libri.
493 3191 548 3250 scd
579 3191 636 3267 spl.
661 3190 762 3250 lussub'
787 3191 869 3250 etin
897 3209 990 3266 marg.
1018 3189 1195 3248 lassitudinis
1222 3188 1275 3246 vel
1301 3189 1444 3245 cessabo·

233 3300 289 3357 nis.
316 3297 446 3374 lassique
476 3299 592 3357 tautum
623 3299 713 3375 pauci
735 3303 766 3357 et
787 3298 961 3356 deteriores
989 3295 1061 3355 libri
1082 3295 1151 3354 Vin.
1174 3296 1258 3354 Vrat.
1287 3296 1314 3352 2.
1345 3291 1473 3372 Gnell„

234 3406 262 3464 3.
277 3407 306 3463 b.
327 3404 412 3464 Loid.
435 3406 453 3463 i.
476 3422 554 3479 quos
577 3409 677 3464 tamen
699 3407 728 3463 b.
751 3404 771 3464 l.
794 3421 899 3464 voram
922 3405 1084 3481 scriptoris
1106 3419 1226 3461 manum
1249 3402 1444 3478 expressisse

233 3512 427 3571 statuendum
455 3518 512 3571 est.
557 3511 679 3571 Dixerit
711 3512 834 3587 quidem
869 3511 982 3586 aliquis
1016 3511 1109 3569 anirui
1147 3509 1284 3568 laetitiam
1315 3511 1445 3584 propter

233 3617 343 3678 hostes
368 3618 490 3696 rugatus
521 3619 629 3678 animis
658 3637 762 3680 eorum
790 3621 904 3678 tantam
932 3618 1071 3677 fiduciam
1102 3616 1270 3690 addidisse,
1297 3618 1337 3687 ut,
1369 3614 1444 3674 nihil

234 3725 306 3784 mali
341 3727 492 3802 timentes,
531 3728 643 3787 nullum
678 3728 807 3804 amplius
839 3726 977 3785 laborem
1012 3724 1240 3801 suscipiendum
1272 3739 1343 3782 esse
1375 3725 1442 3780 sta·

233 3837 364 3909 tuerent,
397 3835 428 3892 et
464 3839 526 3892 tam
558 3837 687 3911 propter
715 3835 928 3894 lassitudinem
962 3850 1051 3907 quam
1082 3835 1211 3908 proptor
1245 3829 1443 3888 securitatem

233 3940 335 4000 omnia
355 3941 537 4016 abnuerent3
570 3942 626 4000 sod
652 3941 848 4001 nibilominus
875 3942 983 4001 borum
1003 3942 1170 3999 verborum
1190 3939 1329 3996 iunctura
1350 3934 1442 4010 paulo

232 4047 416 4106 insolentior
445 4065 515 4106 esse
543 4047 674 4122 videtur,
698 4065 786 4123 quam
814 4065 880 4124 quse
902 4048 979 4106 ferri
999 4048 1108 4124 possit.
1136 4046 1264 4123 primum
1286 4041 1365 4100 enim
1387 4042 1444 4101 laeti

233 4171 292 4214 uon
315 4171 381 4214 oum
402 4157 504 4213 itinere
525 4162 552 4212 el
565 4172 653 4230 opere
674 4161 845 4214 castrorum
868 4156 950 4232 iungi
972 4157 1089 4231 potest3
1113 4160 1174 4213 tum
1197 4169 1235 4211 ne
1247 4149 1350 4226 praelio
1371 4149 1442 4224 qni-

233 4261 302 4320 dem
323 4262 445 4320 abillis
467 4263 586 4340 seiungi
607 4269 724 4339 polest3
753 4262 833 4338 quod
857 4264 976 4322 etiamsi
999 4263 1097 4321 solum
1120 4278 1186 4319 cum
1213 4259 1270 4318 beli
1295 4258 1440 4332 iungere-

231 4372 290 4444 tur,
320 4375 420 4429 tamcn
441 4369 543 4446 potins
560 4369 658 4444 prelii
679 4374 761 4428 emilu
789 4369 950 4428 dicendum
981 4374 1055 4428 orat.
1078 4367 1133 4426 lcii
1157 4366 1248 4443 igitur
1270 4363 1374 4440 potius
1403 4379 1441 4420 ex

231 4474 351 4534 librarii
377 4492 484 4534 errore
512 4493 601 4551 qnam
629 4493 668 4534 ex
697 4476 812 4535 iudicio
838 4476 964 4535 fluxisse
991 4474 1172 4551 putaverim.
1222 4472 1269 4530 lta
1294 4468 1442 4528 Horatius

232 4599 261 4643 o.
280 4601 310 4641 11.
337 4585 364 4641 6.
388 4585 414 4641 7.
460 4583 558 4642 iussus
583 4586 674 4641 muris
705 4589 734 4640 et
761 4587 874 4642 ciorum
905 4582 1068 4659 militiisque
1099 4583 1130 4640 et
1156 4579 1251 4638 lustin
1279 4594 1387 4636 xxvru.
1414 4577 1441 4632 b.

232 4689 327 4750 nasos
348 4690 476 4763 refirma
499 4692 562 4767 sert
584 4691 652 4751 Bas.
675 4703 707 4749 et
736 4707 840 4750 omnies
866 4690 939 4749 boni
960 4689 1041 4748 libri.
1066 4689 1168 4764 semini
1191 4686 1280 4763 pauci
1302 4681 1442 4742 deterio-
