3702 5600
1366 609 1437 678 533

229 809 436 868 tautummodo
463 809 673 886 comprobant,
708 807 820 868 dubios
849 808 979 868 baesisso
1006 807 1161 884 librarios,
1195 811 1227 867 et
1253 811 1342 885 qreivit
1368 808 1438 883 qui-

229 913 299 973 dem
327 931 366 973 ex
398 915 559 992 scripturae
591 915 772 991 compendio
798 919 897 975 ortum
926 931 997 974 esse
1024 914 1154 973 videtur.
1197 914 1259 972 Alii
1290 916 1439 974 coniunc-

229 1021 286 1080 tivi
308 1023 384 1081 satis
407 1023 579 1100 ostendunt,
606 1024 798 1083 intellexisse
820 1023 891 1082 illos
915 1041 973 1083 non
994 1024 1094 1082 sotum
1117 1024 1265 1100 temporis
1282 1023 1436 1081 notionem

229 1127 288 1187 boo
309 1128 379 1188 loco
401 1144 579 1204 expressam
602 1145 681 1203 esse,
714 1129 770 1188 sod
791 1129 955 1188 Salustium
980 1146 1065 1188 suum
1089 1129 1184 1205 ipsius
1213 1127 1436 1204 interposuisse

228 1235 382 1310 iudicium,
404 1237 436 1293 ut
457 1235 631 1310 magnitudo
652 1236 783 1313 periculi
812 1236 909 1312 magis
931 1235 1023 1295 etiam
1046 1235 1280 1312 intelligeretur.
1310 1251 1436 1292 concur-

228 1347 297 1400 runt
324 1340 446 1402 suerunt
480 1343 531 1417 qui
551 1343 648 1402 minus
677 1343 819 1402 idoneum
851 1359 922 1402 esse
953 1345 1023 1418 rati,
1059 1361 1125 1403 eum
1154 1343 1254 1402 altera
1282 1345 1435 1420 scriptura

227 1450 383 1507 invement
400 1451 558 1508 mutarent.
596 1449 659 1508 Sed
678 1455 863 1525 concernunt,
885 1451 966 1523 quod
985 1451 1093 1526 optimi
1111 1454 1142 1508 et
1162 1450 1285 1527 plurimi
1306 1456 1435 1523 tuentur,

229 1572 268 1615 eo
283 1557 413 1617 consilio
428 1561 537 1616 auctor
550 1559 662 1634 posuit,
686 1562 719 1617 nt
737 1558 846 1618 bostes
861 1559 994 1633 undique
1011 1559 1163 1618 Romanos
1178 1576 1344 1634 aggressos
1365 1574 1436 1616 esse

228 1663 387 1723 indicaret.
417 1664 608 1723 Concnrmmr
630 1663 752 1738 quidem
773 1665 953 1724 vocabulum
974 1667 1131 1741 proprium
1156 1664 1195 1723 de
1216 1664 1328 1742 proelio
1349 1681 1436 1723 eom-

228 1770 335 1845 misso,
356 1769 412 1829 eir.
431 1768 497 1829 Liv.
520 1789 549 1828 x.
572 1773 620 1829 tt).
643 1789 705 1828 vnr.
728 1773 754 1829 8.
777 1789 855 1829 xmv.
879 1773 926 1830 38.
955 1788 1017 1830 vui.
1040 1773 1067 1830 7.
1089 1790 1173 1831 xxxx.
1197 1774 1234 1830 18
1257 1775 1289 1830 et
1322 1772 1434 1848 Interp.

229 1876 269 1936 ad
285 1874 404 1936 Horatii
418 1876 448 1936 S.
467 1881 492 1935 1.
518 1880 543 1936 1.
559 1880 585 1936 7.
608 1875 668 1936 Sed
685 1878 776 1936 etiam
792 1877 831 1936 de
853 1878 951 1936 altera
966 1881 1054 1954 parte
1074 1879 1186 1938 dieitur
1200 1876 1266 1937 Liv.
1281 1897 1364 1954 xxrv,
1386 1882 1436 1954 153

228 1987 323 2043 11.11.
353 1985 471 2043 Auctor
493 1984 531 2043 de
547 1983 725 2044 bettrico.
745 1985 772 2043 6.
806 1985 927 2060 equites
948 1989 1055 2044 contra
1077 1989 1192 2044 tantam
1212 1985 1437 2044 multitudinem

228 2091 435 2151 audacissime
457 2097 647 2153 concurrunt.
678 2093 721 2152 ita
742 2094 782 2152 od
800 2097 912 2154 curiam
934 2111 1115 2153 concurrere
1131 2095 1301 2171 saepissime
1317 2095 1436 2154 dieitur.

229 2197 269 2258 de
290 2203 444 2260 structura
467 2201 521 2260 eir.
543 2200 608 2260 Liv.
631 2221 693 2260 xxr.
708 2203 755 2261 53.
778 2203 1001 2262 concursabant
1022 2203 1112 2262 modo
1135 2204 1165 2260 in
1187 2203 1323 2279 primum,
1345 2203 1436 2260 modo

227 2305 259 2364 iu
280 2307 477 2366 novissimum
501 2324 615 2384 agmen.
651 2311 759 2385 equites
786 2308 951 2385 peditesque
978 2309 1049 2368 Bas.
1077 2325 1134 2386 pro
1162 2327 1217 2386 quc
1238 2312 1286 2368 est
1307 2310 1335 2368 in
1357 2325 1436 2367 non-

228 2413 321 2472 nullis
343 2420 385 2487 et,·
407 2415 437 2472 in
459 2414 530 2473 aliis
551 2432 603 2486 ac,·
632 2414 704 2480 inde
719 2416 918 2474 coniecerunt
938 2415 1134 2491 interpretes,
1156 2433 1211 2492 que
1233 2433 1304 2475 esse
1326 2415 1437 2492 expel-

229 2517 369 2596 lendum;
391 2521 447 2579 sed
468 2522 568 2580 altera
591 2521 712 2581 dicendi
734 2521 824 2594 ratio,
847 2525 880 2580 ut
902 2521 1039 2580 codicum
1056 2522 1238 2598 optimorum
1253 2523 1437 2581 auctoritate

228 2625 356 2702 firmata,
376 2627 420 2686 ita
442 2629 522 2705 apud
537 2626 655 2688 Livium
677 2629 888 2688 usitatissima.
911 2628 965 2688 eir.
980 2626 1046 2686 Liv.
1062 2647 1124 2687 xx1.
1146 2631 1193 2687 27.
1217 2629 1336 2703 equites
1357 2628 1436 2686 viri-

229 2749 302 2808 que,
339 2734 443 2808 ibique
478 2734 672 2811 interpretes.
712 2734 755 2793 ld.
783 2754 868 2794 xxrx.
897 2736 944 2794 33.
980 2735 1077 2793 ceteri
1104 2734 1224 2810 pedites
1255 2733 1437 2808 equitesque

229 2839 302 2899 cesi
321 2845 374 2900 aut
395 2843 477 2918 eapti
498 2842 553 2901 cir.
581 2859 675 2919 supra
702 2843 765 2919 lug.
788 2845 815 2902 7.
842 2843 874 2900 et
899 2843 946 2900 69.
969 2847 1099 2915 utroque
1130 2840 1200 2899 loeo
1225 2843 1334 2917 equites
1350 2840 1434 2914 pedi-

228 2953 334 3024 tesque.
373 2947 434 3007 Cur
462 2949 638 3024 asyndeton
669 2949 740 3009 buie
769 2950 839 3010 loeo
862 2946 1184 3008 convenientissimum
1209 2946 1261 3022 sit,
1293 2946 1438 3020 equidem

228 3070 287 3113 nou
308 3054 459 3132 intelligo.
494 3063 605 3114 veteres
629 3059 752 3134 novique
780 3072 885 3116 omnes
910 3055 992 3113 libri.
1027 3052 1089 3112 Sed
1111 3053 1192 3128 quod
1214 3051 1321 3112 eadem
1343 3068 1437 3128 supra

228 3177 254 3220 o.
276 3161 324 3219 87.
355 3161 517 3238 leguntur,
552 3166 675 3241 nouique-
703 3167 791 3240 turpe
818 3162 1057 3221 additamentum
1085 3176 1157 3219 esse
1184 3159 1257 3235 rati,
1294 3163 1347 3220 aut
1377 3178 1436 3218 un-

228 3265 306 3326 cinis
336 3267 493 3326 includunt
520 3273 573 3328 aut
602 3268 768 3345 expellunt.
799 3285 865 3344 quaa
895 3268 922 3326 si
948 3268 1134 3341 omittuntur,
1164 3283 1202 3326 ue
1229 3271 1339 3325 betereo
1365 3267 1437 3342 qui·

230 3373 300 3432 dem
322 3372 425 3431 locum
445 3373 541 3432 babet
562 3371 740 3442 (dicendum
762 3375 841 3433 euim
864 3379 932 3434 erat
951 3370 1094 3442 octenni)
1116 3389 1215 3447 neque
1238 3372 1266 3431 si
1285 3371 1437 3431 Salustius

229 3482 344 3538 tantum
365 3485 476 3538 ueteres
496 3482 667 3556 posuisset,
691 3475 908 3540 ‘additamento
934 3495 1011 3558 opus
1038 3482 1117 3538 erat:
1152 3484 1181 3536 et
1204 3479 1238 3538 ob
1260 3495 1296 3537 eo
1316 3481 1437 3537 ocientem

228 3588 304 3662 betti,
330 3591 412 3665 quod
433 3595 465 3648 et
485 3590 585 3666 ipsum
606 3588 718 3662 aliquis
738 3605 796 3664 pro
815 3587 1004 3664 glossemate
1023 3585 1150 3660 babeat;
1174 3584 1230 3643 sed
1247 3586 1317 3660 quia
1333 3589 1439 3644 utros·

229 3714 287 3772 que
317 3697 481 3771 coniunxit,
513 3713 550 3756 eo
579 3696 701 3771 quidem
731 3694 873 3767 consilio,
905 3693 1077 3752 coniunctis
1105 3695 1139 3752 ut
1165 3692 1234 3768 plus
1263 3692 1374 3751 virium
1394 3692 1438 3752 ita

228 3806 297 3883 plus
319 3805 441 3864 consilii
463 3810 520 3878 est,
554 3809 699 3881 poterant
719 3801 774 3861 illa
796 3801 878 3876 addi,
908 3800 968 3859 etsi
995 3799 1023 3858 si
1048 3798 1119 3874 quid
1149 3799 1322 3858 mutandum
1343 3803 1437 3876 esset,

228 3913 322 3972 multo
345 3911 466 3970 facilius
488 3911 548 3970 boc
569 3909 779 3968 additamento
803 3924 891 3982 quam
913 3907 1020 3967 verbis
1041 3911 1163 3984 nonique
1184 3923 1332 3966 carerem.

308 4033 333 4074 c.
356 4019 403 4076 98.
432 4033 539 4092 moqno
556 4022 641 4091 perte
662 4016 738 4074 editu
759 4015 828 4073 llas.
849 4031 886 4076 nn
909 4019 935 4073 1.
967 4015 1036 4073 Par.
1059 4015 1146 4072 box
1161 4032 1187 4072 a.
1210 4013 1265 4072 sed
1287 4014 1378 4071 edituo
1399 4029 1436 4070 m.

228 4125 256 4182 2.
278 4125 423 4183 correxit.

303 4247 402 4306 pauco
428 4233 601 4289 mammeam
629 4230 769 4305 qerebcnt
796 4227 867 4287 Bas.
898 4245 934 4286 m.
964 4231 978 4286 1
1017 4226 1137 4304 peretot
1162 4244 1197 4284 m.
1227 4230 1254 4284 2.
1283 4229 1436 4302 corrupte.

227 4339 366 4414 parebunt
379 4339 452 4398 item
474 4336 542 4396 Par.
565 4355 617 4397 cx
637 4356 663 4396 z.
686 4338 742 4396 sed
765 4337 796 4394 in
815 4355 845 4394 x.
866 4353 903 4394 m.
919 4339 947 4396 2.
967 4336 1092 4412 peretot.
1114 4353 1140 4392 a.
1154 4352 1192 4397 nn
1215 4335 1242 4392 2.
1264 4333 1437 4411 querebant.

228 4447 286 4506 sed
306 4446 453 4524 querebat
480 4445 564 4505 Laid.
587 4446 623 4505 A.
648 4445 681 4504 Ε.
709 4462 784 4505 unus
807 4444 873 4502 ood.
896 4444 970 4503 Aldi
991 4447 1024 4503 et
1043 4442 1135 4518 Rivii,
1160 4441 1288 4500 Eceard.
1311 4442 1437 4518 seroces,

228 4556 298 4629 quic
317 4569 376 4612 non
395 4554 510 4631 supere,
540 4559 592 4612 unt
613 4571 670 4629 pro
698 4552 853 4612 tectoribus
874 4568 964 4628 opere
983 4551 1027 4610 ita
1050 4550 1164 4627 optime
1186 4547 1253 4608 cod.
1274 4546 1346 4607 Bas.
1368 4547 1438 4608 Par.

228 4660 315 4719 box
331 4679 356 4718 a.
378 4677 468 4734 quam
490 4661 654 4722 lectionem
678 4661 816 4720 editores
839 4660 926 4719 varie
948 4663 1157 4736 corruperunt.
1178 4663 1209 4717 et
1224 4658 1352 4732 primum
1368 4655 1438 4729 qui-
