3582 5594
455 689 502 758 60

453 889 553 981 pauci
577 887 802 960 tantummodo
826 888 940 960 Asiam
973 899 1006 958 et
1031 890 1200 982 Europam
1235 911 1324 972 esse,
1358 889 1415 959 sed
1441 890 1588 960 Africam
1621 889 1652 958 in

453 1012 597 1105 Europa.
647 1014 698 1082 Ea
723 1011 806 1083 fines
831 1010 932 1081 babet
962 1011 1004 1081 ab
1030 1012 1199 1082 occidente
1225 1013 1344 1083 sretum
1368 1013 1471 1083 nostri
1497 1013 1600 1082 maris
1623 1023 1654 1081 et

453 1134 588 1216 oceani,
615 1135 657 1205 ab
682 1147 756 1206 ortu
781 1135 859 1205 solis
880 1134 1041 1206 declivem
1066 1135 1290 1218 latitudinem,
1317 1157 1417 1227 quem
1430 1135 1540 1205 locum
1558 1137 1655 1205 Cata-

453 1257 610 1330 bathmon
641 1259 760 1330 incolae
785 1259 962 1352 appellant.
1013 1261 1104 1330 Mare
1138 1281 1278 1342 saevum,
1306 1259 1550 1352 inportuosum,
1577 1283 1656 1352 ager

453 1385 587 1475 frugum
612 1383 746 1466 fertilis,
773 1383 878 1453 bonus
903 1383 1034 1477 pecori,
1061 1385 1174 1455 arbori
1199 1383 1414 1464 infecundum
1440 1384 1525 1454 coelo
1550 1397 1657 1454 terra-

453 1533 519 1603 que
544 1511 683 1605 penuria
697 1532 868 1602 aquarum.
910 1511 1021 1580 Genus
1038 1509 1208 1579 bominum
1226 1510 1350 1581 salubri
1366 1533 1520 1604 corpore,
1546 1511 1655 1590 velox,

453 1639 579 1732 patiens
604 1639 775 1718 laborum:
810 1638 989 1731 plerosque
1015 1649 1165 1708 senectus
1190 1638 1357 1720 dissolvit,
1395 1637 1458 1706 nisi
1483 1635 1542 1730 qui
1569 1634 1656 1703 lerro

452 1771 508 1833 aut
533 1762 643 1833 bestiis
668 1764 838 1843 interiere3
865 1785 942 1833 nam
959 1764 1093 1833 morbus
1118 1762 1206 1832 baud
1224 1784 1311 1855 saepe
1329 1783 1529 1854 quemquam
1555 1782 1656 1851 supe-

452 1897 514 1956 ret.
553 1886 607 1957 Ad
624 1887 687 1957 boc
713 1886 856 1957 malefici
880 1886 1013 1978 generis
1037 1885 1181 1980 plurima
1205 1885 1371 1957 animalia.
1411 1884 1476 1954 Sed
1493 1882 1657 1978 quimor-

452 2011 533 2080 tales
558 2010 652 2080 initio
677 2007 823 2081 Africam
849 2008 1025 2080 habuerint
1056 2009 1180 2101 quique
1211 2018 1324 2102 postea
1348 2007 1565 2089 accesserint,
1602 2017 1658 2075 aut

453 2135 618 2227 quomodo
644 2136 730 2205 inter
755 2157 789 2204 se
815 2133 968 2227 permixti
993 2134 1068 2216 sint,
1094 2155 1297 2226 quamquam
1322 2132 1365 2202 ab
1390 2155 1431 2203 ea
1448 2133 1554 2213 lama,
1582 2154 1657 2223 quae

452 2261 628 2352 plerosque
653 2258 794 2340 obtinet,
827 2257 995 2330 divorsum
1020 2265 1083 2326 est:
1117 2267 1228 2326 tamen
1253 2255 1300 2326 nti
1325 2279 1368 2326 ex
1393 2255 1486 2328 libris
1513 2255 1656 2336 Punicis,

452 2384 511 2475 qui
535 2383 624 2474 regis
650 2382 850 2474 Hiempsalis
876 2380 1091 2464 dicebantur,
1117 2381 1366 2473 interpretatum
1384 2378 1479 2448 nobis
1496 2391 1564 2460 est,
1591 2380 1658 2450 uti-

453 2531 518 2600 que
543 2531 615 2578 rem
640 2531 710 2577 sese
735 2505 858 2577 babere
885 2505 1025 2575 cultores
1060 2506 1130 2575 eius
1155 2516 1252 2574 terrae
1277 2515 1410 2597 putant,
1444 2525 1546 2599 quam
1572 2525 1659 2596 pau-

452 2631 600 2702 cissumis
626 2629 744 2700 dicam.
796 2630 952 2700 Ceterum
986 2628 1067 2698 fides
1100 2628 1171 2698 eius
1204 2626 1253 2698 rei
1278 2650 1380 2721 penes
1404 2637 1557 2698 auctores
1584 2628 1658 2699 erit.

526 2777 620 2827 xvru.
671 2757 816 2827 Africam
841 2755 935 2825 initio
953 2754 1099 2825 habuere
1117 2754 1236 2824 Gaetuli
1261 2764 1294 2824 et
1307 2754 1442 2848 Libyes,
1469 2755 1579 2847 asperi
1605 2755 1660 2822 in-

454 2882 618 2976 cultique,
644 2884 718 2973 quis
743 2882 835 2953 cibus
860 2891 1021 2952 eratcaro
1038 2881 1143 2951 lerina
1168 2889 1267 2974 atque
1284 2880 1378 2951 bumi
1403 2879 1582 2974 pabulum,
1611 2879 1659 2948 uti

451 3007 637 3098 pecoribus.
679 3006 724 3075 Hi
750 3028 859 3097 nequa
885 3005 1032 3076 moribus
1057 3029 1167 3098 nequa
1192 3007 1268 3097 lege
1294 3016 1351 3076 aut
1375 3005 1517 3098 imperio
1543 3003 1660 3073 cnius-

452 3153 553 3223 quam
586 3128 801 3220 regebantur3
839 3129 934 3219 vagi,
968 3130 1134 3222 palantes,
1161 3151 1243 3220 quas
1267 3152 1336 3198 nox
1361 3138 1529 3220 coegerat,
1563 3127 1660 3198 sedes

453 3253 629 3325 babebant.
682 3254 746 3324 Sed
779 3265 953 3349 postquam
988 3256 1022 3325 in
1056 3255 1216 3348 Hispania
1245 3256 1426 3338 Hercules,
1461 3255 1559 3324 sicuti
1584 3254 1660 3326 Afri

453 3389 582 3470 putant,
608 3378 749 3460 interiit;
778 3378 942 3448 exercitus
969 3379 1055 3460 eius,
1081 3379 1279 3472 compositus
1298 3401 1339 3447 ex
1365 3379 1465 3448 variis
1491 3376 1659 3470 gentibus,

452 3503 573 3572 amisso
589 3503 673 3573 duce
699 3526 737 3573 ac
750 3503 870 3597 passim
888 3503 998 3574 multis
1017 3503 1080 3573 sibi
1097 3503 1238 3596 quisque
1264 3503 1441 3597 imperium
1455 3503 1658 3595 petentibus,

452 3626 543 3698 brevi
569 3627 734 3698 dilabitur.
773 3630 827 3698 Ex
851 3651 891 3698 eo
916 3650 1054 3697 numero
1076 3626 1177 3710 Medi,
1193 3629 1302 3696 Persae
1328 3637 1361 3696 et
1377 3627 1534 3710 Armeni,
1561 3626 1661 3697 navi-

452 3751 513 3820 bus
538 3750 571 3820 in
597 3750 743 3822 Africam
768 3751 961 3832 transvecti,
988 3772 1166 3843 proxumos
1192 3761 1303 3820 nostro
1328 3751 1413 3820 mari
1438 3750 1529 3820 locos
1554 3773 1661 3820 occu-

451 3897 582 3968 pavere.
622 3875 687 3945 Sed
704 3877 811 3945 Persae
828 3875 915 3944 intra
940 3896 1102 3944 oceanum
1129 3874 1252 3965 magis;
1279 3875 1381 3967 bique
1394 3875 1504 3946 alveos
1522 3876 1660 3946 navium

452 3997 598 4068 invorsos
623 4021 683 4091 pro
711 3998 850 4088 tuguriis
875 3996 1041 4080 habuere,
1076 3997 1156 4090 quia
1190 4019 1300 4091 neque
1334 3999 1472 4069 materia
1507 4000 1541 4068 in
1568 4001 1661 4090 agris

451 4145 560 4215 neque
587 4121 629 4191 ab
646 4121 804 4213 Hispanis
829 4121 962 4190 emendi
979 4131 1035 4190 aut
1052 4119 1200 4190 mutandi
1217 4121 1312 4212 copia
1330 4131 1416 4204 erat,
1442 4144 1535 4192 mare
1562 4146 1662 4216 mag-

451 4269 533 4316 num
559 4257 591 4316 et
616 4247 732 4338 ignara
757 4247 870 4339 lingua
905 4249 1102 4319 commercia
1136 4249 1365 4343 prohibebant.
1417 4249 1464 4319 lli
1497 4249 1662 4342 paulatim

451 4393 512 4463 per
533 4372 676 4442 conubia
694 4371 837 4442 Getulos
861 4393 973 4440 secum
998 4372 1179 4457 miscuere,
1206 4384 1237 4444 et
1258 4374 1337 4466 qnia
1357 4397 1443 4466 saepe
1461 4383 1662 4466 temptantes

452 4517 548 4587 agros
579 4496 645 4566 ulia
680 4494 799 4564 deinde
832 4494 898 4563 alia
933 4493 1006 4564 loca
1031 4497 1231 4589 petiverant,
1266 4507 1371 4567 semet
1409 4497 1469 4591 ipsi
1497 4498 1661 4568 Numidas

452 4619 672 4712 appellavere.
725 4617 879 4688 Ceterum
915 4616 1022 4688 adhuc
1053 4618 1192 4690 edificia
1216 4620 1435 4691 Numidarum
1462 4621 1659 4712 agrestium,

453 4764 527 4833 quae
552 4743 696 4834 mapalia
721 4741 768 4811 illi
796 4741 983 4834 appellant,
1010 4741 1171 4834 oblonga,
1203 4743 1347 4814 ineurvis
1372 4744 1532 4815 lateribus
1558 4755 1659 4823 tecta,
