<?xml version="1.0" encoding="UTF-8"?>
<!DOCTYPE html PUBLIC "-//W3C//DTD XHTML 1.0 Transitional//EN"
    "http://www.w3.org/TR/xhtml1/DTD/xhtml1-transitional.dtd">
<html xmlns="http://www.w3.org/1999/xhtml" xml:lang="en" lang="en">
 <head>
  <title>
</title>
<meta http-equiv="Content-Type" content="text/html;charset=utf-8" />
  <meta name='ocr-system' content='tesseract 3.04.00' />
  <meta name='ocr-capabilities' content='ocr_page ocr_carea ocr_par ocr_line ocrx_word'/>
</head>
<body>
  <div class='ocr_page' id='page_1' title='image "./gaisalustiicris00rothgoog_0541.png"; bbox 0 0 3702 5600; ppageno 0'>
   <div class='ocr_carea' id='block_1_1' title="bbox 416 567 488 636">
    <p class='ocr_par' dir='ltr' id='par_1_1' title="bbox 416 567 488 636">
     <span class='ocr_line' id='line_1_1' title="bbox 416 567 488 636; baseline 0 0"><span class='ocrx_word' id='word_1_1' title='bbox 416 567 488 636; x_wconf 74' lang='lat' dir='ltr'><strong>sot</strong></span> 
     </span>
    </p>
   </div>
   <div class='ocr_carea' id='block_1_2' title="bbox 397 762 1630 4700">
    <p class='ocr_par' dir='ltr' id='par_1_2' title="bbox 397 762 1626 1039">
     <span class='ocr_line' id='line_1_2' title="bbox 397 762 1626 841; baseline -0.002 -16"><span class='ocrx_word' id='word_1_2' title='bbox 397 767 483 825; x_wconf 86' lang='lat' dir='ltr'><strong>sint.</strong></span> <span class='ocrx_word' id='word_1_3' title='bbox 523 763 585 825; x_wconf 90' lang='lat' dir='ltr'><strong>Sed</strong></span> <span class='ocrx_word' id='word_1_4' title='bbox 606 771 640 825; x_wconf 87' lang='lat' dir='ltr'><strong>ut</strong></span> <span class='ocrx_word' id='word_1_5' title='bbox 666 765 833 825; x_wconf 75' lang='lat' dir='ltr'><strong>concedam</strong></span> <span class='ocrx_word' id='word_1_6' title='bbox 855 765 916 825; x_wconf 84' lang='lat' dir='ltr'><strong>noc</strong></span> <span class='ocrx_word' id='word_1_7' title='bbox 936 764 968 823; x_wconf 91' lang='lat' dir='ltr'><strong>iu</strong></span> <span class='ocrx_word' id='word_1_8' title='bbox 990 762 1142 824; x_wconf 78' lang='lat' dir='ltr'>Cicerone</span> <span class='ocrx_word' id='word_1_9' title='bbox 1163 764 1241 824; x_wconf 84' lang='lat' dir='ltr'><strong>lerri</strong></span> <span class='ocrx_word' id='word_1_10' title='bbox 1263 765 1317 822; x_wconf 81' lang='lat' dir='ltr'><strong>vix</strong></span> <span class='ocrx_word' id='word_1_11' title='bbox 1337 781 1443 841; x_wconf 87' lang='lat' dir='ltr'><strong>posse,</strong></span> <span class='ocrx_word' id='word_1_12' title='bbox 1474 766 1626 840; x_wconf 80' lang='lat' dir='ltr'><strong>usquein</strong></span> 
     </span>
     <span class='ocr_line' id='line_1_3' title="bbox 415 870 1624 945; baseline -0.002 -13"><span class='ocrx_word' id='word_1_13' title='bbox 415 873 601 941; x_wconf 81' lang='lat' dir='ltr'><strong>Quintiliano</strong></span> <span class='ocrx_word' id='word_1_14' title='bbox 623 872 747 931; x_wconf 90' lang='lat' dir='ltr'><strong>multum</strong></span> <span class='ocrx_word' id='word_1_15' title='bbox 777 872 969 932; x_wconf 74' lang='lat' dir='ltr'><strong>auctoritatis</strong></span> <span class='ocrx_word' id='word_1_16' title='bbox 1002 871 1127 945; x_wconf 87' lang='lat' dir='ltr'><strong>habere,</strong></span> <span class='ocrx_word' id='word_1_17' title='bbox 1156 870 1322 931; x_wconf 89' lang='lat' dir='ltr'><strong>Salustiani</strong></span> <span class='ocrx_word' id='word_1_18' title='bbox 1346 875 1431 930; x_wconf 88' lang='lat' dir='ltr'><strong>certe</strong></span> <span class='ocrx_word' id='word_1_19' title='bbox 1453 877 1484 932; x_wconf 92' lang='lat' dir='ltr'><strong>et</strong></span> <span class='ocrx_word' id='word_1_20' title='bbox 1506 871 1624 930; x_wconf 84' lang='lat' dir='ltr'><strong>Liviani</strong></span> 
     </span>
     <span class='ocr_line' id='line_1_4' title="bbox 415 979 792 1039; baseline 0.005 -2"><span class='ocrx_word' id='word_1_21' title='bbox 415 979 488 1039; x_wconf 87' lang='lat' dir='ltr'>libri</span> <span class='ocrx_word' id='word_1_22' title='bbox 509 981 540 1038; x_wconf 91' lang='lat' dir='ltr'><strong>id</strong></span> <span class='ocrx_word' id='word_1_23' title='bbox 563 980 639 1038; x_wconf 86' lang='lat' dir='ltr'><strong>satis</strong></span> <span class='ocrx_word' id='word_1_24' title='bbox 661 983 792 1039; x_wconf 88' lang='lat' dir='ltr'><strong>tuentur.</strong></span> 
     </span>
    </p>

    <p class='ocr_par' dir='ltr' id='par_1_3' title="bbox 413 1085 1626 1486">
     <span class='ocr_line' id='line_1_5' title="bbox 500 1085 1624 1164; baseline -0.005 -16"><span class='ocrx_word' id='word_1_25' title='bbox 500 1091 629 1148; x_wconf 76' lang='lat' dir='ltr'><strong>murtetis</strong></span> <span class='ocrx_word' id='word_1_26' title='bbox 643 1087 740 1147; x_wconf 86' lang='lat' dir='ltr'><strong>Paris.</strong></span> <span class='ocrx_word' id='word_1_27' title='bbox 755 1087 833 1148; x_wconf 79' lang='lat' dir='ltr'><strong>lucri</strong></span> <span class='ocrx_word' id='word_1_28' title='bbox 845 1087 930 1146; x_wconf 84' lang='lat' dir='ltr'><strong>arido</strong></span> <span class='ocrx_word' id='word_1_29' title='bbox 944 1091 1028 1164; x_wconf 81' lang='lat' dir='ltr'><strong>olpue</strong></span> <span class='ocrx_word' id='word_1_30' title='bbox 1045 1102 1171 1144; x_wconf 75' lang='lat' dir='ltr'><strong>arenoso</strong></span> <span class='ocrx_word' id='word_1_31' title='bbox 1185 1103 1244 1146; x_wconf 89' lang='lat' dir='ltr'><strong>non</strong></span> <span class='ocrx_word' id='word_1_32' title='bbox 1265 1087 1363 1146; x_wconf 88' lang='lat' dir='ltr'><strong>solum</strong></span> <span class='ocrx_word' id='word_1_33' title='bbox 1381 1086 1566 1164; x_wconf 89' lang='lat' dir='ltr'><strong>optimorum</strong></span> <span class='ocrx_word' id='word_1_34' title='bbox 1583 1085 1624 1143; x_wconf 93' lang='lat' dir='ltr'><strong>li-</strong></span> 
     </span>
     <span class='ocr_line' id='line_1_6' title="bbox 414 1189 1626 1272; baseline -0.002 -18"><span class='ocrx_word' id='word_1_35' title='bbox 414 1195 539 1255; x_wconf 89' lang='lat' dir='ltr'><strong>brorum</strong></span> <span class='ocrx_word' id='word_1_36' title='bbox 558 1194 628 1254; x_wconf 89' lang='lat' dir='ltr'><strong>Bas.</strong></span> <span class='ocrx_word' id='word_1_37' title='bbox 648 1195 718 1254; x_wconf 83' lang='lat' dir='ltr'><strong>Per.</strong></span> <span class='ocrx_word' id='word_1_38' title='bbox 740 1193 807 1253; x_wconf 86' lang='lat' dir='ltr'><strong>Ein.</strong></span> <span class='ocrx_word' id='word_1_39' title='bbox 829 1189 959 1269; x_wconf 85' lang='lat' dir='ltr'><strong>(reliqui</strong></span> <span class='ocrx_word' id='word_1_40' title='bbox 979 1193 1064 1252; x_wconf 80' lang='lat' dir='ltr'><strong>tomo</strong></span> <span class='ocrx_word' id='word_1_41' title='bbox 1088 1193 1173 1252; x_wconf 75' lang='lat' dir='ltr'><strong>arido</strong></span> <span class='ocrx_word' id='word_1_42' title='bbox 1189 1200 1275 1272; x_wconf 77' lang='lat' dir='ltr'><strong>otprre</strong></span> <span class='ocrx_word' id='word_1_43' title='bbox 1294 1190 1435 1265; x_wconf 74' lang='lat' dir='ltr'><strong>arenoso)</strong></span> <span class='ocrx_word' id='word_1_44' title='bbox 1457 1192 1514 1252; x_wconf 89' lang='lat' dir='ltr'><strong>sed</strong></span> <span class='ocrx_word' id='word_1_45' title='bbox 1535 1193 1626 1252; x_wconf 84' lang='lat' dir='ltr'><strong>etiam</strong></span> 
     </span>
     <span class='ocr_line' id='line_1_7' title="bbox 413 1299 1623 1378; baseline -0.004 -16"><span class='ocrx_word' id='word_1_46' title='bbox 413 1301 677 1378; x_wconf 85' lang='lat' dir='ltr'><strong>grammaticorum</strong></span> <span class='ocrx_word' id='word_1_47' title='bbox 703 1301 888 1361; x_wconf 76' lang='lat' dir='ltr'><strong>testimoniis</strong></span> <span class='ocrx_word' id='word_1_48' title='bbox 911 1299 1094 1360; x_wconf 78' lang='lat' dir='ltr'><strong>defenditur.</strong></span> <span class='ocrx_word' id='word_1_49' title='bbox 1122 1299 1179 1359; x_wconf 89' lang='lat' dir='ltr'><strong>clr.</strong></span> <span class='ocrx_word' id='word_1_50' title='bbox 1206 1301 1353 1360; x_wconf 77' lang='lat' dir='ltr'><strong>Priscian.</strong></span> <span class='ocrx_word' id='word_1_51' title='bbox 1377 1319 1462 1359; x_wconf 86' lang='lat' dir='ltr'><strong>xvm.</strong></span> <span class='ocrx_word' id='word_1_52' title='bbox 1487 1301 1534 1358; x_wconf 88' lang='lat'><strong>31.</strong></span> <span class='ocrx_word' id='word_1_53' title='bbox 1558 1300 1623 1360; x_wconf 78' lang='lat'>306.</span> 
     </span>
     <span class='ocr_line' id='line_1_8' title="bbox 415 1405 1237 1486; baseline -0.001 -19"><span class='ocrx_word' id='word_1_54' title='bbox 415 1427 444 1486; x_wconf 89' lang='lat' dir='ltr'><strong>p.</strong></span> <span class='ocrx_word' id='word_1_55' title='bbox 466 1410 533 1467; x_wconf 78' lang='lat'>271.</span> <span class='ocrx_word' id='word_1_56' title='bbox 557 1407 603 1466; x_wconf 91' lang='lat' dir='ltr'><strong>ed.</strong></span> <span class='ocrx_word' id='word_1_57' title='bbox 626 1406 678 1466; x_wconf 88' lang='lat' dir='ltr'><strong>Kr.</strong></span> <span class='ocrx_word' id='word_1_58' title='bbox 700 1406 808 1466; x_wconf 84' lang='lat' dir='ltr'><strong>Arrus.</strong></span> <span class='ocrx_word' id='word_1_59' title='bbox 830 1407 924 1466; x_wconf 84' lang='lat' dir='ltr'><strong>Mese.</strong></span> <span class='ocrx_word' id='word_1_60' title='bbox 945 1424 975 1483; x_wconf 92' lang='lat' dir='ltr'><strong>p.</strong></span> <span class='ocrx_word' id='word_1_61' title='bbox 998 1409 1060 1466; x_wconf 69' lang='lat'><strong>234</strong></span> <span class='ocrx_word' id='word_1_62' title='bbox 1081 1409 1128 1467; x_wconf 93' lang='lat' dir='ltr'><strong>ed.</strong></span> <span class='ocrx_word' id='word_1_63' title='bbox 1150 1405 1237 1467; x_wconf 86' lang='lat' dir='ltr'><strong>Lind.</strong></span> 
     </span>
    </p>

    <p class='ocr_par' dir='ltr' id='par_1_4' title="bbox 416 1513 1627 2451">
     <span class='ocr_line' id='line_1_9' title="bbox 496 1513 1625 1592; baseline 0.001 -19"><span class='ocrx_word' id='word_1_64' title='bbox 496 1532 521 1580; x_wconf 83' lang='lat' dir='ltr'><strong>o.</strong></span> <span class='ocrx_word' id='word_1_65' title='bbox 543 1516 590 1573; x_wconf 74' lang='lat' dir='ltr'><strong>tu.</strong></span> <span class='ocrx_word' id='word_1_66' title='bbox 612 1531 731 1573; x_wconf 80' lang='lat' dir='ltr'><strong>suorum</strong></span> <span class='ocrx_word' id='word_1_67' title='bbox 752 1513 887 1572; x_wconf 81' lang='lat' dir='ltr'><strong>coneedit.</strong></span> <span class='ocrx_word' id='word_1_68' title='bbox 910 1517 973 1572; x_wconf 80' lang='lat' dir='ltr'><strong>acie</strong></span> <span class='ocrx_word' id='word_1_69' title='bbox 995 1514 1053 1590; x_wconf 92' lang='lat' dir='ltr'><strong>spl.</strong></span> <span class='ocrx_word' id='word_1_70' title='bbox 1077 1518 1109 1574; x_wconf 89' lang='lat' dir='ltr'><strong>et</strong></span> <span class='ocrx_word' id='word_1_71' title='bbox 1134 1532 1228 1592; x_wconf 92' lang='lat' dir='ltr'><strong>super</strong></span> <span class='ocrx_word' id='word_1_72' title='bbox 1254 1533 1309 1574; x_wconf 83' lang='lat' dir='ltr'><strong>coo</strong></span> <span class='ocrx_word' id='word_1_73' title='bbox 1333 1515 1375 1574; x_wconf 88' lang='lat' dir='ltr'><strong>vl.</strong></span> <span class='ocrx_word' id='word_1_74' title='bbox 1402 1519 1433 1574; x_wconf 83' lang='lat' dir='ltr'><strong>in</strong></span> <span class='ocrx_word' id='word_1_75' title='bbox 1454 1523 1485 1574; x_wconf 91' lang='lat' dir='ltr'><strong>et</strong></span> <span class='ocrx_word' id='word_1_76' title='bbox 1505 1522 1625 1574; x_wconf 72' lang='lat' dir='ltr'><strong>moralem</strong></span> 
     </span>
     <span class='ocr_line' id='line_1_10' title="bbox 417 1619 1625 1698; baseline -0.002 -16"><span class='ocrx_word' id='word_1_77' title='bbox 417 1621 658 1698; x_wconf 88' lang='lat' dir='ltr'><strong>superscriptum</strong></span> <span class='ocrx_word' id='word_1_78' title='bbox 669 1619 739 1679; x_wconf 86' lang='lat' dir='ltr'><strong>llas.</strong></span> <span class='ocrx_word' id='word_1_79' title='bbox 750 1620 855 1680; x_wconf 82' lang='lat' dir='ltr'><strong>incedit</strong></span> <span class='ocrx_word' id='word_1_80' title='bbox 868 1620 964 1680; x_wconf 89' lang='lat' dir='ltr'><strong>Prisc.</strong></span> <span class='ocrx_word' id='word_1_81' title='bbox 980 1622 1007 1681; x_wconf 81' lang='lat'><strong>2.</strong></span> <span class='ocrx_word' id='word_1_82' title='bbox 1022 1639 1050 1698; x_wconf 89' lang='lat' dir='ltr'><strong>p.</strong></span> <span class='ocrx_word' id='word_1_83' title='bbox 1067 1624 1134 1680; x_wconf 78' lang='lat'><strong>215.</strong></span> <span class='ocrx_word' id='word_1_84' title='bbox 1150 1639 1361 1698; x_wconf 74' lang='lat' dir='ltr'><strong>erumpnarum</strong></span> <span class='ocrx_word' id='word_1_85' title='bbox 1378 1621 1469 1681; x_wconf 89' lang='lat' dir='ltr'><strong>idem.</strong></span> <span class='ocrx_word' id='word_1_86' title='bbox 1481 1629 1625 1697; x_wconf 71' lang='lat' dir='ltr'><strong>postremo</strong></span> 
     </span>
     <span class='ocr_line' id='line_1_11' title="bbox 416 1705 1625 1806; baseline -0.002 -18"><span class='ocrx_word' id='word_1_87' title='bbox 416 1731 554 1806; x_wconf 78' lang='lat' dir='ltr'><strong>cuiusque</strong></span> <span class='ocrx_word' id='word_1_88' title='bbox 573 1727 642 1786; x_wconf 88' lang='lat' dir='ltr'><strong>Bas.</strong></span> <span class='ocrx_word' id='word_1_89' title='bbox 661 1726 730 1786; x_wconf 88' lang='lat' dir='ltr'><strong>Par.</strong></span> <span class='ocrx_word' id='word_1_90' title='bbox 753 1725 819 1786; x_wconf 83' lang='lat' dir='ltr'><strong>Ein.</strong></span> <span class='ocrx_word' id='word_1_91' title='bbox 835 1705 913 1787; x_wconf 73' lang='lat' dir='ltr'><strong>&#39;luc¹</strong></span> <span class='ocrx_word' id='word_1_92' title='bbox 920 1745 977 1802; x_wconf 89' lang='lat' dir='ltr'><strong>pro</strong></span> <span class='ocrx_word' id='word_1_93' title='bbox 1000 1729 1124 1803; x_wconf 87' lang='lat' dir='ltr'><strong>omisso,</strong></span> <span class='ocrx_word' id='word_1_94' title='bbox 1151 1729 1345 1804; x_wconf 88' lang='lat' dir='ltr'><strong>quodetiam</strong></span> <span class='ocrx_word' id='word_1_95' title='bbox 1375 1729 1403 1788; x_wconf 90' lang='lat' dir='ltr'><strong>io</strong></span> <span class='ocrx_word' id='word_1_96' title='bbox 1430 1728 1536 1787; x_wconf 86' lang='lat' dir='ltr'><strong>multis</strong></span> <span class='ocrx_word' id='word_1_97' title='bbox 1557 1728 1625 1786; x_wconf 86' lang='lat' dir='ltr'><strong>aliis</strong></span> 
     </span>
     <span class='ocr_line' id='line_1_12' title="bbox 416 1834 1624 1914; baseline 0.003 -20"><span class='ocrx_word' id='word_1_98' title='bbox 416 1835 505 1894; x_wconf 89' lang='lat' dir='ltr'><strong>libris</strong></span> <span class='ocrx_word' id='word_1_99' title='bbox 519 1835 617 1909; x_wconf 80' lang='lat' dir='ltr'><strong>deest,</strong></span> <span class='ocrx_word' id='word_1_100' title='bbox 638 1839 799 1896; x_wconf 84' lang='lat' dir='ltr'><strong>constante</strong></span> <span class='ocrx_word' id='word_1_101' title='bbox 814 1835 1011 1895; x_wconf 83' lang='lat' dir='ltr'><strong>librariorum</strong></span> <span class='ocrx_word' id='word_1_102' title='bbox 1027 1853 1142 1896; x_wconf 88' lang='lat' dir='ltr'><strong>errore.</strong></span> <span class='ocrx_word' id='word_1_103' title='bbox 1159 1844 1252 1896; x_wconf 84' lang='lat' dir='ltr'><strong>monle</strong></span> <span class='ocrx_word' id='word_1_104' title='bbox 1272 1837 1437 1914; x_wconf 80' lang='lat' dir='ltr'><strong>diprediena</strong></span> <span class='ocrx_word' id='word_1_105' title='bbox 1453 1836 1524 1895; x_wconf 88' lang='lat' dir='ltr'><strong>Bas.</strong></span> <span class='ocrx_word' id='word_1_106' title='bbox 1540 1834 1624 1898; x_wconf 81' lang='lat' dir='ltr'><strong>Eius.</strong></span> 
     </span>
     <span class='ocr_line' id='line_1_13' title="bbox 417 1943 1625 2022; baseline -0.002 -18"><span class='ocrx_word' id='word_1_107' title='bbox 417 1947 484 2005; x_wconf 84' lang='lat' dir='ltr'><strong>Tur.</strong></span> <span class='ocrx_word' id='word_1_108' title='bbox 504 1945 573 2003; x_wconf 89' lang='lat' dir='ltr'><strong>Par.</strong></span> <span class='ocrx_word' id='word_1_109' title='bbox 593 1948 605 2003; x_wconf 82' lang='lat' dir='ltr'><strong>i</strong></span> <span class='ocrx_word' id='word_1_110' title='bbox 625 1945 682 2021; x_wconf 90' lang='lat' dir='ltr'><strong>spl.</strong></span> <span class='ocrx_word' id='word_1_111' title='bbox 705 1961 808 2004; x_wconf 89' lang='lat' dir='ltr'><strong>omnes</strong></span> <span class='ocrx_word' id='word_1_112' title='bbox 823 1945 990 2006; x_wconf 89' lang='lat' dir='ltr'><strong>Leidenses</strong></span> <span class='ocrx_word' id='word_1_113' title='bbox 1012 1949 1125 2022; x_wconf 84' lang='lat' dir='ltr'><strong>praeter</strong></span> <span class='ocrx_word' id='word_1_114' title='bbox 1146 1945 1170 2004; x_wconf 88' lang='lat' dir='ltr'>L</span> <span class='ocrx_word' id='word_1_115' title='bbox 1198 1948 1346 2007; x_wconf 90' lang='lat' dir='ltr'><strong>accedunt</strong></span> <span class='ocrx_word' id='word_1_116' title='bbox 1366 1946 1454 2004; x_wconf 89' lang='lat' dir='ltr'><strong>multi</strong></span> <span class='ocrx_word' id='word_1_117' title='bbox 1470 1945 1523 2004; x_wconf 88' lang='lat' dir='ltr'><strong>alii</strong></span> <span class='ocrx_word' id='word_1_118' title='bbox 1540 1943 1625 2016; x_wconf 77' lang='lat' dir='ltr'><strong>libri,</strong></span> 
     </span>
     <span class='ocr_line' id='line_1_14' title="bbox 418 2052 1625 2130; baseline -0.001 -19"><span class='ocrx_word' id='word_1_119' title='bbox 418 2067 477 2128; x_wconf 90' lang='lat' dir='ltr'><strong>quo</strong></span> <span class='ocrx_word' id='word_1_120' title='bbox 494 2052 614 2127; x_wconf 90' lang='lat' dir='ltr'><strong>quidem</strong></span> <span class='ocrx_word' id='word_1_121' title='bbox 630 2052 728 2111; x_wconf 88' lang='lat' dir='ltr'><strong>verbo</strong></span> <span class='ocrx_word' id='word_1_122' title='bbox 744 2052 943 2130; x_wconf 82' lang='lat' dir='ltr'><strong>significatur,</strong></span> <span class='ocrx_word' id='word_1_123' title='bbox 964 2052 1120 2112; x_wconf 87' lang='lat' dir='ltr'><strong>Metellum</strong></span> <span class='ocrx_word' id='word_1_124' title='bbox 1137 2053 1268 2112; x_wconf 90' lang='lat' dir='ltr'><strong>nondum</strong></span> <span class='ocrx_word' id='word_1_125' title='bbox 1291 2058 1393 2112; x_wconf 89' lang='lat' dir='ltr'><strong>monte</strong></span> <span class='ocrx_word' id='word_1_126' title='bbox 1415 2052 1625 2126; x_wconf 80' lang='lat' dir='ltr'><strong>descendisse,</strong></span> 
     </span>
     <span class='ocr_line' id='line_1_15' title="bbox 416 2158 1627 2236; baseline -0.002 -17"><span class='ocrx_word' id='word_1_127' title='bbox 416 2160 477 2219; x_wconf 84' lang='lat' dir='ltr'><strong>hoc</strong></span> <span class='ocrx_word' id='word_1_128' title='bbox 493 2160 572 2218; x_wconf 91' lang='lat' dir='ltr'><strong>enim</strong></span> <span class='ocrx_word' id='word_1_129' title='bbox 590 2162 701 2235; x_wconf 88' lang='lat' dir='ltr'><strong>postea</strong></span> <span class='ocrx_word' id='word_1_130' title='bbox 715 2158 841 2218; x_wconf 85' lang='lat' dir='ltr'><strong>lactum:</strong></span> <span class='ocrx_word' id='word_1_131' title='bbox 863 2163 893 2218; x_wconf 85' lang='lat' dir='ltr'><strong>in</strong></span> <span class='ocrx_word' id='word_1_132' title='bbox 902 2159 1023 2234; x_wconf 81' lang='lat' dir='ltr'><strong>planum</strong></span> <span class='ocrx_word' id='word_1_133' title='bbox 1038 2159 1157 2234; x_wconf 83' lang='lat' dir='ltr'><strong>deducit,</strong></span> <span class='ocrx_word' id='word_1_134' title='bbox 1180 2161 1237 2219; x_wconf 89' lang='lat' dir='ltr'><strong>sed</strong></span> <span class='ocrx_word' id='word_1_135' title='bbox 1253 2163 1367 2219; x_wconf 88' lang='lat' dir='ltr'><strong>tanturn</strong></span> <span class='ocrx_word' id='word_1_136' title='bbox 1382 2159 1527 2236; x_wconf 84' lang='lat' dir='ltr'><strong>exprimit</strong></span> <span class='ocrx_word' id='word_1_137' title='bbox 1542 2176 1627 2217; x_wconf 88' lang='lat' dir='ltr'><strong>sum-</strong></span> 
     </span>
     <span class='ocr_line' id='line_1_16' title="bbox 417 2264 1627 2344; baseline -0.003 -18"><span class='ocrx_word' id='word_1_138' title='bbox 417 2284 497 2326; x_wconf 87' lang='lat' dir='ltr'><strong>mum</strong></span> <span class='ocrx_word' id='word_1_139' title='bbox 517 2271 648 2326; x_wconf 90' lang='lat' dir='ltr'><strong>montem</strong></span> <span class='ocrx_word' id='word_1_140' title='bbox 670 2265 709 2324; x_wconf 88' lang='lat' dir='ltr'><strong>ab</strong></span> <span class='ocrx_word' id='word_1_141' title='bbox 730 2265 850 2343; x_wconf 85' lang='lat' dir='ltr'><strong>agmine</strong></span> <span class='ocrx_word' id='word_1_142' title='bbox 872 2265 971 2326; x_wconf 85' lang='lat' dir='ltr'><strong>luisse</strong></span> <span class='ocrx_word' id='word_1_143' title='bbox 998 2268 1174 2344; x_wconf 86' lang='lat' dir='ltr'><strong>superatum</strong></span> <span class='ocrx_word' id='word_1_144' title='bbox 1202 2266 1432 2341; x_wconf 83' lang='lat' dir='ltr'><strong>exercitumque</strong></span> <span class='ocrx_word' id='word_1_145' title='bbox 1458 2282 1478 2323; x_wconf 93' lang='lat' dir='ltr'><strong>a</strong></span> <span class='ocrx_word' id='word_1_146' title='bbox 1497 2264 1627 2323; x_wconf 86' lang='lat' dir='ltr'><strong>culmine</strong></span> 
     </span>
     <span class='ocr_line' id='line_1_17' title="bbox 417 2370 1459 2451; baseline -0.004 -18"><span class='ocrx_word' id='word_1_147' title='bbox 417 2373 539 2451; x_wconf 89' lang='lat' dir='ltr'><strong>paulum</strong></span> <span class='ocrx_word' id='word_1_148' title='bbox 560 2374 760 2450; x_wconf 84' lang='lat' dir='ltr'><strong>processisse.</strong></span> <span class='ocrx_word' id='word_1_149' title='bbox 783 2371 839 2432; x_wconf 84' lang='lat' dir='ltr'><strong>cir.</strong></span> <span class='ocrx_word' id='word_1_150' title='bbox 860 2370 926 2431; x_wconf 89' lang='lat' dir='ltr'><strong>Liv.</strong></span> <span class='ocrx_word' id='word_1_151' title='bbox 949 2391 1076 2434; x_wconf 84' lang='lat' dir='ltr'><strong>xxxvur.</strong></span> <span class='ocrx_word' id='word_1_152' title='bbox 1103 2377 1147 2432; x_wconf 80' lang='lat'><strong>13.</strong></span> <span class='ocrx_word' id='word_1_153' title='bbox 1169 2374 1212 2432; x_wconf 80' lang='lat' dir='ltr'><strong>nil</strong></span> <span class='ocrx_word' id='word_1_154' title='bbox 1232 2377 1279 2432; x_wconf 85' lang='lat' dir='ltr'><strong>oia</strong></span> <span class='ocrx_word' id='word_1_155' title='bbox 1300 2373 1459 2449; x_wconf 77' lang='lat' dir='ltr'><strong>diprcssur.</strong></span> 
     </span>
    </p>

    <p class='ocr_par' dir='ltr' id='par_1_5' title="bbox 415 2477 1630 4700">
     <span class='ocr_line' id='line_1_18' title="bbox 499 2477 1629 2555; baseline -0.003 -16"><span class='ocrx_word' id='word_1_156' title='bbox 499 2483 682 2555; x_wconf 71' lang='lat' dir='ltr'><strong>conspicitur.</strong></span> <span class='ocrx_word' id='word_1_157' title='bbox 713 2478 849 2538; x_wconf 87' lang='lat' dir='ltr'><strong>Donatus</strong></span> <span class='ocrx_word' id='word_1_158' title='bbox 878 2478 919 2536; x_wconf 84' lang='lat' dir='ltr'><strong>ad</strong></span> <span class='ocrx_word' id='word_1_159' title='bbox 947 2479 1068 2538; x_wconf 81' lang='lat' dir='ltr'><strong>Terent.</strong></span> <span class='ocrx_word' id='word_1_160' title='bbox 1105 2477 1239 2538; x_wconf 82' lang='lat' dir='ltr'><strong>Ennuclr.</strong></span> <span class='ocrx_word' id='word_1_161' title='bbox 1267 2497 1298 2538; x_wconf 86' lang='grc' dir='ltr'><strong>ιι.</strong></span> <span class='ocrx_word' id='word_1_162' title='bbox 1331 2480 1357 2536; x_wconf 91' lang='grc'><strong>3.</strong></span> <span class='ocrx_word' id='word_1_163' title='bbox 1384 2479 1433 2538; x_wconf 83' lang='grc'><strong>92.</strong></span> <span class='ocrx_word' id='word_1_164' title='bbox 1462 2477 1502 2536; x_wconf 92' lang='lat' dir='ltr'><strong>ad</strong></span> <span class='ocrx_word' id='word_1_165' title='bbox 1525 2477 1629 2536; x_wconf 82' lang='lat' dir='ltr'><strong>tutent</strong></span> 
     </span>
     <span class='ocr_line' id='line_1_19' title="bbox 418 2583 1627 2660; baseline -0.002 -16"><span class='ocrx_word' id='word_1_166' title='bbox 418 2584 591 2659; x_wconf 84' lang='lat' dir='ltr'><strong>despiculam</strong></span> <span class='ocrx_word' id='word_1_167' title='bbox 593 2630 697 2644; x_wconf 94' lang='grc'>.....</span> <span class='ocrx_word' id='word_1_168' title='bbox 723 2584 869 2660; x_wconf 86' lang='lat' dir='ltr'><strong>,alterius</strong></span> <span class='ocrx_word' id='word_1_169' title='bbox 891 2584 979 2644; x_wconf 88' lang='lat' dir='ltr'><strong>verbi</strong></span> <span class='ocrx_word' id='word_1_170' title='bbox 997 2584 1173 2658; x_wconf 84' lang='lat' dir='ltr'><strong>declinatio,</strong></span> <span class='ocrx_word' id='word_1_171' title='bbox 1196 2585 1234 2642; x_wconf 88' lang='lat' dir='ltr'><strong>ab</strong></span> <span class='ocrx_word' id='word_1_172' title='bbox 1253 2601 1291 2643; x_wconf 90' lang='lat' dir='ltr'><strong>eo</strong></span> <span class='ocrx_word' id='word_1_173' title='bbox 1310 2583 1391 2658; x_wconf 90' lang='lat' dir='ltr'><strong>quod</strong></span> <span class='ocrx_word' id='word_1_174' title='bbox 1414 2589 1463 2642; x_wconf 91' lang='lat' dir='ltr'><strong>est</strong></span> <span class='ocrx_word' id='word_1_175' title='bbox 1485 2583 1627 2658; x_wconf 81' lang='lat' dir='ltr'><strong>despicor,</strong></span> 
     </span>
     <span class='ocr_line' id='line_1_20' title="bbox 419 2689 1627 2768; baseline 0 -19"><span class='ocrx_word' id='word_1_176' title='bbox 419 2689 595 2751; x_wconf 89' lang='lat' dir='ltr'><strong>Sallustius:</strong></span> <span class='ocrx_word' id='word_1_177' title='bbox 633 2709 700 2751; x_wconf 90' lang='lat' dir='ltr'><strong>cum</strong></span> <span class='ocrx_word' id='word_1_178' title='bbox 730 2693 850 2752; x_wconf 87' lang='lat' dir='ltr'><strong>interea</strong></span> <span class='ocrx_word' id='word_1_179' title='bbox 884 2691 1027 2750; x_wconf 86' lang='lat' dir='ltr'><strong>Metellus</strong></span> <span class='ocrx_word' id='word_1_180' title='bbox 1057 2697 1160 2750; x_wconf 88' lang='lat' dir='ltr'><strong>moute</strong></span> <span class='ocrx_word' id='word_1_181' title='bbox 1191 2691 1370 2768; x_wconf 74' lang='lat' dir='ltr'><strong>digrediens</strong></span> <span class='ocrx_word' id='word_1_182' title='bbox 1397 2705 1462 2749; x_wconf 90' lang='lat' dir='ltr'><strong>oum</strong></span> <span class='ocrx_word' id='word_1_183' title='bbox 1489 2691 1627 2749; x_wconf 86' lang='lat' dir='ltr'><strong>exercitu</strong></span> 
     </span>
     <span class='ocr_line' id='line_1_21' title="bbox 419 2789 1627 2876; baseline 0.002 -20"><span class='ocrx_word' id='word_1_184' title='bbox 419 2789 632 2874; x_wconf 77' lang='lat' dir='ltr'><strong>conspicatur“</strong></span> <span class='ocrx_word' id='word_1_185' title='bbox 658 2801 690 2856; x_wconf 90' lang='lat' dir='ltr'><strong>et</strong></span> <span class='ocrx_word' id='word_1_186' title='bbox 710 2797 865 2873; x_wconf 83' lang='lat' dir='ltr'><strong>passivum</strong></span> <span class='ocrx_word' id='word_1_187' title='bbox 888 2797 1010 2873; x_wconf 87' lang='lat' dir='ltr'><strong>quidem</strong></span> <span class='ocrx_word' id='word_1_188' title='bbox 1034 2796 1124 2856; x_wconf 87' lang='lat' dir='ltr'><strong>huius</strong></span> <span class='ocrx_word' id='word_1_189' title='bbox 1147 2798 1236 2856; x_wconf 87' lang='lat' dir='ltr'><strong>vorbi</strong></span> <span class='ocrx_word' id='word_1_190' title='bbox 1258 2798 1350 2856; x_wconf 86' lang='lat' dir='ltr'><strong>etiam</strong></span> <span class='ocrx_word' id='word_1_191' title='bbox 1372 2797 1473 2856; x_wconf 87' lang='lat' dir='ltr'><strong>Varro</strong></span> <span class='ocrx_word' id='word_1_192' title='bbox 1497 2815 1627 2876; x_wconf 88' lang='lat' dir='ltr'><strong>usurpa·</strong></span> 
     </span>
     <span class='ocr_line' id='line_1_22' title="bbox 420 2905 1627 2983; baseline 0.003 -20"><span class='ocrx_word' id='word_1_193' title='bbox 420 2905 465 2964; x_wconf 87' lang='lat' dir='ltr'><strong>vit</strong></span> <span class='ocrx_word' id='word_1_194' title='bbox 485 2923 532 2982; x_wconf 89' lang='lat' dir='ltr'><strong>ap.</strong></span> <span class='ocrx_word' id='word_1_195' title='bbox 555 2905 652 2966; x_wconf 88' lang='lat' dir='ltr'><strong>Prisc.</strong></span> <span class='ocrx_word' id='word_1_196' title='bbox 675 2924 737 2964; x_wconf 81' lang='lat' dir='ltr'><strong>viu.</strong></span> <span class='ocrx_word' id='word_1_197' title='bbox 758 2907 786 2963; x_wconf 74' lang='lat' dir='ltr'><strong>l.</strong></span> <span class='ocrx_word' id='word_1_198' title='bbox 808 2923 837 2983; x_wconf 94' lang='lat' dir='ltr'><strong>p.</strong></span> <span class='ocrx_word' id='word_1_199' title='bbox 860 2907 929 2965; x_wconf 80' lang='grc'>370.</span> <span class='ocrx_word' id='word_1_200' title='bbox 959 2906 1006 2964; x_wconf 90' lang='lat' dir='ltr'><strong>ed.</strong></span> <span class='ocrx_word' id='word_1_201' title='bbox 1028 2905 1082 2964; x_wconf 87' lang='lat' dir='ltr'><strong>Kr.</strong></span> <span class='ocrx_word' id='word_1_202' title='bbox 1107 2911 1291 2983; x_wconf 84' lang='lat' dir='ltr'><strong>,paupertas</strong></span> <span class='ocrx_word' id='word_1_203' title='bbox 1320 2909 1398 2968; x_wconf 89' lang='lat' dir='ltr'><strong>enim</strong></span> <span class='ocrx_word' id='word_1_204' title='bbox 1422 2909 1496 2980; x_wconf 76' lang='lat' dir='ltr'><strong>heec,</strong></span> <span class='ocrx_word' id='word_1_205' title='bbox 1527 2914 1627 2969; x_wconf 62' lang='lat' dir='ltr'><strong>nmen</strong></span> 
     </span>
     <span class='ocr_line' id='line_1_23' title="bbox 418 3005 1626 3092; baseline 0.004 -21"><span class='ocrx_word' id='word_1_206' title='bbox 418 3029 478 3071; x_wconf 93' lang='lat' dir='ltr'><strong>non</strong></span> <span class='ocrx_word' id='word_1_207' title='bbox 499 3012 543 3072; x_wconf 88' lang='lat' dir='ltr'><strong>ita</strong></span> <span class='ocrx_word' id='word_1_208' title='bbox 564 3012 723 3087; x_wconf 89' lang='lat' dir='ltr'><strong>nutricata,</strong></span> <span class='ocrx_word' id='word_1_209' title='bbox 751 3015 785 3070; x_wconf 93' lang='lat' dir='ltr'><strong>ut</strong></span> <span class='ocrx_word' id='word_1_210' title='bbox 805 3027 883 3070; x_wconf 91' lang='lat' dir='ltr'><strong>nunc</strong></span> <span class='ocrx_word' id='word_1_211' title='bbox 904 3005 1127 3088; x_wconf 84' lang='lat' dir='ltr'><strong>conspicatur.“</strong></span> <span class='ocrx_word' id='word_1_212' title='bbox 1155 3029 1251 3087; x_wconf 86' lang='lat' dir='ltr'><strong>quare</strong></span> <span class='ocrx_word' id='word_1_213' title='bbox 1272 3013 1362 3072; x_wconf 92' lang='lat' dir='ltr'><strong>salva</strong></span> <span class='ocrx_word' id='word_1_214' title='bbox 1388 3019 1438 3074; x_wconf 91' lang='lat' dir='ltr'><strong>est</strong></span> <span class='ocrx_word' id='word_1_215' title='bbox 1458 3015 1626 3092; x_wconf 87' lang='lat' dir='ltr'><strong>Latinitas;</strong></span> 
     </span>
     <span class='ocr_line' id='line_1_24' title="bbox 418 3119 1627 3197; baseline 0.002 -17"><span class='ocrx_word' id='word_1_216' title='bbox 418 3120 474 3180; x_wconf 87' lang='lat' dir='ltr'><strong>sed</strong></span> <span class='ocrx_word' id='word_1_217' title='bbox 496 3121 568 3180; x_wconf 91' lang='lat' dir='ltr'><strong>libri</strong></span> <span class='ocrx_word' id='word_1_218' title='bbox 590 3139 649 3181; x_wconf 92' lang='lat' dir='ltr'><strong>non</strong></span> <span class='ocrx_word' id='word_1_219' title='bbox 672 3121 827 3180; x_wconf 88' lang='lat' dir='ltr'><strong>addicunt.</strong></span> <span class='ocrx_word' id='word_1_220' title='bbox 870 3119 932 3178; x_wconf 90' lang='lat' dir='ltr'><strong>lam</strong></span> <span class='ocrx_word' id='word_1_221' title='bbox 961 3120 1030 3179; x_wconf 87' lang='lat' dir='ltr'><strong>fieri</strong></span> <span class='ocrx_word' id='word_1_222' title='bbox 1055 3119 1178 3194; x_wconf 85' lang='lat' dir='ltr'><strong>quidem</strong></span> <span class='ocrx_word' id='word_1_223' title='bbox 1198 3124 1304 3197; x_wconf 80' lang='lat' dir='ltr'><strong>potest</strong></span> <span class='ocrx_word' id='word_1_224' title='bbox 1331 3128 1364 3182; x_wconf 89' lang='lat' dir='ltr'><strong>ot</strong></span> <span class='ocrx_word' id='word_1_225' title='bbox 1385 3123 1413 3181; x_wconf 92' lang='lat' dir='ltr'><strong>in</strong></span> <span class='ocrx_word' id='word_1_226' title='bbox 1436 3125 1545 3183; x_wconf 88' lang='lat' dir='ltr'><strong>codice</strong></span> <span class='ocrx_word' id='word_1_227' title='bbox 1566 3123 1627 3182; x_wconf 88' lang='lat' dir='ltr'><strong>ali-</strong></span> 
     </span>
     <span class='ocr_line' id='line_1_25' title="bbox 419 3226 1627 3306; baseline 0.001 -18"><span class='ocrx_word' id='word_1_228' title='bbox 419 3247 489 3306; x_wconf 89' lang='lat' dir='ltr'><strong>quo,</strong></span> <span class='ocrx_word' id='word_1_229' title='bbox 511 3245 600 3303; x_wconf 88' lang='lat' dir='ltr'><strong>quern</strong></span> <span class='ocrx_word' id='word_1_230' title='bbox 614 3226 751 3287; x_wconf 85' lang='lat' dir='ltr'><strong>Donatus</strong></span> <span class='ocrx_word' id='word_1_231' title='bbox 766 3227 911 3304; x_wconf 85' lang='lat' dir='ltr'><strong>inspexit,</strong></span> <span class='ocrx_word' id='word_1_232' title='bbox 927 3231 1112 3302; x_wconf 71' lang='lat' dir='ltr'><strong>conspicetur</strong></span> <span class='ocrx_word' id='word_1_233' title='bbox 1128 3227 1295 3304; x_wconf 82' lang='lat' dir='ltr'><strong>legeretur,</strong></span> <span class='ocrx_word' id='word_1_234' title='bbox 1315 3228 1450 3290; x_wconf 79' lang='lat' dir='ltr'><strong>sortasse</strong></span> <span class='ocrx_word' id='word_1_235' title='bbox 1465 3231 1627 3306; x_wconf 85' lang='lat' dir='ltr'><strong>antiquarii</strong></span> 
     </span>
     <span class='ocr_line' id='line_1_26' title="bbox 418 3335 1627 3414; baseline 0.002 -20"><span class='ocrx_word' id='word_1_236' title='bbox 418 3335 574 3395; x_wconf 86' lang='lat' dir='ltr'><strong>cuiusdam</strong></span> <span class='ocrx_word' id='word_1_237' title='bbox 609 3337 750 3410; x_wconf 89' lang='lat' dir='ltr'><strong>invento,</strong></span> <span class='ocrx_word' id='word_1_238' title='bbox 787 3335 838 3410; x_wconf 85' lang='lat' dir='ltr'><strong>qui</strong></span> <span class='ocrx_word' id='word_1_239' title='bbox 874 3335 1075 3409; x_wconf 86' lang='lat' dir='ltr'><strong>asperitatem</strong></span> <span class='ocrx_word' id='word_1_240' title='bbox 1108 3336 1257 3394; x_wconf 90' lang='lat' dir='ltr'><strong>orationis</strong></span> <span class='ocrx_word' id='word_1_241' title='bbox 1294 3335 1476 3396; x_wconf 85' lang='lat' dir='ltr'><strong>Salustianae</strong></span> <span class='ocrx_word' id='word_1_242' title='bbox 1513 3355 1627 3414; x_wconf 81' lang='lat' dir='ltr'><strong>augere</strong></span> 
     </span>
     <span class='ocr_line' id='line_1_27' title="bbox 418 3440 1627 3519; baseline 0.002 -19"><span class='ocrx_word' id='word_1_243' title='bbox 418 3442 510 3500; x_wconf 84' lang='lat' dir='ltr'><strong>etiarn</strong></span> <span class='ocrx_word' id='word_1_244' title='bbox 532 3443 660 3519; x_wconf 91' lang='lat' dir='ltr'><strong>cupivit;</strong></span> <span class='ocrx_word' id='word_1_245' title='bbox 691 3441 749 3502; x_wconf 87' lang='lat' dir='ltr'><strong>sed</strong></span> <span class='ocrx_word' id='word_1_246' title='bbox 771 3441 865 3500; x_wconf 90' lang='lat' dir='ltr'><strong>talem</strong></span> <span class='ocrx_word' id='word_1_247' title='bbox 886 3440 1048 3500; x_wconf 85' lang='lat' dir='ltr'><strong>lectionem</strong></span> <span class='ocrx_word' id='word_1_248' title='bbox 1071 3441 1210 3501; x_wconf 89' lang='lat' dir='ltr'><strong>omnibus</strong></span> <span class='ocrx_word' id='word_1_249' title='bbox 1233 3441 1323 3500; x_wconf 88' lang='lat' dir='ltr'><strong>libris</strong></span> <span class='ocrx_word' id='word_1_250' title='bbox 1349 3443 1457 3501; x_wconf 88' lang='lat' dir='ltr'><strong>invitis</strong></span> <span class='ocrx_word' id='word_1_251' title='bbox 1483 3445 1627 3508; x_wconf 90' lang='lat' dir='ltr'><strong>inducere</strong></span> 
     </span>
     <span class='ocr_line' id='line_1_28' title="bbox 418 3547 1627 3624; baseline 0.001 -17"><span class='ocrx_word' id='word_1_252' title='bbox 418 3549 492 3607; x_wconf 87' lang='lat' dir='ltr'><strong>milri</strong></span> <span class='ocrx_word' id='word_1_253' title='bbox 515 3548 636 3624; x_wconf 86' lang='lat' dir='ltr'><strong>quidem</strong></span> <span class='ocrx_word' id='word_1_254' title='bbox 659 3547 855 3607; x_wconf 90' lang='lat' dir='ltr'><strong>temerarium</strong></span> <span class='ocrx_word' id='word_1_255' title='bbox 882 3563 954 3606; x_wconf 88' lang='lat' dir='ltr'><strong>esse</strong></span> <span class='ocrx_word' id='word_1_256' title='bbox 976 3547 1107 3606; x_wconf 88' lang='lat' dir='ltr'><strong>videtur.</strong></span> <span class='ocrx_word' id='word_1_257' title='bbox 1150 3549 1248 3624; x_wconf 84' lang='lat' dir='ltr'><strong>Magis</strong></span> <span class='ocrx_word' id='word_1_258' title='bbox 1274 3549 1364 3607; x_wconf 88' lang='lat' dir='ltr'><strong>etiarn</strong></span> <span class='ocrx_word' id='word_1_259' title='bbox 1391 3566 1410 3606; x_wconf 90' lang='lat' dir='ltr'><strong>a</strong></span> <span class='ocrx_word' id='word_1_260' title='bbox 1434 3565 1511 3608; x_wconf 86' lang='lat' dir='ltr'><strong>vero</strong></span> <span class='ocrx_word' id='word_1_261' title='bbox 1533 3550 1627 3609; x_wconf 87' lang='lat' dir='ltr'><strong>aber·</strong></span> 
     </span>
     <span class='ocr_line' id='line_1_29' title="bbox 417 3653 1628 3734; baseline 0 -18"><span class='ocrx_word' id='word_1_262' title='bbox 417 3660 495 3732; x_wconf 91' lang='lat' dir='ltr'><strong>rant,</strong></span> <span class='ocrx_word' id='word_1_263' title='bbox 517 3656 667 3731; x_wconf 72' lang='lat' dir='ltr'><strong>quilleno</strong></span> <span class='ocrx_word' id='word_1_264' title='bbox 689 3655 851 3714; x_wconf 89' lang='lat' dir='ltr'><strong>lectionem</strong></span> <span class='ocrx_word' id='word_1_265' title='bbox 875 3671 914 3712; x_wconf 86' lang='lat' dir='ltr'><strong>ex</strong></span> <span class='ocrx_word' id='word_1_266' title='bbox 934 3653 1055 3714; x_wconf 86' lang='lat' dir='ltr'><strong>Donato</strong></span> <span class='ocrx_word' id='word_1_267' title='bbox 1077 3656 1229 3732; x_wconf 85' lang='lat' dir='ltr'><strong>recipiunt</strong></span> <span class='ocrx_word' id='word_1_268' title='bbox 1251 3656 1306 3714; x_wconf 91' lang='lat' dir='ltr'><strong>sed</strong></span> <span class='ocrx_word' id='word_1_269' title='bbox 1328 3657 1420 3734; x_wconf 91' lang='lat' dir='ltr'><strong>plane</strong></span> <span class='ocrx_word' id='word_1_270' title='bbox 1442 3657 1628 3716; x_wconf 85' lang='lat' dir='ltr'><strong>contrarium</strong></span> 
     </span>
     <span class='ocr_line' id='line_1_30' title="bbox 417 3759 1628 3838; baseline -0.002 -16"><span class='ocrx_word' id='word_1_271' title='bbox 417 3767 563 3838; x_wconf 88' lang='lat' dir='ltr'><strong>statuunt,</strong></span> <span class='ocrx_word' id='word_1_272' title='bbox 585 3766 618 3820; x_wconf 92' lang='lat' dir='ltr'><strong>et</strong></span> <span class='ocrx_word' id='word_1_273' title='bbox 637 3760 725 3819; x_wconf 91' lang='lat' dir='ltr'><strong>verbi</strong></span> <span class='ocrx_word' id='word_1_274' title='bbox 748 3759 810 3818; x_wconf 90' lang='lat' dir='ltr'><strong>vim</strong></span> <span class='ocrx_word' id='word_1_275' title='bbox 832 3761 965 3819; x_wconf 88' lang='lat' dir='ltr'><strong>activam</strong></span> <span class='ocrx_word' id='word_1_276' title='bbox 986 3777 1058 3820; x_wconf 86' lang='lat' dir='ltr'><strong>esse</strong></span> <span class='ocrx_word' id='word_1_277' title='bbox 1080 3762 1195 3834; x_wconf 90' lang='lat' dir='ltr'><strong>volunt,</strong></span> <span class='ocrx_word' id='word_1_278' title='bbox 1218 3762 1299 3836; x_wconf 90' lang='lat' dir='ltr'><strong>quod</strong></span> <span class='ocrx_word' id='word_1_279' title='bbox 1315 3763 1375 3820; x_wconf 82' lang='lat' dir='ltr'><strong>ianr</strong></span> <span class='ocrx_word' id='word_1_280' title='bbox 1389 3760 1565 3838; x_wconf 82' lang='lat' dir='ltr'><strong>alugurtha</strong></span> <span class='ocrx_word' id='word_1_281' title='bbox 1589 3761 1628 3820; x_wconf 90' lang='lat' dir='ltr'><strong>ad</strong></span> 
     </span>
     <span class='ocr_line' id='line_1_31' title="bbox 417 3866 1628 3942; baseline -0.001 -14"><span class='ocrx_word' id='word_1_282' title='bbox 417 3868 574 3928; x_wconf 87' lang='lat' dir='ltr'><strong>llletellum</strong></span> <span class='ocrx_word' id='word_1_283' title='bbox 602 3866 750 3926; x_wconf 85' lang='lat' dir='ltr'><strong>transitus</strong></span> <span class='ocrx_word' id='word_1_284' title='bbox 776 3867 837 3926; x_wconf 87' lang='lat' dir='ltr'><strong>liat.</strong></span> <span class='ocrx_word' id='word_1_285' title='bbox 865 3866 938 3940; x_wconf 84' lang='lat' dir='ltr'><strong>qnid</strong></span> <span class='ocrx_word' id='word_1_286' title='bbox 964 3869 1064 3926; x_wconf 90' lang='lat' dir='ltr'><strong>autem</strong></span> <span class='ocrx_word' id='word_1_287' title='bbox 1096 3867 1247 3942; x_wconf 88' lang='lat' dir='ltr'><strong>conspicit</strong></span> <span class='ocrx_word' id='word_1_288' title='bbox 1275 3867 1337 3926; x_wconf 85' lang='lat' dir='ltr'><strong>dux</strong></span> <span class='ocrx_word' id='word_1_289' title='bbox 1365 3867 1539 3926; x_wconf 74' lang='lat' dir='ltr'><strong>Romanust</strong></span> <span class='ocrx_word' id='word_1_290' title='bbox 1574 3885 1628 3928; x_wconf 90' lang='lat' dir='ltr'><strong>re-</strong></span> 
     </span>
     <span class='ocr_line' id='line_1_32' title="bbox 418 3971 1629 4052; baseline 0.001 -18"><span class='ocrx_word' id='word_1_291' title='bbox 418 3974 551 4052; x_wconf 88' lang='lat' dir='ltr'><strong>spondet</strong></span> <span class='ocrx_word' id='word_1_292' title='bbox 580 3973 747 4050; x_wconf 88' lang='lat' dir='ltr'><strong>interpres:</strong></span> <span class='ocrx_word' id='word_1_293' title='bbox 789 3971 946 4031; x_wconf 89' lang='lat' dir='ltr'><strong>insolitam</strong></span> <span class='ocrx_word' id='word_1_294' title='bbox 976 3989 1077 4032; x_wconf 89' lang='lat' dir='ltr'><strong>rerum</strong></span> <span class='ocrx_word' id='word_1_295' title='bbox 1112 3972 1231 4032; x_wconf 80' lang='lat' dir='ltr'><strong>faciem.</strong></span> <span class='ocrx_word' id='word_1_296' title='bbox 1274 3971 1338 4031; x_wconf 92' lang='lat' dir='ltr'><strong>Sed</strong></span> <span class='ocrx_word' id='word_1_297' title='bbox 1363 3971 1430 4031; x_wconf 75' lang='lat' dir='ltr'><strong>hec</strong></span> <span class='ocrx_word' id='word_1_298' title='bbox 1460 3991 1519 4032; x_wconf 92' lang='lat' dir='ltr'><strong>non</strong></span> <span class='ocrx_word' id='word_1_299' title='bbox 1546 3975 1629 4035; x_wconf 90' lang='lat' dir='ltr'><strong>dicta</strong></span> 
     </span>
     <span class='ocr_line' id='line_1_33' title="bbox 417 4078 1629 4156; baseline 0 -14"><span class='ocrx_word' id='word_1_300' title='bbox 417 4086 495 4142; x_wconf 86' lang='lat' dir='ltr'><strong>sunt.</strong></span> <span class='ocrx_word' id='word_1_301' title='bbox 536 4079 620 4139; x_wconf 88' lang='lat' dir='ltr'><strong>Nihil</strong></span> <span class='ocrx_word' id='word_1_302' title='bbox 641 4079 680 4138; x_wconf 89' lang='lat' dir='ltr'><strong>ad</strong></span> <span class='ocrx_word' id='word_1_303' title='bbox 701 4096 781 4152; x_wconf 78' lang='lat' dir='ltr'><strong>rem,</strong></span> <span class='ocrx_word' id='word_1_304' title='bbox 810 4078 928 4154; x_wconf 80' lang='lat' dir='ltr'><strong>logices</strong></span> <span class='ocrx_word' id='word_1_305' title='bbox 954 4082 986 4138; x_wconf 90' lang='lat' dir='ltr'><strong>et</strong></span> <span class='ocrx_word' id='word_1_306' title='bbox 1007 4078 1182 4138; x_wconf 87' lang='lat' dir='ltr'><strong>rhetorices</strong></span> <span class='ocrx_word' id='word_1_307' title='bbox 1211 4079 1297 4156; x_wconf 83' lang='lat' dir='ltr'><strong>leges</strong></span> <span class='ocrx_word' id='word_1_308' title='bbox 1319 4079 1351 4137; x_wconf 92' lang='lat' dir='ltr'><strong>id</strong></span> <span class='ocrx_word' id='word_1_309' title='bbox 1373 4081 1543 4156; x_wconf 82' lang='lat' dir='ltr'><strong>postulaut3</strong></span> <span class='ocrx_word' id='word_1_310' title='bbox 1572 4081 1629 4142; x_wconf 86' lang='lat' dir='ltr'><strong>sed</strong></span> 
     </span>
     <span class='ocr_line' id='line_1_34' title="bbox 417 4185 1629 4265; baseline -0.002 -15"><span class='ocrx_word' id='word_1_311' title='bbox 417 4191 525 4250; x_wconf 90' lang='lat' dir='ltr'><strong>melius</strong></span> <span class='ocrx_word' id='word_1_312' title='bbox 546 4190 638 4248; x_wconf 88' lang='lat' dir='ltr'><strong>etiarn</strong></span> <span class='ocrx_word' id='word_1_313' title='bbox 651 4185 736 4247; x_wconf 88' lang='lat' dir='ltr'><strong>Laid.</strong></span> <span class='ocrx_word' id='word_1_314' title='bbox 756 4187 790 4245; x_wconf 87' lang='lat' dir='ltr'><strong>l).</strong></span> <span class='ocrx_word' id='word_1_315' title='bbox 813 4186 845 4245; x_wconf 86' lang='lat' dir='ltr'><strong>G.</strong></span> <span class='ocrx_word' id='word_1_316' title='bbox 868 4187 922 4262; x_wconf 89' lang='lat' dir='ltr'><strong>qui</strong></span> <span class='ocrx_word' id='word_1_317' title='bbox 942 4191 1100 4248; x_wconf 75' lang='lat' dir='ltr'><strong>coercitum</strong></span> <span class='ocrx_word' id='word_1_318' title='bbox 1124 4190 1265 4262; x_wconf 81' lang='lat' dir='ltr'><strong>conspicit</strong></span> <span class='ocrx_word' id='word_1_319' title='bbox 1276 4186 1400 4246; x_wconf 85' lang='lat' dir='ltr'><strong>habent.</strong></span> <span class='ocrx_word' id='word_1_320' title='bbox 1437 4188 1498 4248; x_wconf 89' lang='lat' dir='ltr'><strong>Sed</strong></span> <span class='ocrx_word' id='word_1_321' title='bbox 1514 4189 1629 4265; x_wconf 88' lang='lat' dir='ltr'><strong>optime</strong></span> 
     </span>
     <span class='ocr_line' id='line_1_35' title="bbox 416 4296 1629 4374; baseline -0.001 -17"><span class='ocrx_word' id='word_1_322' title='bbox 416 4315 434 4357; x_wconf 90' lang='lat' dir='ltr'><strong>a</strong></span> <span class='ocrx_word' id='word_1_323' title='bbox 456 4298 604 4374; x_wconf 85' lang='lat' dir='ltr'><strong>Iugurtha</strong></span> <span class='ocrx_word' id='word_1_324' title='bbox 630 4298 670 4356; x_wconf 86' lang='lat' dir='ltr'><strong>ad</strong></span> <span class='ocrx_word' id='word_1_325' title='bbox 691 4296 849 4356; x_wconf 87' lang='lat' dir='ltr'><strong>Metellum</strong></span> <span class='ocrx_word' id='word_1_326' title='bbox 877 4298 1026 4357; x_wconf 88' lang='lat' dir='ltr'><strong>transitus</strong></span> <span class='ocrx_word' id='word_1_327' title='bbox 1053 4297 1096 4355; x_wconf 89' lang='lat' dir='ltr'><strong>ita</strong></span> <span class='ocrx_word' id='word_1_328' title='bbox 1122 4296 1189 4355; x_wconf 87' lang='lat' dir='ltr'><strong>lieri</strong></span> <span class='ocrx_word' id='word_1_329' title='bbox 1216 4297 1348 4370; x_wconf 83' lang='lat' dir='ltr'><strong>videtur,</strong></span> <span class='ocrx_word' id='word_1_330' title='bbox 1378 4299 1409 4355; x_wconf 92' lang='lat' dir='ltr'><strong>ut</strong></span> <span class='ocrx_word' id='word_1_331' title='bbox 1430 4297 1465 4370; x_wconf 88' lang='lat' dir='ltr'><strong>is,</strong></span> <span class='ocrx_word' id='word_1_332' title='bbox 1504 4298 1553 4356; x_wconf 92' lang='lat' dir='ltr'><strong>cui</strong></span> <span class='ocrx_word' id='word_1_333' title='bbox 1575 4296 1629 4356; x_wconf 91' lang='lat' dir='ltr'><strong>ille</strong></span> 
     </span>
     <span class='ocr_line' id='line_1_36' title="bbox 415 4403 1630 4482; baseline -0.002 -16"><span class='ocrx_word' id='word_1_334' title='bbox 415 4406 543 4466; x_wconf 86' lang='lat' dir='ltr'><strong>insidias</strong></span> <span class='ocrx_word' id='word_1_335' title='bbox 564 4406 703 4482; x_wconf 86' lang='lat' dir='ltr'><strong>parabat,</strong></span> <span class='ocrx_word' id='word_1_336' title='bbox 727 4404 757 4462; x_wconf 92' lang='lat' dir='ltr'><strong>in</strong></span> <span class='ocrx_word' id='word_1_337' title='bbox 779 4409 976 4481; x_wconf 89' lang='lat' dir='ltr'><strong>conspectum</strong></span> <span class='ocrx_word' id='word_1_338' title='bbox 998 4404 1099 4463; x_wconf 88' lang='lat' dir='ltr'><strong>hostis</strong></span> <span class='ocrx_word' id='word_1_339' title='bbox 1119 4404 1245 4463; x_wconf 87' lang='lat' dir='ltr'><strong>venisse</strong></span> <span class='ocrx_word' id='word_1_340' title='bbox 1267 4403 1396 4462; x_wconf 91' lang='lat' dir='ltr'><strong>dicatur.</strong></span> <span class='ocrx_word' id='word_1_341' title='bbox 1430 4403 1514 4472; x_wconf 83' lang='lat' dir='ltr'><strong>Quod</strong></span> <span class='ocrx_word' id='word_1_342' title='bbox 1537 4404 1630 4463; x_wconf 89' lang='lat' dir='ltr'><strong>sicui</strong></span> 
     </span>
     <span class='ocr_line' id='line_1_37' title="bbox 415 4511 1629 4595; baseline -0.003 -21"><span class='ocrx_word' id='word_1_343' title='bbox 415 4533 476 4575; x_wconf 92' lang='lat' dir='ltr'><strong>non</strong></span> <span class='ocrx_word' id='word_1_344' title='bbox 498 4515 576 4576; x_wconf 90' lang='lat' dir='ltr'><strong>satis</strong></span> <span class='ocrx_word' id='word_1_345' title='bbox 598 4514 724 4590; x_wconf 84' lang='lat' dir='ltr'><strong>elegans</strong></span> <span class='ocrx_word' id='word_1_346' title='bbox 746 4529 845 4588; x_wconf 86' lang='lat' dir='ltr'><strong>neque</strong></span> <span class='ocrx_word' id='word_1_347' title='bbox 868 4514 1047 4595; x_wconf 87' lang='lat' dir='ltr'><strong>concinnum</strong></span> <span class='ocrx_word' id='word_1_348' title='bbox 1069 4514 1200 4586; x_wconf 88' lang='lat' dir='ltr'><strong>videtur,</strong></span> <span class='ocrx_word' id='word_1_349' title='bbox 1226 4519 1310 4572; x_wconf 86' lang='lat' dir='ltr'><strong>certe</strong></span> <span class='ocrx_word' id='word_1_350' title='bbox 1334 4512 1366 4571; x_wconf 93' lang='lat' dir='ltr'><strong>id</strong></span> <span class='ocrx_word' id='word_1_351' title='bbox 1387 4528 1445 4571; x_wconf 88' lang='lat' dir='ltr'><strong>non</strong></span> <span class='ocrx_word' id='word_1_352' title='bbox 1463 4511 1629 4588; x_wconf 89' lang='lat' dir='ltr'><strong>scriptoris</strong></span> 
     </span>
     <span class='ocr_line' id='line_1_38' title="bbox 416 4620 1630 4700; baseline -0.001 -20"><span class='ocrx_word' id='word_1_353' title='bbox 416 4623 505 4700; x_wconf 92' lang='lat' dir='ltr'><strong>culpa</strong></span> <span class='ocrx_word' id='word_1_354' title='bbox 527 4621 639 4682; x_wconf 85' lang='lat' dir='ltr'><strong>iactum</strong></span> <span class='ocrx_word' id='word_1_355' title='bbox 662 4641 732 4683; x_wconf 88' lang='lat' dir='ltr'><strong>esse</strong></span> <span class='ocrx_word' id='word_1_356' title='bbox 754 4623 885 4682; x_wconf 88' lang='lat' dir='ltr'><strong>videtur.</strong></span> <span class='ocrx_word' id='word_1_357' title='bbox 912 4626 1031 4684; x_wconf 79' lang='lat' dir='ltr'><strong>instituit</strong></span> <span class='ocrx_word' id='word_1_358' title='bbox 1044 4622 1114 4684; x_wconf 89' lang='lat' dir='ltr'><strong>Bas.</strong></span> <span class='ocrx_word' id='word_1_359' title='bbox 1136 4621 1221 4683; x_wconf 90' lang='lat' dir='ltr'><strong>Leid.</strong></span> <span class='ocrx_word' id='word_1_360' title='bbox 1235 4622 1265 4682; x_wconf 83' lang='lat' dir='ltr'><strong>C.</strong></span> <span class='ocrx_word' id='word_1_361' title='bbox 1287 4623 1374 4682; x_wconf 89' lang='lat' dir='ltr'><strong>multi</strong></span> <span class='ocrx_word' id='word_1_362' title='bbox 1390 4621 1442 4680; x_wconf 88' lang='lat' dir='ltr'><strong>alii</strong></span> <span class='ocrx_word' id='word_1_363' title='bbox 1459 4620 1533 4680; x_wconf 89' lang='lat' dir='ltr'><strong>libri</strong></span> <span class='ocrx_word' id='word_1_364' title='bbox 1554 4638 1630 4680; x_wconf 78' lang='lat' dir='ltr'><strong>core-</strong></span> 
     </span>
    </p>
   </div>
   <div class='ocr_carea' id='block_1_3' title="bbox 0 0 1858 5600">
    <p class='ocr_par' dir='ltr' id='par_1_6' title="bbox 0 0 1858 5600">
     <span class='ocr_line' id='line_1_39' title="bbox 0 0 1858 5600; baseline 0 0"><span class='ocrx_word' id='word_1_365' title='bbox 0 0 1858 5600; x_wconf 95' lang='lat' dir='ltr'><strong> </strong></span> 
     </span>
    </p>
   </div>
  </div>
 </body>
</html>
