3610 5592
1318 674 1361 740 ¹7

161 887 254 959 posse
271 865 544 938 seruitianrbana
559 868 754 950 sollicitare,
782 870 897 941 urbem
915 869 1110 954 incendere,
1142 870 1229 942 viros
1247 895 1362 942 earum

160 991 212 1060 vel
236 990 421 1082 adiungere
445 991 507 1061 siti
531 993 586 1064 vel
609 993 807 1064 interlicere.

231 1137 316 1186 m.
366 1115 432 1187 Sed
456 1115 491 1186 in
516 1116 568 1188 his
593 1127 664 1188 erat
688 1119 896 1212 Sempronia,
922 1139 997 1213 quaa
1022 1119 1126 1190 multa
1149 1141 1236 1212 supe
1261 1120 1366 1190 virilis

161 1239 309 1311 audacia
326 1240 473 1311 facinora
489 1241 708 1312 commiserat.
747 1245 829 1312 Haec
846 1243 967 1313 mulier
984 1265 1106 1334 genere
1124 1253 1224 1334 atque
1248 1243 1365 1326 lorma,
1432 1263 1433 1272 ¹

162 1377 322 1456 preterea
345 1364 417 1435 viro
442 1376 541 1458 atque
566 1366 679 1438 liberis
703 1367 779 1436 satis
805 1367 968 1438 fortunata
993 1367 1073 1446 tutu
1099 1367 1216 1437 litteris
1243 1368 1366 1438 Craecis

162 1499 193 1559 et
217 1488 345 1560 Latinis
371 1488 486 1572 docta,
528 1491 670 1583 psallere
697 1499 729 1559 et
753 1490 873 1560 saltare
899 1491 1083 1582 elegantius
1108 1513 1208 1582 quam
1234 1513 1366 1562 necesse

162 1623 210 1684 cst
242 1613 377 1707 probae,
403 1615 506 1684 multa
531 1615 611 1696 alia,
653 1637 728 1706 quae
753 1613 969 1686 instrumenta
1002 1615 1144 1686 luxurie
1169 1624 1254 1686 sunt.
1302 1614 1367 1685 Sed

162 1738 193 1808 ei
238 1737 369 1808 cariora
405 1758 536 1830 semper
563 1738 675 1808 omnia
712 1760 812 1830 wem
841 1739 942 1810 decus
970 1748 1069 1831 atque
1094 1738 1251 1832 pudicitia
1287 1739 1367 1820 tuin

162 1863 313 1955 peenniae
344 1884 387 1932 an
421 1861 516 1932 famae
550 1861 657 1932 minus
689 1873 859 1955 parceret,
894 1862 981 1933 haud
1018 1863 1115 1933 facilc
1141 1862 1365 1944 discernerem

163 1986 311 2058 lubidine
336 1986 386 2056 sic
411 2009 566 2067 accensa,
596 1997 631 2056 ut
655 1987 774 2080 saepins
800 1996 925 2079 peteret
949 1985 1036 2056 viros
1062 2008 1162 2078 quam
1187 1996 1367 2078 peteretur.

163 2112 227 2184 Sed
253 2135 295 2182 ca
320 2133 409 2204 saepe
434 2111 573 2182 antehac
599 2110 698 2181 fidem
723 2110 929 2203 prodiderat,
963 2109 1123 2180 creditum
1148 2109 1369 2190 abiurnvcrat,

163 2236 262 2308 cadis
296 2236 429 2306 conscia
461 2237 583 2317 luerat,
617 2235 751 2306 luxuria
783 2244 882 2326 atquc
914 2233 1025 2325 inopia
1058 2255 1205 2326 preceps
1231 2235 1367 2304 abierat.

163 2363 288 2432 Verum
313 2360 485 2450 ingenium
511 2359 582 2430 eius
607 2358 696 2431 haud
729 2357 925 2439 absurdom3
967 2379 1062 2450 posse
1096 2380 1209 2428 versus
1246 2359 1369 2440 lacere,

164 2487 272 2556 iocum
306 2507 457 2567 movere,
495 2505 648 2554 sermone
680 2481 726 2553 nti
751 2483 804 2552 vel
829 2482 977 2553 modesto
1008 2483 1062 2552 vel
1087 2483 1180 2553 molli
1213 2484 1266 2554 vel
1290 2506 1370 2576 pro-

164 2611 254 2690 caci;
280 2629 416 2702 prorsus
441 2607 552 2678 mnltae
579 2605 703 2677 facetiae
730 2607 918 2699 multusque
945 2607 1036 2700 lepos
1062 2615 1178 2678 inerat.

236 2755 353 2803 mn·
384 2732 445 2802 His
478 2729 577 2800 rebus
619 2729 833 2822 comparatis,
873 2731 1015 2800 Catilina
1048 2731 1154 2800 nihilo
1189 2732 1299 2803 minus
1336 2733 1370 2802 in

164 2878 366 2950 proxumum
391 2877 515 2926 annum
541 2852 747 2924 consulatum
772 2855 922 2945 petebat,
952 2877 1103 2947 sperans,
1129 2857 1157 2926 si
1182 2856 1371 2947 designatus

165 2983 263 3062 toret,
297 2980 395 3050 facile
420 3001 455 3049 se
480 3003 522 3048 ex
546 2978 714 3049 voluntate
739 2978 885 3048 Antonio
910 3001 1058 3049 usurum.
1103 2982 1220 3072 Neque
1247 2982 1372 3052 interea

165 3106 297 3199 quietus
331 3115 421 3185 erat,
455 3102 514 3173 sed
546 3102 700 3173 omnibus
735 3101 840 3172 modis
871 3101 1005 3172 insidias
1045 3104 1182 3195 parabat
1206 3105 1370 3176 Ciceroni.

166 3233 284 3323 Neque
318 3229 368 3300 illi
402 3240 510 3298 umen
544 3226 587 3298 ad
621 3224 802 3298 cavendum
837 3226 932 3296 dolos
965 3237 1022 3298 aut
1060 3227 1187 3297 astutiae
1223 3228 1371 3299 deerant.

165 3355 318 3446 Namque
343 3375 363 3423 a
389 3352 551 3445 principio
576 3351 762 3422 consulatus
786 3350 838 3420 sui
867 3352 970 3421 multu
1000 3351 1188 3443 pollicendo
1214 3376 1273 3445 per
1290 3354 1373 3422 Ful-

165 3479 250 3549 viam
286 3475 459 3556 effecerat,
489 3485 526 3545 ut
550 3473 591 3558 Q.
619 3473 753 3556 Curius,
792 3474 925 3565 dequo
952 3476 1051 3567 paolo
1077 3487 1154 3546 ante
1181 3478 1371 3556 memoravi,

167 3601 305 3672 consilia
332 3599 482 3670 Catilinae
509 3599 572 3669 sibi
597 3597 760 3690 proderet.
811 3598 863 3669 Ad
888 3599 952 3669 hoc
982 3601 1146 3691 collegam
1179 3622 1274 3670 suom
1300 3602 1372 3672 An-

168 3727 293 3796 tonium
311 3723 464 3816 pactione
481 3721 657 3815 provinciae
676 3722 883 3816 perpulerat,
909 3746 951 3793 ne
978 3734 1090 3794 contra
1108 3748 1179 3794 rem
1205 3725 1373 3818 publicam
1397 3739 1401 3750 ’

166 3849 316 3929 sentiret,
344 3845 468 3917 cunum
494 3869 529 3914 se
546 3845 700 3938 praesidia
717 3846 900 3916 amicorum
925 3858 1024 3938 atque
1050 3847 1220 3919 clientium
1245 3850 1373 3920 occulte

168 3973 321 4046 habehat
373 3971 546 4061 Postquam
572 3968 642 4038 dies
667 3969 873 4040 comitiorum
899 3969 1003 4051 venit,
1032 3983 1064 4039 et
1089 3971 1239 4044 Catilinae
1265 3997 1373 4066 neque

169 4099 281 4193 petitio
307 4117 418 4185 neque
443 4092 590 4174 insidia,
628 4115 710 4185 quas
735 4094 864 4164 consuli
889 4087 934 4183 (in
960 4089 1090 4187 campo)
1115 4096 1253 4179 lecerat,
1294 4120 1375 4190 pro-

168 4247 263 4318 spere
289 4241 436 4300 cessere,
462 4217 628 4288 constituit
657 4218 782 4289 bellurn
807 4218 917 4288 lacere
943 4229 975 4287 ct
1001 4229 1149 4289 extrema
1173 4221 1285 4292 omnia
1313 4245 1374 4291 ex-

170 4349 289 4442 periri,
333 4341 493 4436 qnoniam
531 4365 605 4434 qnae
647 4344 774 4413 occulte
812 4352 1026 4435 temptaverat
1067 4367 1183 4436 aspera
1222 4345 1374 4437 loedaque

169 4480 361 4544 evenerant.

242 4617 353 4666 nvn.
404 4591 508 4682 lgitur
532 4591 572 4660 G.
598 4589 760 4662 Manlium
784 4591 930 4662 Faesulas
956 4601 1054 4684 atquc
1090 4594 1123 4661 in
1150 4616 1221 4663 cam
1248 4605 1374 4687 partem

170 4722 329 4800 Eanum,
364 4716 558 4810 Septimium
593 4715 758 4807 quendam
784 4715 972 4787 Camertem
1003 4716 1036 4785 in
1061 4737 1180 4808 agnum
1205 4719 1374 4800 Picenum,

1163 4841 1181 4898 2
