3576 5602
445 642 517 712 396

444 863 518 910 rum
544 842 608 910 Xl:
652 840 693 910 ad
721 840 841 911 victum
868 841 991 933 optima
1019 843 1081 911 lert
1106 863 1187 932 ager
1214 841 1404 932 Campanus
1435 841 1640 916 trumentum.

444 965 604 1034 Falernus
629 963 756 1044 vinum,
787 964 926 1035 Casinas
951 964 1073 1042 oleum.
1113 964 1321 1034 Tusculanus
1347 965 1457 1045 licum,
1488 966 1555 1033 mel
1581 966 1642 1033 Ta-

443 1089 603 1168 rentiaus‚
631 1089 755 1180 piscem
782 1089 923 1158 Tiberis.
965 1090 1147 1159 Macrobius
1172 1089 1357 1168 Saturn2.
1381 1088 1438 1160 12.
1476 1089 1643 1182 Spiracnla

443 1212 606 1305 appellata
632 1211 744 1280 omnia
771 1211 845 1282 locu
869 1210 1017 1303 pestiferi
1044 1211 1189 1304 spiritus,
1218 1235 1305 1305 quae
1332 1211 1452 1283 Graeci
1477 1213 1643 1309 Χαρώνεια

442 1336 612 1429 appellant
632 1338 685 1407 vel
707 1339 926 1433 'Affpdmm
961 1339 1060 1406 etiam
1080 1341 1184 1408 Varro
1210 1339 1413 1431 spiraculum
1435 1339 1513 1409 dicit
1530 1339 1643 1408 huius-

442 1462 573 1531 cemodi
607 1464 727 1544 locum,
854 1486 921 1555 qua
954 1475 1040 1534 terra
1073 1465 1224 1556 spiritum
1251 1464 1329 1534 edit.
1381 1465 1528 1534 Isidorus
1554 1464 1641 1553 Orip
1760 1467 1761 1494 ¹

446 1584 502 1667 14,
530 1586 563 1658 9.
617 1587 796 1658 Sciendum
825 1611 904 1658 sane
937 1590 1120 1659 Varronem
1155 1612 1362 1670 enumerare,
1401 1600 1482 1682 quot
1514 1589 1587 1658 loca
1610 1587 1641 1656 in

442 1711 537 1780 ltalia
571 1712 635 1781 sint
665 1711 868 1782 huiusmodi.
919 1716 1048 1784 Seruius
1073 1717 1117 1784 ud
1145 1719 1235 1807 Verp.
1261 1717 1339 1785 Aen.
1359 1715 1393 1796 7,
1417 1712 1502 1787 563.
1541 1715 1641 1783 Varro

348 1815 352 1828 ⁵
442 1857 529 1916 aves,
558 1859 645 1927 quae
669 1836 895 1907 advolaverint
926 1831 979 1927 [ad
998 1841 1179 1919 Avernum,
1202 1839 1262 1926 nit]
1286 1839 1403 1908 emori.
1439 1839 1564 1908 Plinius
1579 1851 1639 1904 oct.

441 1960 513 2028 list.
529 1956 589 2038 31,
607 1957 642 2039 2,
659 1958 719 2029 21.
759 1961 865 2029 Varro
891 1962 933 2029 ad
953 1963 1108 2032 Soracten
1135 1963 1265 2056 scripsit
1289 1985 1363 2032 csse
1388 1963 1526 2039 tentem,
1553 1959 1641 2028 cuins

441 2084 482 2152 sit
508 2083 647 2154 latitudo
671 2093 825 2176 quattuor
850 2085 991 2176 pedum:
1031 2086 1100 2156 sole
1126 2087 1254 2156 oriente
1280 2111 1357 2158 cum
1382 2085 1553 2156 exundare
1579 2086 1641 2152 ler-

441 2209 531 2277 veati
557 2209 710 2288 similem,
745 2233 822 2279 eves
848 2232 934 2303 quae
961 2211 1208 2302 degustaverint
1238 2212 1328 2282 iuxta
1353 2222 1500 2282 mortuas
1527 2209 1639 2278 iacere.

442 2334 570 2402 Plinius
594 2348 660 2402 aot.
688 2335 760 2402 list.
791 2331 850 2413 31,
883 2333 918 2415 2,
948 2333 1009 2405 27.
1061 2335 1212 2406 Circeius
1237 2357 1332 2404 mons
1456 2331 1639 2426 aliqnando.

441 2469 475 2527 ut
502 2459 608 2528 Varro
633 2457 724 2537 dicit,
758 2457 867 2527 insula
894 2458 965 2538 init,
1004 2459 1154 2528 nundum
1180 2459 1309 2528 siccatis
1334 2459 1522 2552 paludibus,
1560 2479 1640 2550 quae

440 2605 514 2651 eam
541 2581 730 2650 dividebant
763 2604 780 2650 a
807 2581 999 2651 continenti.
1053 2583 1181 2652 Seruius
1206 2584 1250 2652 od
1278 2585 1369 2673 Vcrp.
1395 2584 1473 2651 dor.
1501 2579 1535 2659 3,
1562 2578 1639 2651 386.

440 2708 546 2778 Varro
572 2702 629 2790 [de
646 2705 731 2792 llva]
759 2706 848 2788 dicit,
875 2705 967 2775 nasci
994 2706 1128 2798 quidem
1155 2707 1224 2776 illic
1251 2707 1388 2784 terrum,
1415 2705 1473 2775 sed
1499 2706 1532 2774 io
1552 2705 1641 2774 stric-

439 2840 547 2900 turam
575 2852 639 2899 aon
667 2852 761 2922 posse
784 2830 859 2921 cogi
877 2830 941 2898 nisi
960 2841 1180 2901 transvectum
1200 2831 1232 2900 in
1250 2829 1482 2924 Populoniam,
1509 2829 1640 2899 Tusciae

441 2953 621 3033 civitatem,
641 2953 704 3045 ipsi
722 2953 851 3023 insulae
868 2953 1025 3022 vicinam.
1067 2954 1196 3022 Seruius
1214 2956 1258 3023 ud
1277 2957 1368 3045 Vcrp.
1386 2956 1463 3023 Aca.
1486 2953 1543 3034 10,
1566 2947 1640 3022 174.

440 3079 546 3147 Varro
567 3131 575 3146 .
596 3129 603 3145 .
625 3129 632 3144 .
652 3077 782 3147 Latium
807 3075 873 3146 dici
894 3086 993 3167 putat.
1021 3077 1110 3169 quod
1129 3078 1207 3148 latet
1222 3079 1316 3148 ltalia
1335 3078 1422 3148 inter
1438 3079 1514 3149 loca
1535 3070 1641 3169 (prse-

440 3197 567 3294 cipitia)
592 3202 729 3294 Alpium
755 3212 788 3270 et
813 3201 992 3295 Apennini.
1043 3203 1172 3273 Seruius
1207 3207 1250 3274 od
1278 3207 1367 3294 Verp.
1394 3206 1472 3274 deu.
1499 3201 1536 3284 8,
1564 3201 1639 3274 322.

439 3327 545 3395 νυπυ
565 3325 653 3405 dicit,
680 3325 789 3394 lacum
811 3324 968 3396 Velinum
989 3349 1010 3394 a
1031 3326 1175 3417 quodam
1203 3321 1326 3416 (Curio)
1353 3327 1490 3396 consule
1510 3328 1544 3396 in
1563 3329 1641 3398 llar-

437 3462 504 3521 tem
531 3452 583 3520 vel
609 3453 732 3521 Narem
760 3450 897 3521 lluvium
924 3443 1014 3538 (nam
1032 3461 1209 3543 utrumque
1230 3447 1361 3540 dicitur)
1388 3473 1459 3520 esse
1479 3451 1639 3522 diffusum.

438 3577 517 3646 Pnst
541 3575 629 3668 quod
657 3586 744 3644 tanta
770 3587 821 3644 cst
845 3598 885 3644 ea
911 3576 984 3645 loca
1004 3587 1117 3646 secuta
1139 3576 1301 3657 fertilitas,
1329 3587 1365 3646 ut
1383 3575 1483 3644 etiam
1501 3575 1640 3667 perticae

440 3699 683 3789 longitudinem
709 3699 846 3770 altitudo
872 3711 1042 3791 superaret
1068 3699 1266 3782 herbarum
1299 3701 1380 3792 quin
1406 3701 1509 3771 etium
1537 3721 1640 3792 quao-

438 3834 509 3894 tum
542 3847 602 3917 per
632 3824 723 3894 diem
755 3823 924 3915 demptum
960 3835 1054 3904 esset,
1090 3835 1214 3894 tantum
1240 3847 1299 3916 per
1325 3835 1437 3893 noctes
1463 3825 1638 3894 erescebat

440 3947 568 4017 Seruius
593 3949 637 4018 od
667 3949 752 4040 Vcrp.
776 3950 852 4018 deu.
873 3946 906 4028 7,
935 3945 1018 4017 712.
1061 3947 1149 4017 Dicit
1166 3948 1284 4029 Varro,
1311 3959 1435 4017 tanmm
1462 3947 1640 4018 ubertatem

439 4071 539 4141 luisse
567 4072 598 4141 in
625 4072 792 4141 Rosulano
817 4092 910 4161 agro,
938 4083 1108 4163 postquam
1136 4070 1275 4142 Velinus
1301 4071 1441 4140 siccatus
1467 4083 1517 4140 est
1543 4073 1639 4150 lacus,

439 4207 474 4267 ut
500 4197 545 4267 ihi
572 4198 704 4289 longam
731 4197 891 4288 perticam
919 4196 1113 4289 magnitudo
1142 4208 1312 4290 superaret
1335 4196 1528 4267 herbarum.
1573 4198 1641 4267 Ser·

438 4324 509 4392 eius
534 4325 578 4392 ud
597 4323 687 4412 Vcrp.
710 4301 812 4412 Georp
838 4321 873 4401 2,
901 4319 984 4391 201.
1027 4323 1065 4391 ln
1092 4343 1174 4412 agro
1195 4319 1334 4392 Reatino
1356 4320 1499 4391 Cutiliae
1525 4322 1640 4398 lacum,

440 4447 473 4516 in
499 4469 566 4540 quo
593 4445 771 4516 fluctuetur
795 4446 914 4527 insula,
942 4447 1055 4516 ltaliae
1082 4446 1276 4516 umbilicum
1303 4466 1374 4514 esse
1391 4446 1436 4516 lt.
1454 4446 1562 4514 Varro
1578 4456 1640 4513 tra-

439 4570 498 4640 dit.
537 4571 661 4640 Plinius
683 4585 748 4639 uot.
775 4571 848 4640 loist.
871 4569 905 4648 3,
936 4569 992 4649 12.
1024 4569 1103 4643 109.
1147 4572 1278 4640 Solinus
1307 4571 1411 4662 pulpis.
1439 4567 1475 4640 8.
1501 4570 1640 4640 Maroia-

441 4721 499 4765 nus
521 4697 647 4789 Capella
664 4696 699 4777 6,
722 4695 804 4768 640.
907 4697 939 4766 8.
967 4697 1185 4789 oppidorum,
1213 4719 1299 4789 qnae
1327 4695 1419 4765 initio
1443 4695 1640 4784 Aborigines
