3526 5604
435 679 507 751 336

432 878 557 949 tionem
568 899 704 949 consess
716 878 800 951 hsce
812 879 984 972 incepisse.
1019 874 1280 970 salustus,
1298 873 1357 948 21.
1457 875 1637 956 13011-

433 1003 599 1096 drigarius
621 1005 735 1074 annali
759 1004 817 1074 lib.
836 1007 900 1074 Vl:
927 1004 1169 1096 aliquantisper
1193 1011 1340 1094 pugnato
1361 1000 1444 1071 nihil
1467 1009 1638 1094 promovet

433 1129 574 1198 Poenus.
615 1130 740 1198 Nouius
758 1151 792 1221 p.
811 1125 896 1210 511,
922 1125 983 1200 25.
1082 1126 1142 1195 ll.
1169 1123 1271 1196 Libro
1296 1125 1437 1218 septimo
1461 1125 1637 1196 Claudius:

433 1253 560 1324 animos
576 1275 693 1324 eorum
710 1251 866 1322 habentia
884 1251 1027 1324 inllarat.
1069 1253 1237 1345 Nouiusp.
1254 1248 1336 1331 119,
1355 1248 1414 1322 32.
1516 1250 1578 1320 ts.
1604 1247 1637 1318 si

432 1376 568 1448 Valerio
600 1379 675 1471 quis
701 1379 816 1448 credat
847 1379 998 1448 omnium
1028 1399 1141 1449 rernm
1171 1377 1347 1449 immodice
1371 1397 1552 1447 numerum
1578 1397 1638 1444 au·

433 1502 539 1594 genti,
563 1505 782 1597 quadraginta
807 1504 902 1575 milia
926 1503 1071 1576 hostium
1097 1525 1138 1573 eo
1159 1503 1213 1574 (lie
1235 1514 1312 1573 sont
1328 1525 1435 1584 caesa,
1461 1511 1557 1595 capta
1581 1493 1637 1587 (ibi

432 1626 613 1697 modestius
640 1627 853 1699 mendacium
883 1623 944 1718 est)
984 1629 1132 1721 quinque
1162 1627 1256 1696 milia
1289 1625 1507 1719 septingenti,
1543 1623 1637 1714 signs

432 1749 592 1822 militaria
615 1751 757 1823 ducenta
787 1750 1133 1845 undequinquaginta.
1177 1751 1337 1824 Claudius
1362 1773 1498 1844 quoque
1523 1748 1590 1818 dno
1606 1757 1637 1816 ot
1749 1819 1750 1844 ,

433 1873 569 1965 triginta
594 1873 689 1945 milia
721 1875 865 1946 hostium
895 1897 991 1946 caeso
1016 1875 1148 1958 scribit,
1184 1885 1279 1970 capta
1307 1885 1464 1969 quattuor
1488 1872 1581 1943 milia
1606 1881 1636 1940 et

432 2008 608 2070 trecentos.
651 1999 718 2068 Nos
736 2050 774 2068 ..
800 1996 974 2092 Polybium
999 1998 1104 2069 secuti
1127 2019 1241 2069 snmus
1266 2008 1329 2068 eto.
1368 1995 1561 2076 Lioios33,
1581 1993 1634 2076 10,

431 2120 457 2195 8
476 2145 544 2215 sqq.
566 2127 623 2216 cfr.
644 2121 780 2192 Orosius
797 2119 834 2204 4,
855 2120 915 2194 20.
940 2121 1127 2193 Plutarchus
1144 2121 1328 2192 1011111111
1345 2119 1382 2193 9.
1485 2123 1546 2192 to.
1570 2123 1636 2190 Va-

432 2247 535 2319 lerius
548 2246 664 2318 Antias
681 2257 881 2339 quaternum
898 2247 1029 2318 milium
1046 2246 1156 2341 pondo
1173 2247 1303 2340 argenti
1319 2247 1461 2339 vectigal
1474 2247 1510 2317 in
1524 2247 1634 2316 decem

432 2393 535 2444 annos
561 2370 740 2465 inpositum
764 2370 839 2462 regi
864 2371 981 2452 tradit,
1015 2372 1173 2444 Claudius
1206 2373 1239 2443 in
1264 2395 1369 2444 annos
1393 2371 1530 2463 triginta
1553 2393 1635 2465 qoa-

432 2507 526 2568 terna
546 2499 641 2569 milis
664 2498 775 2592 pondo
801 2507 833 2567 et
857 2498 1050 2580 ducentum,
1075 2521 1231 2592 praesens
1254 2499 1374 2591 viginti
1397 2499 1494 2570 milis
1517 2496 1636 2590 pondo.

432 2623 525 2693 ldem
551 2620 746 2691 nominatim
772 2620 940 2692 adiectum
965 2621 1090 2704 scribit,
1116 2645 1158 2693 ne
1184 2645 1262 2694 cum
1279 2625 1431 2694 Eumene
1449 2621 1553 2693 Attali
1569 2619 1635 2690 lilio

431 2739 548 2836 (noros
574 2743 698 2814 istum
723 2766 784 2813 rex
809 2740 892 2835 erat)
917 2744 1044 2816 bellum
1062 2755 1193 2838 gereret
1219 2797 1285 2815 ...
1311 2745 1422 2817 Atlioit
1435 2745 1555 2816 Antias
1571 2746 1635 2814 Va-

434 2870 536 2942 lerios
569 2869 679 2941 Attalo
717 2867 846 2938 absenti
883 2869 1048 2960 Aeginam
1089 2869 1233 2942 insulam
1257 2867 1519 2963 elephantosque
1554 2868 1635 2940 dono

432 2994 543 3078 datos,
582 3003 616 3063 et
647 2991 785 3063 Rhodiis
819 2992 1059 3064 Stratoniceam
1091 2994 1277 3087 Cariaeque
1308 2995 1391 3064 alias
1424 2994 1525 3065 urbes
1557 3013 1634 3086 qoss

432 3119 605 3211 Philippus
629 3115 798 3197 tenuisset,
824 3115 1081 3188 Atheniensibus
1107 3117 1231 3189 insulas
1256 3119 1347 3190 (letas
1364 3123 1544 3200 Lemnum,
1571 3119 1635 3188 lm-

432 3246 541 3327 brom,
567 3245 700 3324 Delum,
729 3243 880 3336 Scyrum.
922 3242 1116 3326 11111133,
1143 3242 1203 3327 30,
1227 3243 1253 3317 8
1275 3269 1342 3338 sqq.
1448 3246 1510 3316 l'l.
1535 3247 1573 3316 ln
1596 3267 1635 3316 eo

431 3368 560 3464 proelio
584 3389 684 3460 snpra
709 3366 933 3460 quadraginta
957 3367 1050 3438 milia
1075 3367 1251 3440 hominum
1276 3391 1373 3440 caesa
1393 3369 1546 3442 Valerios
1567 3371 1635 3441 An·

432 3493 493 3564 tias
517 3491 643 3574 scribit,
669 3491 859 3581 octingenta
883 3501 1008 3584 septem
1026 3492 1121 3584 signa
1143 3493 1301 3565 militaria
1321 3505 1417 3588 capta
1433 3505 1466 3564 et
1482 3503 1634 3588 carpenta

432 3619 641 3711 septingenta
666 3619 801 3711 triginta
825 3618 893 3690 duo
917 3631 950 3690 et
975 3642 1093 3691 aureos
1119 3632 1253 3715 torques
1279 3623 1416 3705 multos,
1450 3643 1495 3692 ex
1519 3621 1635 3716 quibos

432 3765 536 3815 nuum
569 3743 684 3833 magni
714 3743 870 3837 ponderis
902 3743 1060 3816 Claudius
1093 3746 1128 3815 in
1159 3747 1324 3840 Capitolio
1354 3747 1424 3818 lori
1454 3745 1579 3817 slonnm
1602 3745 1634 3813 in

432 3868 515 3938 aede
546 3869 690 3963 positum
721 3868 845 3938 scribit.
894 3871 1007 3940 binim
1032 3867 1093 3951 33,
1122 3868 1184 3952 36,
1219 3869 1275 3943 ts
1375 3871 1436 3942 ls8.
1467 3870 1633 3949 Claudius,

431 3991 491 4084 qui
518 3990 570 4062 his
594 4001 776 4084 pugnatum
807 3991 842 4060 in
868 3992 1011 4086 Olympo
1042 4005 1153 4064 monte
1182 3994 1305 4078 scribit,
1344 3995 1388 4065 asl
1417 3994 1634 4088 qnadraginta

431 4113 526 4184 milia
551 4113 725 4185 hominnm
751 4124 942 4186 auctorest
967 4137 1078 4200 caesa;
1112 4117 1265 4188 Valerius
1289 4119 1417 4199 Antias,
1448 4118 1507 4213 qui
1532 4117 1634 4210 magis

432 4238 617 4309 inmodicos
650 4239 685 4308 in
719 4261 858 4310 numero
891 4241 1047 4331 augendo
1077 4265 1148 4312 esse
1179 4243 1273 4326 solet,
1311 4266 1379 4314 non
1415 4244 1491 4336 plus
1524 4244 1633 4313 docem

431 4363 536 4434 milia.
578 4367 691 4436 bivios
707 4363 766 4450 38,
785 4364 846 4451 23,
864 4365 900 4440 8.
1002 4368 1062 4439 19.
1088 4370 1246 4441 Claudios
1272 4383 1388 4442 auctor
1413 4383 1463 4442 est
1478 4372 1523 4442 ad
1539 4371 1634 4464 quin·

431 4485 540 4555 <lecim
558 4488 651 4559 milia
673 4490 860 4561 Thraecum
886 4493 1096 4584 praecedenti
1122 4495 1165 4564 ad
1191 4495 1395 4586 exploranda
1420 4495 1496 4564 loca
1519 4515 1632 4586 agmen

431 4611 564 4682 blnttini
588 4612 753 4682 Numidae
778 4615 976 4697 occurrisse3
1003 4617 1263 4710 quadringentos
1288 4618 1417 4710 equites
1443 4618 1543 4688 luisse
1566 4618 1633 4685 Nn-

431 4733 547 4818 midos,
573 4758 696 4828 paucos
727 4737 942 4830 elephantos;
976 4742 1124 4832 bluttinis
1152 4741 1259 4813 lilium
1290 4765 1349 4833 per
1379 4743 1507 4814 medios
1536 4739 1632 4812 bostis
