3610 5592
507 671 554 742 32

505 893 593 965 saepe
616 867 903 960 Carthaginienses
921 863 964 936 et'
978 867 1012 936 in
1038 889 1120 959 pace
1145 878 1178 936 et
1201 889 1261 960 per
1286 867 1427 937 indutias
1452 867 1555 937 multa
1579 867 1694 936 nelarie

506 997 654 1068 laeinora
678 995 848 1074 fecissent,
875 1015 1056 1086 numquam
1082 992 1143 1086 ipsi
1168 1015 1227 1085 per
1243 993 1448 1062 occasionem
1474 991 1552 1062 tolia
1576 992 1693 1068 lenerez

506 1120 626 1212 magis,
661 1117 741 1212 quid
774 1139 809 1186 se
843 1116 982 1208 dignum
1007 1116 1106 1195 foret,
1141 1137 1242 1209 quam
1268 1115 1349 1208 quid
1374 1115 1408 1184 in
1434 1114 1507 1184 illos
1534 1113 1604 1184 iure
1628 1113 1695 1182 lieri

505 1254 631 1339 posset,
657 1241 862 1336 merebant.
913 1243 987 1310 lloo
1013 1241 1090 1310 item
1115 1239 1207 1311 vohis
1232 1239 1471 1333 providendum
1500 1248 1564 1319 est,
1595 1249 1695 1331 patres

506 1368 697 1462 conscripti,
729 1389 772 1436 ne
796 1367 871 1460 plus
903 1364 990 1457 apud
1015 1387 1072 1434 vos
1103 1365 1211 1435 valeat
1235 1367 1270 1435 P.
1296 1365 1428 1437 Lentuli
1462 1374 1494 1434 et
1519 1373 1696 1432 ceterorum

506 1493 613 1562 scelus
650 1512 751 1584 quam
784 1499 893 1559 vestra
925 1487 1084 1580 dignitas3
1121 1510 1188 1558 neu
1221 1489 1328 1580 magis
1362 1488 1420 1558 irae
1453 1496 1572 1557 vestrae
1605 1509 1698 1580 quam

506 1619 602 1688 lamae
627 1614 815 1686 consulatis.
857 1615 942 1683 Nam
966 1613 995 1681 si
1019 1611 1119 1703 digno
1144 1634 1242 1705 poena
1266 1634 1327 1705 pro
1351 1611 1444 1682 laetis
1469 1634 1583 1682 eorum
1608 1633 1701 1702 repe·

505 1742 599 1821 uitur,
618 1760 739 1809 novum
757 1735 931 1806 eonsilium
949 1735 1111 1828 approbo;
1136 1735 1187 1804 sin
1205 1734 1397 1825 magnitudo
1414 1733 1547 1805 sceleris
1559 1734 1702 1804 omnium

506 1865 640 1957 ingenie
671 1869 846 1954 exuperat,
882 1859 933 1930 his
967 1858 1126 1929 utendum
1151 1881 1285 1940 censeo,
1318 1883 1392 1953 quae
1418 1859 1548 1949 legibus
1573 1881 1704 1952 eompa-

506 2000 577 2062 rata
601 1997 686 2058 sunt.
736 1985 890 2078 Plerique
916 2006 1050 2062 eorum,
1076 1983 1235 2075 quiante
1261 2005 1315 2054 me
1340 1983 1516 2052 sententias
1542 1982 1704 2063 dixerunt,

507 2113 686 2208 composite
712 2121 811 2204 atque
843 2107 1023 2200 magnifice
1058 2129 1170 2178 casum
1203 2108 1254 2178 rei
1278 2107 1419 2201 publieae
1444 2107 1589 2178 miserati
1614 2117 1706 2184 sunt:

506 2259 581 2330 quae
606 2235 688 2306 belli
712 2233 836 2304 saevitia
860 2241 959 2314 esset,
994 2253 1069 2323 qum
1096 2230 1189 2302 vietis
1214 2229 1417 2313 acciderent,
1452 2253 1706 2310 enumeravero:

506 2360 580 2454 rapi
604 2358 768 2450 virgines,
806 2377 941 2448 pueros3
979 2353 1092 2424 divelli
1118 2352 1239 2423 liberos
1268 2364 1485 2447 operantum
1515 2355 1707 2448 compleam

506 2493 627 2554 matres
660 2481 860 2552 familiarum
898 2478 981 2572 pati,
1015 2501 1090 2571 quae
1129 2477 1304 2548 victoribus
1338 2478 1592 2559 conlibuissent3
1635 2479 1711 2549 lana

507 2617 605 2700 atque
631 2602 908 2695 domosspoliari3
935 2600 1076 2682 caedem,
1107 2600 1261 2670 incendia
1285 2599 1378 2684 lieri;
1404 2610 1571 2694 postremo
1596 2603 1709 2683 armis,

507 2727 738 2808 cadaveribus,
779 2747 896 2794 cruore
936 2735 1033 2817 atquo
1070 2723 1161 2795 luctu
1185 2723 1296 2794 omnio
1332 2724 1504 2817 compleri.
1555 2725 1619 2795 Sed
1651 2749 1712 2818 per

507 2849 586 2922 deos
625 2849 815 2920 inmortales
846 2870 913 2940 quo
953 2846 1012 2917 illa
1044 2845 1151 2918 oratio
1183 2846 1364 2939 pertinuit?
1402 2869 1445 2916 au
1484 2847 1530 2918 uti
1563 2871 1620 2919 vos
1661 2851 1715 2920 iu-

507 2979 604 3047 lestos
638 2974 855 3046 coniurationi
893 2972 1037 3043 laceret?
1075 2972 1201 3043 scilicet
1233 2995 1333 3066 quem
1364 2995 1417 3042 res
1458 2983 1546 3045 tanta
1579 2986 1611 3044 et
1647 2987 1716 3046 tam

507 3111 603 3172 atrox
626 3123 692 3170 non
717 3095 898 3192 permovit,
925 3117 1002 3166 eum
1018 3094 1123 3165 oratio
1139 3095 1309 3165 acoendet.
1347 3097 1422 3166 Nou
1440 3096 1484 3167 ita
1509 3109 1571 3180 est,
1599 3122 1714 3192 neque

507 3226 663 3318 cuiquam
697 3219 886 3291 mortalium
920 3217 1051 3288 iniuriae
1088 3240 1156 3288 sure
1181 3241 1290 3311 parvm
1316 3218 1486 3299 videntum
1522 3221 1620 3291 multi
1657 3245 1715 3292 eas

507 3349 640 3440 gravius
677 3369 772 3439 aequo
804 3344 961 3414 habuere.
1012 3341 1077 3412 Sed
1114 3341 1180 3412 alia
1217 3342 1291 3412 aliis
1328 3343 1462 3415 licentio
1499 3356 1563 3426 est,
1602 3357 1717 3437 patres

507 3468 694 3562 conscripti.
746 3466 814 3550 Qui
848 3464 984 3535 demissi
1020 3464 1055 3534 in
1093 3464 1233 3535 obscuro
1266 3466 1367 3536 vitam
1400 3466 1539 3552 hebent,
1577 3471 1605 3538 si
1635 3471 1721 3562 quid

508 3592 679 3664 iracundia
704 3589 892 3682 deliquere,
918 3587 1016 3680 pauci
1041 3587 1164 3669 sciunt,
1198 3589 1286 3658 lama
1318 3601 1417 3683 atque
1443 3592 1571 3661 fortuna
1599 3615 1722 3662 eorum

506 3739 603 3812 peres
636 3725 732 3797 suut3
770 3712 828 3807 qui
862 3733 985 3804 magno
1019 3712 1157 3804 imperio
1190 3713 1318 3805 prediti
1352 3713 1387 3784 in
1420 3717 1551 3787 excelso
1584 3727 1724 3786 aetatem

508 3850 623 3932 egum,
658 3859 773 3910 eorum
798 3837 884 3906 lacta
909 3835 1019 3905 cuncti
1045 3834 1199 3905 mortales
1228 3857 1362 3906 novere.
1412 3840 1461 3917 lta
1497 3837 1532 3907 in
1556 3860 1726 3910 maxuma

508 3966 639 4035 fortune
678 3962 829 4032 minuma
861 3959 995 4028 lieentia
1029 3968 1095 4040 est;
1131 3979 1240 4052 neque
1276 3959 1408 4029 studere
1451 3983 1560 4054 neque
1594 3963 1727 4046 odisse,

508 4089 566 4160 sed
590 4087 739 4156 minume
765 4084 863 4154 irasci
889 4083 993 4152 deret.
1037 4082 1121 4165 Qum
1155 4081 1243 4176 apud
1275 4083 1359 4154 alios
1385 4085 1557 4156 iracundia
1583 4084 1727 4168 dieitur,

509 4211 608 4282 eain
634 4207 773 4301 imperio
798 4205 952 4300 superbia
977 4214 1076 4298 atque
1102 4204 1279 4276 erudelitas
1307 4207 1504 4299 appellatur.
1546 4209 1729 4304 Equidem

508 4359 572 4429 ego
603 4335 650 4404 sie
679 4343 830 4414 omnmo,
869 4340 977 4423 patres
1002 4329 1193 4422 conscripti,
1231 4351 1346 4399 omnes
1370 4332 1533 4404 eruciatus
1570 4335 1731 4404 minores

508 4483 609 4554 quam
634 4458 782 4529 facinora
807 4455 940 4525 illorum
967 4475 1055 4536 esse;
1090 4454 1149 4524 sed
1181 4454 1334 4548 plerique
1367 4457 1524 4527 mortales
1548 4471 1732 4551 postremo

508 4583 706 4663 meminere,
746 4591 779 4648 et
810 4579 844 4647 in
875 4577 1063 4648 hominibus
1097 4577 1207 4670 impiis
1239 4578 1373 4648 sceleris
1405 4600 1521 4649 eorum
1554 4580 1654 4652 obliti
1685 4583 1731 4651 de

508 4735 606 4808 puna
631 4710 812 4787 disserunt,
839 4704 866 4772 si
892 4725 932 4772 ea
958 4701 1057 4793 paulo
1086 4701 1203 4773 saerior
1228 4701 1299 4772 luit.
1341 4703 1383 4772 D.
1410 4702 1579 4790 Silanum,
1607 4706 1731 4778 virum
