3526 5604
419 659 489 726 290

417 881 495 926 arae
521 867 686 927 sacratum
713 869 809 938 esset,
836 867 935 948 atque
962 856 1003 925 ab
1030 880 1070 926 ea
1095 879 1132 927 re
1158 856 1268 926 divina
1295 858 1439 928 lemicae
1465 860 1499 929 in
1523 873 1613 931 totum
1753 855 1754 911 l

416 993 576 1052 remotae.
628 980 721 1048 Haec
747 979 879 1049 Cassius
904 979 962 1050 lib.
992 980 1023 1050 1.
1051 983 1130 1050 Aur.
1163 983 1265 1050 Victor
1293 983 1332 1050 dc
1357 985 1440 1075 orip.
1466 1008 1498 1074 9.
1525 987 1562 1054 R.
1587 983 1614 1055 6.
1753 999 1754 1006 ’

416 1112 474 1201 cfr.
502 1108 630 1178 smsn
655 1108 699 1176 ac
730 1107 817 1197 roy.
844 1108 923 1175 an.
948 1104 985 1188 s,
1014 1105 1094 1178 190.
1122 1106 1207 1179 203.
1314 1109 1347 1177 s.
1376 1110 1523 1178 neman
1546 1108 1614 1181 ou.
1753 1059 1754 1140 ἶ

416 1234 474 1303 lib.
501 1237 535 1303 l:
570 1234 713 1327 prudens
739 1233 923 1326 perplexim
952 1226 1146 1324 [σκοτεινῶς]
1174 1235 1288 1305 scribit
1314 1231 1508 1328 [Tarpeial]
1555 1235 1616 1304 No-
1753 1281 1754 1286 κ

414 1360 490 1426 nius
511 1381 546 1449 p.
573 1355 657 1437 515,
688 1355 744 1428 19.
847 1357 881 1426 6.
908 1356 1049 1427 Additur
1084 1359 1183 1427 etiam
1210 1380 1230 1426 a
1256 1360 1293 1428 L.
1322 1357 1436 1428 Cassio
1462 1360 1613 1438 censorio,

416 1481 577 1550 miraculo
601 1480 710 1571 magis
726 1483 864 1550 Aenean
891 1479 993 1572 patris
1020 1476 1194 1570 [dipsitotc
1210 1480 1420 1568 sanctio]rem
1448 1481 1533 1550 inter
1558 1480 1614 1550 bo-
1753 1495 1754 1556 ἶ

414 1614 479 1673 stes
496 1603 655 1672 intactum
681 1604 908 1696 properavisse
943 1604 1172 1696 concessisque
1204 1604 1235 1672 ei
1265 1603 1404 1674 navibus
1434 1605 1469 1674 in
1487 1581 1612 1676 'ltaliam
1753 1621 1754 1684 t

414 1727 600 1815 navigasse.
653 1726 747 1797 ldcm
773 1723 932 1812 [Varrol]
959 1725 1173 1796 historiarum
1199 1726 1285 1796 libro
1310 1729 1326 1796 1
1352 1727 1409 1809 ait,
1438 1729 1501 1797 llio
1526 1738 1614 1819 capto

414 1851 540 1919 Aenean
569 1873 639 1920 cum
673 1851 725 1919 dis
750 1849 923 1919 Penatibus
958 1850 1082 1918 umeris
1116 1849 1266 1941 inpositis
1296 1849 1445 1942 erupisse
1471 1851 1615 1944 duosque

413 1976 499 2046 lilios
525 1976 704 2045 Ascanium
736 1986 768 2043 et
793 1974 985 2068 Eurybaten
1019 1974 1177 2044 bracchio
1209 1975 1280 2043 eius
1305 1975 1438 2044 innixos
1463 1987 1538 2047 aute
1561 2000 1617 2046 ora
1753 2069 1754 2088 ἢ

414 2101 557 2170 bostium
582 2115 839 2192 praetcrprcssos,
866 2101 959 2170 dutus
985 2100 1085 2170 etiam
1112 2099 1141 2168 ei
1165 2122 1265 2170 naves
1286 2121 1561 2192 concessumque,
1585 2111 1619 2170 ut

413 2247 495 2316 quas
513 2224 613 2294 vellet
638 2225 679 2295 de
705 2225 844 2294 navibus
869 2247 1006 2295 securus
1032 2224 1176 2294 veheret.
1214 2224 1341 2294 Scholia
1366 2227 1554 2295 Veronam-'o
1578 2227 1618 2296 od

420 2350 505 2441 Vcrp.
533 2351 608 2418 Aca.
636 2347 670 2427 2,
700 2347 783 2418 717.
885 2351 919 2416 7.
947 2347 1079 2418 Cassius
1097 2347 1244 2416 Hemina
1268 2346 1359 2428 dicit,
1387 2348 1617 2418 Samothracas

413 2475 491 2545 deos
517 2475 719 2566 eosdemque
737 2475 964 2545 Romanorum
991 2477 1127 2543 Penates
1154 2475 1286 2567 proprie
1313 2475 1377 2544 dici
1403 2478 1505 2566 θεοὺς
1524 2479 1617 2573 psyi-

411 2611 495 2688 loos,
517 2601 618 2687 θεοιῖς
638 2603 807 2698 χρηστούς,
832 2601 934 2687 θεούς
953 2601 1117 2687 δυνατούς.
1161 2601 1342 2670 Macrobius
1362 2601 1494 2671 Saturis·
1522 2599 1557 2677 3.
1583 2597 1617 2670 4·

412 2725 540 2794 Seruius
565 2725 609 2792 od
631 2723 718 2814 Vcrp.
733 2725 809 2792 Aca.
832 2723 863 2802 1,
882 2721 965 2793 382.
1069 2723 1102 2792 8.
1121 2726 1190 2792 Nec
1208 2723 1366 2793 omissum
1389 2724 1442 2806 sit,
1468 2726 1617 2794 Aeneam

412 2858 534 2917 aestate
560 2847 602 2916 ab
634 2845 694 2916 llio
727 2857 823 2939 capto
848 2847 994 2916 secunda
1020 2846 1142 2916 Italicis
1178 2845 1327 2916 litoribus
1359 2847 1550 2939 appulsum,
1583 2859 1617 2918 ut

412 2973 556 3042 Hemina
583 2973 689 3053 tradit,
716 2973 813 3042 sociis
839 2996 905 3042 oon
933 2973 1075 3066 amplius
1101 2974 1264 3042 sexcentis
1291 2973 1325 3042 in
1351 2996 1432 3065 agro
1458 2975 1616 3044 Laurenti

411 3096 559 3188 posuisse
586 3107 709 3176 castra:
745 3095 801 3164 ubi
834 3096 914 3166 dum
939 3097 1155 3167 simulacrum
1182 3097 1271 3188 quod
1297 3120 1409 3166 secum
1435 3121 1477 3166 ex
1505 3099 1617 3169 Sicilia

411 3220 601 3299 advexerat,
636 3218 769 3288 dedicat
792 3220 916 3289 Veneri
941 3220 1050 3300 matri,
1078 3243 1164 3312 quae
1189 3220 1298 3290 Frutis
1323 3220 1455 3300 dicitur,
1488 3244 1508 3290 a
1534 3223 1618 3292 Dio-

410 3344 506 3414 mede
532 3343 716 3414 l'alladium
741 3344 877 3437 suscipit
902 3355 964 3412 etc.
1000 3345 1129 3414 Solinus
1150 3345 1258 3436 polyb.
1286 3342 1322 3416 8.
1426 3347 1461 3415 9.
1492 3347 1616 3416 Histor.

410 3469 554 3538 Hemina
580 3467 638 3538 lib.
670 3467 705 3538 l:
732 3478 764 3536 et
788 3478 858 3538 tum
884 3491 951 3558 quo
977 3468 1065 3536 irent
1089 3467 1290 3548 nesciebant,
1317 3467 1394 3537 ilico
1412 3481 1615 3540 manserunt.

409 3591 471 3661 His
497 3592 724 3683 persuadetur,
755 3593 832 3661 ilico
859 3605 1050 3673 manerent;
1084 3615 1160 3684 pars
1186 3592 1263 3661 ilico
1295 3604 1442 3661 manent.
1491 3595 1617 3662 Nonius

405 3741 440 3808 p.
467 3713 550 3796 325,
577 3713 613 3786 8.
717 3716 773 3786 10.
799 3716 850 3785 De
879 3717 1025 3785 Homero
1056 3727 1089 3784 et
1114 3715 1260 3785 Hesiodo
1292 3716 1377 3786 inter
1403 3737 1521 3785 omnes
1547 3715 1617 3785 lere

408 3841 582 3932 scriptores
612 3839 766 3919 constitit,
799 3851 941 3910 aetatem
974 3863 1031 3909 cos
1066 3840 1172 3931 egisse
1203 3840 1319 3910 iisdem
1352 3841 1422 3909 lere
1455 3839 1617 3931 tempori·

407 3965 468 4034 bus
579 3962 689 4032 Silviis
714 3947 821 4032 Albae
853 3963 1081 4055 regnantibus,
1112 3965 1207 4033 annis
1241 3975 1313 4057 post
1341 3963 1469 4034 bellum
1495 3964 1617 4034 Troia·

407 4109 499 4166 num,
527 4095 562 4156 ut
579 4085 712 4156 Cassius
738 4086 772 4154 in
791 4086 899 4178 primo
925 4087 1098 4160 annalium
1120 4087 1161 4157 dc
1178 4089 1327 4156 Homero
1346 4095 1446 4178 atque
1463 4088 1617 4159 Hesiodo

406 4213 563 4306 scriptum
589 4211 736 4304 reliquit,
763 4213 837 4304 plus
863 4222 996 4283 centum
1022 4224 1120 4305 atquc
1145 4211 1317 4304 sexaginta
1345 4211 1452 4281 aunis.
1494 4213 1617 4282 Gellius

408 4336 464 4418 17,
491 4335 551 4418 21,
579 4335 612 4407 3.
718 4338 773 4405 11.
799 4321 1095 4428 ‘Grunnitporcus'
1120 4337 1272 4416 dicimus,
1299 4346 1425 4406 veteres
1451 4337 1615 4428 grundire

404 4461 560 4532 dicebant
676 4460 753 4530 binc
785 4485 918 4554 quoque
944 4461 1122 4532 Grundiles
1146 4465 1249 4532 Lares
1281 4461 1384 4530 dictos
1410 4460 1616 4553 accepimus,

404 4608 487 4678 quos
512 4585 673 4654 Romulus
708 4584 918 4654 constituisse
945 4583 1064 4655 dicitur
1099 4585 1322 4658 inhonorem
1350 4586 1490 4666 scrofae,
1525 4606 1615 4675 qnae

403 4707 538 4798 triginta
564 4717 739 4799 pepererat
763 4728 892 4798 porcos.
945 4710 1018 4777 Hoc
1045 4709 1089 4777 ita
1114 4731 1185 4778 esse
1212 4707 1356 4780 affirmat
1372 4708 1505 4779 Cassius
1523 4703 1615 4791 [He-
