3526 5604
1271 655 1342 726 369

126 847 300 926 omnium,
334 847 393 941 qui
418 869 473 916 eas
499 869 552 917 res
582 848 708 930 dixere,
742 859 943 943 persecutus,
979 873 1094 943 parum
1127 851 1209 922 mihi
1236 852 1342 924 libero

127 983 203 1040 ore‘
221 971 351 1040 locutus
369 969 507 1040 ridetur.
551 973 709 1043 Salustius
725 974 881 1065 lupurtlra
900 971 959 1044 95.
1000 974 1100 1045 Vobis
1123 977 1241 1067 'utique
1266 999 1344 1046 ver·

127 1104 251 1164 santur
278 1107 353 1164 ante
378 1096 490 1164 oculos
516 1097 573 1190 qui
592 1097 758 1168 Lucilium
784 1120 845 1189 pro
862 1099 1000 1168 Horatio
1025 1109 1058 1167 et
1074 1100 1265 1169 Lucretium
1282 1123 1343 1193 pro

127 1218 280 1309 Virgilio
311 1220 437 1311 legunt.
475 1220 595 1313 quibus
630 1222 820 1313 eloquentia
843 1221 968 1293 Aufidii
1002 1223 1095 1292 Bassi
1129 1234 1185 1294 aut
1211 1225 1344 1294 Servilii

128 1343 282 1412 Noniani
316 1366 359 1413 ex
392 1345 636 1436 comparatione
663 1345 822 1415 Sisennae
855 1356 911 1416 aut
936 1346 1093 1418 Varronis
1122 1347 1242 1418 sordet.
1285 1348 1344 1417 lo-

130 1481 235 1536 certus
261 1469 299 1537 ia
324 1469 453 1560 dialapo
478 1471 516 1538 de
541 1469 720 1539 maturitas
748 1467 809 1540 23.
857 1470 1037 1541 Historiam
1071 1495 1204 1566 quoque
1237 1473 1344 1567 scrip-

128 1617 207 1663 sere
236 1645 304 1662 ...
332 1595 489 1664 Seisenna
515 1595 711 1687 longinque.
754 1596 871 1666 llonta
896 1599 983 1688 epist.
1010 1600 1054 1668 acl
1085 1599 1194 1668 Veram
1216 1624 1249 1692 p.
1273 1598 1339 1670 171

129 1719 225 1786 liam.
246 1717 352 1786 Vertit
363 1717 528 1789 Aristiden
542 1717 690 1798 Sisenna,
710 1741 772 1788 nec
788 1717 894 1788 obluit
911 1719 959 1789 illi
978 1720 1144 1790 Historiae
1162 1732 1272 1815 turpes
1289 1723 1343 1793 in·

129 1841 278 1910 seruisse
298 1841 396 1910 iocos.
437 1841 573 1911 Ouidius
590 1841 743 1910 Tristibus
759 1840 794 1922 2,
808 1839 893 1913 443.
908 1840 991 1913 413.
1026 1845 1214 1915 Plutarchus
1231 1847 1343 1916 Crasso

130 1961 193 2034 32.
238 1960 492 2034 Animadvertas
524 1963 745 2056 particulatim
776 1965 945 2057 elegantes
1064 1969 1174 2036 Attum
1205 1969 1239 2038 in
1267 1992 1342 2040 mu-

130 2087 309 2169 liebribus,
343 2089 517 2158 Sisennam
544 2089 577 2158 in
609 2089 750 2160 lascivis.
796 2091 911 2161 mauro
938 2116 972 2184 p.
998 2091 1046 2164 95
1072 2095 1162 2162 Rom.
1204 2095 1342 2166 Sisenna

129 2210 343 2280 Milesiarum
376 2210 461 2281 libro
487 2214 564 2282 Xlll
598 2236 618 2283 a
650 2213 797 2284 Charisia
822 2215 860 2284 ll
883 2239 947 2284 ooo
981 2238 1057 2286 rara
1082 2219 1207 2288 citatm.
1255 2221 1343 2290 ldera

131 2335 303 2404 marsim
334 2347 360 2402 ct
394 2335 528 2427 Rufinus
553 2335 704 2406 &saraae
736 2341 972 2408 commentarios
996 2339 1221 2409 Hautiuarum
1244 2342 1342 2433 [adu-

131 2459 242 2528 lorum
267 2459 517 2550 Amphitryonis,
549 2461 747 2542 Aululariam
779 2463 992 2554 Oapticarum,
1019 2464 1161 2546 Pacuuii,
1189 2467 1342 2536 liudemis

129 2597 263 2652 norunt.
321 2585 372 2652 td
400 2585 519 2652 cosdem
541 2587 674 2676 sortasse
697 2587 861 2678 reserenda
885 2600 958 2654 suot
982 2609 1062 2677 puae
1089 2591 1294 2680 proferuntur
1321 2613 1342 2660 a
1411 2653 1417 2666 .

133 2709 279 2778 Varrone
302 2710 341 2777 clc
355 2710 392 2777 t.
412 2710 448 2777 1..
467 2705 502 2788 8,
524 2706 583 2779 73.
610 2709 756 2778 Gitan'sio
774 2709 805 2790 1,
828 2708 883 2790 18,
907 2707 965 2780 34.
994 2709 1025 2790 1,
1043 2710 1103 2790 21,
1132 2711 1186 2784 16.
1224 2715 1342 2784 Gram-

129 2833 249 2901 matico
261 2831 445 2901 Eodliclrcri
462 2856 495 2923 p.
515 2831 600 2902 220.
651 2833 751 2902 Paulo
769 2835 915 2904 Diacouo
935 2858 960 2903 s.
978 2859 1009 2904 u.
1035 2837 1244 2907 meditareris.
1287 2838 1342 2908 Si-

130 2977 237 3024 senna
264 2966 377 3025 antem
401 2957 496 3049 quasi
522 2955 716 3026 emendator
734 2957 895 3026 sermonis
918 2959 1025 3027 usitati
1045 2981 1120 3028 cum
1142 2981 1212 3030 esse
1231 2962 1340 3044 vellet,

131 3104 173 3150 ne
192 3105 211 3151 a
231 3082 269 3152 C.
285 3082 386 3151 Rusio
403 3082 538 3175 quidem
557 3094 747 3152 accusatore
763 3083 921 3154 deterreri
942 3085 1046 3176 potuit
1066 3086 1242 3176 quominus
1263 3086 1341 3155 inu-

131 3207 235 3276 sitatis
249 3205 359 3276 verbis
376 3217 523 3276 uteretur
538 3219 600 3276 ete.
635 3207 699 3276 Sed
716 3208 773 3277 ille
794 3220 903 3278 tamen
922 3209 1093 3278 familiaris
1108 3232 1200 3280 meus
1219 3205 1341 3300 [loqui-

130 3344 185 3400 tur
201 3332 325 3399 Atticm
340 3345 434 3399 natus
451 3353 483 3399 a.
497 3327 599 3417 645]
617 3341 706 3399 recte
722 3331 815 3422 loqui
828 3332 963 3423 putabat
978 3354 1049 3400 esso
1067 3332 1221 3402 inusitate
1237 3331 1337 3427 loqui.

132 3455 239 3524 Cicero
269 3455 372 3523 Bruto
395 3450 454 3533 74,
480 3452 554 3525 259
577 3478 623 3545 sp.
664 3444 851 3526 ‘Assentior'
883 3457 952 3526 iere
978 3479 1093 3526 omnes
1123 3457 1249 3538 dicunt,
1284 3461 1340 3530 Si-

130 3601 236 3648 senna
259 3600 344 3648 unus
359 3563 522 3646 ‘assentio'
545 3579 579 3646 in
599 3590 713 3648 senatu
736 3578 877 3649 dicebat.
924 3580 1018 3651 Varro
1040 3582 1128 3673 apud
1150 3581 1286 3652 Gellium
1302 3581 1337 3663 2,

131 3701 191 3784 25,
207 3702 242 3774 9.
269 3699 533 3786 Ouimc'liauus1‚
553 3700 587 3784 5,
609 3700 665 3772 13.
758 3704 793 3771 2.
822 3695 965 3791 [Aeneas
983 3697 1186 3793 etdntenor]
1205 3705 1338 3774 Troiam

130 3826 317 3920 prodidisse
342 3825 496 3896 dicuntur
522 3826 703 3896 secundum
724 3826 853 3897 Livium
875 3827 1097 3896 ...Sisenna
1124 3837 1234 3899 tamen
1260 3828 1340 3898 dicit

131 3955 241 4023 solum
268 3956 472 4022 Antenorem
505 3951 700 4044 prodidisse.
751 3952 880 4022 Seruius
905 3954 951 4022 ad
976 3954 1065 4042 Vera.
1091 3954 1168 4021 Am.
1196 3951 1226 4033 1,
1252 3944 1337 4023 246.

132 4076 310 4169 Sequenda
336 4088 385 4146 est
408 4076 516 4169 potius
542 4075 639 4157 Livii,
673 4075 831 4144 Sisennae
858 4085 890 4144 et
916 4074 1048 4144 Catonis
1074 4075 1250 4144 auctoritas
1275 4086 1336 4146 etc.

131 4224 281 4294 suprap.
308 4198 392 4280 271,
423 4198 479 4270 13.
529 4201 670 4271 Sisenna
695 4200 738 4268 ab
769 4199 853 4268 urbe
886 4198 1033 4268 condita:
1069 4199 1185 4269 iuxtim
1219 4199 1339 4270 Numi-

132 4326 221 4397 cium
249 4325 373 4396 liumen
401 4326 615 4397 obtmneatur
641 4320 803 4410 [ulmeos]
837 4325 962 4394 Nouius
981 4349 1014 4418 p.
1037 4323 1118 4405 127,
1141 4322 1201 4394 29.
1239 4320 1336 4414 Aras]

131 4450 221 4543 quod
249 4450 294 4520 ibi
320 4449 393 4520 atri
420 4461 452 4519 et
477 4449 618 4520 Romani
649 4447 763 4518 foedus
794 4447 940 4516 inierunt
966 4459 999 4517 et
1022 4447 1104 4517 lines
1131 4447 1260 4539 imperii
1286 4447 1338 4516 sui

132 4576 202 4646 illio
235 4597 306 4645 esse
336 4576 513 4646 voluerunt
642 4573 737 4656 Quae
767 4593 846 4641 arae
876 4594 896 4641 a
922 4571 1061 4642 Sisenna
1094 4570 1252 4664 propitiae
1278 4591 1338 4638 vo-

132 4709 261 4769 cantur.
300 4699 427 4768 Seruius
448 4701 492 4768 ad
513 4701 601 4788 Vorp.
620 4699 696 4766 dm.
719 4696 750 4777 1,
776 4693 855 4766 112.
891 4696 943 4763 ,dd
961 4709 1059 4764 totum
1073 4695 1130 4762 dor
1145 4696 1337 4785 prooemium

1135 4817 1175 4874 24
