3554 5600
397 617 469 687 238

396 839 545 899 030000,
580 817 613 887 10
640 817 842 888 deditionem
869 819 1070 910 acciperent.
1120 817 1180 888 16.
1214 819 1435 910 Amisnmque
1460 819 1613 888 adsideri

396 946 467 1014 sine
494 944 617 1037 praeliis
643 944 810 1015 audiebat.
855 945 914 1015 d'i.
951 939 1052 1034 [Dum
1078 944 1235 1036 paulatim
1261 945 1329 1014 suis
1356 945 1498 1014 invicem
1525 945 1615 1013 sub-

397 1069 544 1150 veniunt,
579 1091 694 1138 omnes
726 1069 761 1137 in
795 1069 922 1139 bellum
948 1063 1179 1159 0030113001]
1223 1069 1282 1138 l8.
1318 1068 1515 1138 Tetrarebas
1551 1091 1615 1137 re-

400 1214 527 1286 gesque
543 1193 672 1263 territos
688 1193 792 1262 animi
810 1193 964 1262 firmavit.
1008 1193 1067 1264 dil.
1094 1193 1160 1277 Qui
1188 1195 1285 1264 uxori
1310 1195 1381 1264 eius
1404 1195 1504 1263 irater
1522 1205 1612 1262 erat.

397 1318 456 1388 50.
483 1320 556 1388 Non
588 1328 622 1387 tn
654 1317 730 1398 scis,
766 1318 794 1386 si
820 1341 903 1410 quas
929 1317 1009 1388 ndis
1035 1317 1123 1409 ignis
1155 1318 1252 1412 cepit,
1284 1316 1374 1389 haud
1404 1318 1499 1388 facile
1529 1327 1615 1385 sunt

395 1442 545 1523 detensa,
563 1443 645 1536 quin
659 1444 780 1514 aeriter
790 1444 1029 1514 comburantur
1038 1445 1233 1537 proxumae?
1260 1445 1319 1514 51.
1337 1447 1492 1537 hlagnam
1503 1467 1613 1512 exor-

395 1585 451 1634 sns
476 1566 672 1636 orationem.
712 1567 772 1637 52.
798 1567 883 1636 Tum
902 1589 982 1636 vero
999 1566 1133 1661 Bithyni
1159 1569 1418 1662 propinquantes
1439 1568 1504 1636 iam
1531 1589 1613 1634 am-

396 1709 474 1759 nem
501 1690 708 1760 Tartanium.
756 1691 815 1761 53.
852 1693 943 1762 Geta
969 1704 1045 1762 sunt
1070 1693 1178 1786 lipsii,
1214 1715 1296 1787 quos
1322 1693 1388 1762 Sal.
1416 1716 1436 1761 a
1462 1690 1612 1761 Lucullo

396 1813 479 1884 dicit
502 1837 573 1883 esse
599 1827 781 1908 superatos.
830 1815 889 1884 5t.
917 1816 1027 1900 Quam
1054 1818 1218 1886 maxumis
1243 1817 1415 1886 itineribus
1440 1838 1499 1908 per
1524 1837 1612 1904 reg-

396 1960 477 2008 num
509 1939 744 2009 Ariobarzanis
782 1939 950 2010 contendit
984 1939 1026 2009 ad
1059 1939 1182 2009 humen
1208 1940 1433 2032 Euphratem
1468 1964 1535 2033 qua
1570 1941 1609 2008 in
1654 1927 1661 1944 ⁸

395 2073 490 2156 parte
516 2061 726 2154 Cappadocia
759 2063 802 2131 ab
834 2063 995 2132 Armenia
1022 2063 1216 2155 diiungitur.
1262 2068 1305 2136 Et
1330 2086 1535 2157 quamquam
1561 2065 1609 2132 ad

395 2189 432 2256 id
465 2209 565 2256 naves
598 2185 772 2256 codicariae
806 2187 935 2256 occulte
970 2209 1030 2279 per
1065 2187 1212 2256 hiemem
1247 2189 1414 2259 fabricata
1452 2188 1608 2257 aderant.

396 2311 456 2380 55.
471 2311 537 2395 001
552 2310 860 2403 progrediebantur
873 2311 1000 2403 equites
1014 2312 1229 2403 cataphracti,
1252 2313 1357 2382 terrea
1370 2315 1461 2381 omni
1479 2313 1608 2404 specie.

397 2435 456 2505 56.
484 2435 644 2505 Curribus
670 2435 797 2504 lalcatis
822 2457 900 2505 usos
926 2459 997 2504 esse
1024 2436 1177 2526 antiquos
1204 2447 1236 2506 et
1252 2435 1365 2506 Livius
1391 2447 1423 2504 et
1441 2436 1609 2506 Salustius

396 2559 528 2628 docent.
572 2559 630 2628 57.
667 2559 839 2638 Salustius,
876 2571 990 2630 auctor
1022 2561 1237 2641 certissimus,
1276 2559 1391 2629 asserit
1416 2561 1547 2652 Tigrim
1573 2571 1610 2628 et

395 2684 600 2778 Euphratem
634 2706 701 2754 uno
737 2685 825 2752 tonte
859 2705 995 2754 manare
1025 2684 1257 2767 inarmonia,
1296 2685 1354 2776 qui
1387 2707 1449 2776 per
1474 2684 1606 2754 diversa

395 2818 512 2879 euntes
547 2806 680 2899 longius
713 2806 925 2890 dividuntur3
965 2829 1040 2901 quae
1073 2820 1183 2877 tamen
1214 2819 1313 2889 terra,
1350 2830 1424 2899 qum
1457 2809 1501 2878 ab
1527 2809 1608 2900 ipsis

396 2931 553 3011 ambitur,
571 2931 810 3024 Mesopotamia
823 2929 953 3001 dicitur.
985 2932 1044 3001 58.
1058 2933 1317 3024 Mesopotameni
1334 2932 1488 3002 homines
1505 2933 1608 3002 elire-

395 3068 480 3126 natae
517 3055 665 3125 libidinis
698 3065 774 3124 sunt
804 3054 837 3123 in
870 3065 1011 3148 utroque
1045 3079 1139 3136 sexu,
1178 3066 1213 3125 ut
1243 3057 1404 3126 Salustius
1437 3057 1606 3126 meminit

396 3181 455 3252 59.
501 3183 652 3272 Namque
691 3179 836 3272 primum
874 3180 1025 3250 Iasonem
1063 3203 1150 3250 novo
1191 3180 1309 3250 itinere
1356 3182 1458 3250 maris
1493 3182 1606 3251 aeetae

396 3427 594 3489 manifestum
617 3432 674 3504 est,
695 3443 764 3488 num
785 3426 913 3487 Servius
934 3431 1048 3488 tantum
1070 3430 1138 3489 adv.
1160 3430 1374 3506 010030110οη
1395 3429 1479 3506 qnod
1501 3431 1528 3489 si
1546 3445 1605 3490 vo·

394 3552 461 3596 rum
491 3539 548 3609 eat,
571 3533 639 3593 haec
659 3534 756 3594 verba
780 3529 879 3610 ipsius
901 3533 1002 3595 Servii
1028 3553 1087 3596 non
1114 3535 1240 3598 Salustii
1266 3541 1344 3597 sunt.
1386 3538 1434 3597 td.
1456 3537 1556 3595 Prisc.
1576 3539 1603 3596 8.

396 3645 443 3702 15.
474 3644 543 3701 119.
593 3643 640 3700 li.
670 3639 757 3701 Serv.
786 3640 826 3700 ad
853 3642 929 3701 Aen.
963 3645 1009 3702 12.
1038 3646 1106 3704 282.
1154 3647 1202 3705 ts.
1228 3644 1337 3704 Arnus.
1367 3662 1391 3704 s.
1421 3663 1450 3703 v.
1476 3649 1602 3704 tetaitus.

395 3753 443 3812 19.
465 3748 545 3809 idom
567 3765 590 3807 s.
614 3765 643 3806 v.
662 3748 759 3824 stater
780 3766 808 3825 p.
824 3749 892 3806 231.
935 3751 982 3809 59.
1005 3748 1093 3810 Char.
1114 3768 1144 3827 p.
1161 3753 1227 3811 tao.
1250 3755 1361 3810 0011100
1381 3769 1420 3810 ax
1442 3754 1523 3812 coni.
1545 3753 1602 3810 ad-

394 3857 503 3934 ditum;
540 3857 600 3916 boo
631 3855 830 3932 fragmentum
863 3854 1023 3916 Charisius
1057 3873 1096 3916 ex
1130 3875 1171 3916 m.
1205 3858 1318 3932 laudat,
1352 3861 1462 3917 nerim
1491 3860 1602 3932 omisit,

394 3965 475 4040 quod
490 3966 562 4023 3010
576 3963 783 4022 comburuntur
802 3961 975 4039 ponendum
997 3964 1054 4022 031.
1096 3962 1156 4022 l’ro
1171 3965 1226 4036 001
1238 3981 1276 4022 00
1292 3966 1373 4040 quod
1394 3965 1425 4024 in
1444 3963 1519 4024 Cod.
1545 3967 1600 4038 031

396 4070 555 4146 legendnm
577 4073 654 4148 0010.
697 4071 745 4128 51.
767 4068 875 4130 Arnus.
898 4087 922 4128 s.
945 4088 973 4128 v.
995 4087 1094 4130 soors.
1110 4089 1138 4148 p.
1161 4073 1229 4130 229.
1271 4074 1319 4130 52.
1344 4071 1424 4131 idom
1438 4091 1462 4131 s.
1477 4091 1506 4131 v.
1518 4089 1600 4148 prop.

394 4196 423 4255 p.
445 4178 514 4236 251.
558 4178 605 4235 53.
628 4173 715 4234 Serv.
738 4175 779 4234 ad
801 4174 878 4234 Aen.
901 4177 927 4233 t.
949 4177 1018 4234 sot.
1062 4179 1109 4236 56.
1131 4175 1206 4238 Non.
1229 4180 1361 4238 53515.
1383 4179 1423 4236 nd
1443 4183 1492 4238 est
1514 4180 1544 4238 in
1559 4179 1599 4237 li-

395 4283 459 4343 bris
475 4283 514 4348 ud
524 4282 563 4341 id.
578 4299 618 4342 ex
629 4281 708 4356 oonj.
724 4279 858 4340 tortasse
873 4277 1051 4357 legendum:
1074 4281 1159 4342 adl).
1172 4284 1191 4342 i.
1207 4300 1232 4343 0.
1243 4284 1423 4362 quingenta.
1459 4285 1599 4344 55101001

395 4391 463 4448 556.
491 4391 536 4448 18.
581 4389 629 4448 56.
651 4385 739 4446 Serv.
762 4387 801 4445 ad
819 4385 894 4444 Aen.
919 4390 944 4445 1.
960 4390 1028 4448 tao.
1050 4385 1188 4449 Lactant.
1210 4389 1250 4448 ad
1264 4389 1339 4451 Stat.
1361 4391 1598 4451 ’1505111515

395 4499 442 4555 57.
464 4495 536 4555 lsid.
561 4497 607 4553 13.
630 4495 678 4553 21.
701 4493 824 4552 llieron.
847 4493 918 4552 loca
939 4493 1031 4554 llebr.
1054 4496 1093 4555 de
1115 4495 1230 4556 Genesi
1244 4496 1319 4574 0pp.
1342 4497 1424 4558 Tum.
1446 4499 1473 4557 3.
1488 4515 1516 4576 p.
1532 4501 1596 4557 2112.

393 4602 504 4662 Vibius
520 4601 591 4676 Seq.
607 4599 859 4674 0080010000.
895 4602 944 4660 58.
960 4599 1061 4660 80101.
1077 4602 1125 4661 ad.
1137 4601 1198 4662 luv.
1208 4601 1299 4662 Satir.
1308 4605 1334 4660 1.
1344 4606 1409 4663 tot.
1445 4606 1492 4664 59.
1502 4604 1596 4663 Prisc.

394 4709 583 4768 611258.
