<?xml version="1.0" encoding="UTF-8"?>
<!DOCTYPE html PUBLIC "-//W3C//DTD XHTML 1.0 Transitional//EN"
    "http://www.w3.org/TR/xhtml1/DTD/xhtml1-transitional.dtd">
<html xmlns="http://www.w3.org/1999/xhtml" xml:lang="en" lang="en">
 <head>
  <title>
</title>
<meta http-equiv="Content-Type" content="text/html;charset=utf-8" />
  <meta name='ocr-system' content='tesseract 3.04.00' />
  <meta name='ocr-capabilities' content='ocr_page ocr_carea ocr_par ocr_line ocrx_word'/>
</head>
<body>
  <div class='ocr_page' id='page_1' title='image "./gaisalustiicris00rothgoog_0192.png"; bbox 0 0 3582 5594; ppageno 0'>
   <div class='ocr_carea' id='block_1_1' title="bbox 1310 639 1379 708">
    <p class='ocr_par' dir='ltr' id='par_1_1' title="bbox 1310 639 1379 708">
     <span class='ocr_line' id='line_1_1' title="bbox 1310 639 1379 708; baseline 0 0"><span class='ocrx_word' id='word_1_1' title='bbox 1310 639 1379 708; x_wconf 83' lang='lat'><strong>155</strong></span> 
     </span>
    </p>
   </div>
   <div class='ocr_carea' id='block_1_2' title="bbox 167 838 1406 4802">
    <p class='ocr_par' dir='ltr' id='par_1_2' title="bbox 167 838 1379 2800">
     <span class='ocr_line' id='line_1_2' title="bbox 168 838 1379 933; baseline 0.003 -27"><span class='ocrx_word' id='word_1_2' title='bbox 168 857 329 930; x_wconf 82' lang='lat' dir='ltr'><strong>prospere</strong></span> <span class='ocrx_word' id='word_1_3' title='bbox 364 838 540 919; x_wconf 81' lang='lat' dir='ltr'><strong>eveniunt3</strong></span> <span class='ocrx_word' id='word_1_4' title='bbox 582 839 661 931; x_wconf 90' lang='lat' dir='ltr'><strong>quia</strong></span> <span class='ocrx_word' id='word_1_5' title='bbox 692 841 870 933; x_wconf 83' lang='lat' dir='ltr'><strong>plerasque</strong></span> <span class='ocrx_word' id='word_1_6' title='bbox 902 863 956 912; x_wconf 90' lang='lat' dir='ltr'><strong>res</strong></span> <span class='ocrx_word' id='word_1_7' title='bbox 990 842 1122 912; x_wconf 81' lang='lat' dir='ltr'><strong>fortuna</strong></span> <span class='ocrx_word' id='word_1_8' title='bbox 1155 863 1198 910; x_wconf 85' lang='lat' dir='ltr'><strong>ex</strong></span> <span class='ocrx_word' id='word_1_9' title='bbox 1229 838 1379 910; x_wconf 81' lang='lat' dir='ltr'>lubidine</span> 
     </span>
     <span class='ocr_line' id='line_1_3' title="bbox 167 961 1378 1058; baseline 0.005 -28"><span class='ocrx_word' id='word_1_10' title='bbox 167 983 228 1030; x_wconf 89' lang='lat' dir='ltr'><strong>sna</strong></span> <span class='ocrx_word' id='word_1_11' title='bbox 246 962 361 1054; x_wconf 87' lang='lat' dir='ltr'><strong>agitat.</strong></span> <span class='ocrx_word' id='word_1_12' title='bbox 405 962 470 1034; x_wconf 89' lang='lat' dir='ltr'><strong>Sed</strong></span> <span class='ocrx_word' id='word_1_13' title='bbox 495 961 580 1032; x_wconf 91' lang='lat' dir='ltr'><strong>mibi</strong></span> <span class='ocrx_word' id='word_1_14' title='bbox 605 962 750 1034; x_wconf 90' lang='lat' dir='ltr'><strong>studium</strong></span> <span class='ocrx_word' id='word_1_15' title='bbox 773 965 1100 1037; x_wconf 87' lang='lat' dir='ltr'><strong>suitadulescentulo</strong></span> <span class='ocrx_word' id='word_1_16' title='bbox 1119 965 1378 1058; x_wconf 90' lang='lat' dir='ltr'><strong>rempublicam</strong></span> 
     </span>
     <span class='ocr_line' id='line_1_4' title="bbox 168 1089 1378 1184; baseline 0.005 -29"><span class='ocrx_word' id='word_1_17' title='bbox 168 1109 355 1178; x_wconf 78' lang='lat' dir='ltr'><strong>capessere,</strong></span> <span class='ocrx_word' id='word_1_18' title='bbox 381 1099 481 1182; x_wconf 89' lang='lat' dir='ltr'><strong>atque</strong></span> <span class='ocrx_word' id='word_1_19' title='bbox 498 1089 533 1159; x_wconf 95' lang='lat' dir='ltr'><strong>in</strong></span> <span class='ocrx_word' id='word_1_20' title='bbox 552 1112 592 1160; x_wconf 90' lang='lat' dir='ltr'><strong>ea</strong></span> <span class='ocrx_word' id='word_1_21' title='bbox 617 1091 846 1183; x_wconf 90' lang='lat' dir='ltr'><strong>cognoscenda</strong></span> <span class='ocrx_word' id='word_1_22' title='bbox 866 1091 1007 1162; x_wconf 84' lang='lat' dir='ltr'><strong>multam</strong></span> <span class='ocrx_word' id='word_1_23' title='bbox 1023 1113 1246 1184; x_wconf 88' lang='lat' dir='ltr'><strong>magnamque</strong></span> <span class='ocrx_word' id='word_1_24' title='bbox 1263 1113 1378 1161; x_wconf 89' lang='lat' dir='ltr'><strong>curam</strong></span> 
     </span>
     <span class='ocr_line' id='line_1_5' title="bbox 168 1211 1379 1308; baseline 0.001 -26"><span class='ocrx_word' id='word_1_25' title='bbox 168 1211 293 1282; x_wconf 88' lang='lat' dir='ltr'><strong>babui:</strong></span> <span class='ocrx_word' id='word_1_26' title='bbox 329 1235 396 1283; x_wconf 92' lang='lat' dir='ltr'><strong>non</strong></span> <span class='ocrx_word' id='word_1_27' title='bbox 423 1212 478 1294; x_wconf 90' lang='lat' dir='ltr'><strong>ita,</strong></span> <span class='ocrx_word' id='word_1_28' title='bbox 509 1224 544 1284; x_wconf 89' lang='lat' dir='ltr'><strong>ut</strong></span> <span class='ocrx_word' id='word_1_29' title='bbox 573 1215 803 1307; x_wconf 86' lang='lat' dir='ltr'><strong>magistratum</strong></span> <span class='ocrx_word' id='word_1_30' title='bbox 828 1215 929 1286; x_wconf 88' lang='lat' dir='ltr'><strong>modo</strong></span> <span class='ocrx_word' id='word_1_31' title='bbox 954 1238 1121 1308; x_wconf 85' lang='lat' dir='ltr'><strong>caperem,</strong></span> <span class='ocrx_word' id='word_1_32' title='bbox 1158 1236 1258 1306; x_wconf 91' lang='lat' dir='ltr'><strong>quem</strong></span> <span class='ocrx_word' id='word_1_33' title='bbox 1281 1214 1379 1285; x_wconf 89' lang='lat' dir='ltr'><strong>muiti</strong></span> 
     </span>
     <span class='ocr_line' id='line_1_6' title="bbox 169 1335 1377 1433; baseline 0.002 -27"><span class='ocrx_word' id='word_1_34' title='bbox 169 1335 268 1406; x_wconf 88' lang='lat' dir='ltr'><strong>malis</strong></span> <span class='ocrx_word' id='word_1_35' title='bbox 294 1336 423 1406; x_wconf 89' lang='lat' dir='ltr'><strong>artibus</strong></span> <span class='ocrx_word' id='word_1_36' title='bbox 441 1337 552 1431; x_wconf 82' lang='lat' dir='ltr'><strong>adepti</strong></span> <span class='ocrx_word' id='word_1_37' title='bbox 570 1345 685 1410; x_wconf 85' lang='lat' dir='ltr'><strong>e‘rant:</strong></span> <span class='ocrx_word' id='word_1_38' title='bbox 720 1338 778 1409; x_wconf 89' lang='lat' dir='ltr'><strong>sed</strong></span> <span class='ocrx_word' id='word_1_39' title='bbox 804 1340 914 1422; x_wconf 90' lang='lat' dir='ltr'><strong>etiam,</strong></span> <span class='ocrx_word' id='word_1_40' title='bbox 940 1349 977 1409; x_wconf 90' lang='lat' dir='ltr'><strong>ut</strong></span> <span class='ocrx_word' id='word_1_41' title='bbox 997 1339 1256 1433; x_wconf 82' lang='lat' dir='ltr'><strong>rempublicam</strong></span> <span class='ocrx_word' id='word_1_42' title='bbox 1274 1338 1377 1419; x_wconf 91' lang='lat' dir='ltr'><strong>domi,</strong></span> 
     </span>
     <span class='ocr_line' id='line_1_7' title="bbox 168 1461 1378 1559; baseline 0.003 -29"><span class='ocrx_word' id='word_1_43' title='bbox 168 1461 379 1554; x_wconf 85' lang='lat' dir='ltr'><strong>militiaeque,</strong></span> <span class='ocrx_word' id='word_1_44' title='bbox 400 1473 628 1558; x_wconf 86' lang='lat' dir='ltr'><strong>quantumque</strong></span> <span class='ocrx_word' id='word_1_45' title='bbox 646 1464 759 1546; x_wconf 89' lang='lat' dir='ltr'><strong>armis,</strong></span> <span class='ocrx_word' id='word_1_46' title='bbox 775 1463 867 1546; x_wconf 87' lang='lat' dir='ltr'><strong>viris,</strong></span> <span class='ocrx_word' id='word_1_47' title='bbox 884 1465 1051 1559; x_wconf 88' lang='lat' dir='ltr'><strong>opulentia</strong></span> <span class='ocrx_word' id='word_1_48' title='bbox 1071 1475 1190 1558; x_wconf 88' lang='lat' dir='ltr'><strong>posset,</strong></span> <span class='ocrx_word' id='word_1_49' title='bbox 1210 1464 1378 1554; x_wconf 88' lang='lat' dir='ltr'><strong>cognitum</strong></span> 
     </span>
     <span class='ocr_line' id='line_1_8' title="bbox 169 1584 1377 1680; baseline 0.002 -24"><span class='ocrx_word' id='word_1_50' title='bbox 169 1584 359 1656; x_wconf 77' lang='lat' dir='ltr'><strong>habuerim.</strong></span> <span class='ocrx_word' id='word_1_51' title='bbox 398 1588 513 1680; x_wconf 89' lang='lat' dir='ltr'><strong>itaque</strong></span> <span class='ocrx_word' id='word_1_52' title='bbox 543 1587 626 1657; x_wconf 91' lang='lat' dir='ltr'><strong>mibi</strong></span> <span class='ocrx_word' id='word_1_53' title='bbox 655 1590 761 1660; x_wconf 89' lang='lat' dir='ltr'><strong>multa</strong></span> <span class='ocrx_word' id='word_1_54' title='bbox 793 1612 871 1660; x_wconf 92' lang='lat' dir='ltr'><strong>cum</strong></span> <span class='ocrx_word' id='word_1_55' title='bbox 896 1589 1008 1659; x_wconf 89' lang='lat' dir='ltr'><strong>animo</strong></span> <span class='ocrx_word' id='word_1_56' title='bbox 1033 1589 1173 1680; x_wconf 78' lang='lat' dir='ltr'><strong>agitanti</strong></span> <span class='ocrx_word' id='word_1_57' title='bbox 1200 1589 1377 1659; x_wconf 90' lang='lat' dir='ltr'><strong>consilium</strong></span> 
     </span>
     <span class='ocr_line' id='line_1_9' title="bbox 169 1710 1379 1808; baseline 0.002 -28"><span class='ocrx_word' id='word_1_58' title='bbox 169 1710 232 1780; x_wconf 82' lang='lat' dir='ltr'><strong>fuit</strong></span> <span class='ocrx_word' id='word_1_59' title='bbox 269 1710 395 1780; x_wconf 78' lang='lat' dir='ltr'><strong>famam</strong></span> <span class='ocrx_word' id='word_1_60' title='bbox 425 1712 687 1805; x_wconf 76' lang='lat' dir='ltr'><strong>modestiamque</strong></span> <span class='ocrx_word' id='word_1_61' title='bbox 727 1736 835 1784; x_wconf 89' lang='lat' dir='ltr'><strong>meam</strong></span> <span class='ocrx_word' id='word_1_62' title='bbox 870 1724 943 1808; x_wconf 87' lang='lat' dir='ltr'><strong>post</strong></span> <span class='ocrx_word' id='word_1_63' title='bbox 972 1724 1061 1783; x_wconf 91' lang='lat' dir='ltr'><strong>tuam</strong></span> <span class='ocrx_word' id='word_1_64' title='bbox 1094 1713 1289 1805; x_wconf 88' lang='lat' dir='ltr'><strong>dignitatem</strong></span> <span class='ocrx_word' id='word_1_65' title='bbox 1314 1712 1379 1783; x_wconf 89' lang='lat' dir='ltr'><strong>ba·-</strong></span> 
     </span>
     <span class='ocr_line' id='line_1_10' title="bbox 169 1834 1377 1931; baseline 0.002 -27"><span class='ocrx_word' id='word_1_66' title='bbox 169 1834 275 1915; x_wconf 87' lang='lat' dir='ltr'><strong>berci,</strong></span> <span class='ocrx_word' id='word_1_67' title='bbox 310 1845 344 1905; x_wconf 89' lang='lat' dir='ltr'><strong>et</strong></span> <span class='ocrx_word' id='word_1_68' title='bbox 376 1834 495 1927; x_wconf 89' lang='lat' dir='ltr'><strong>quoius</strong></span> <span class='ocrx_word' id='word_1_69' title='bbox 528 1835 578 1904; x_wconf 93' lang='lat' dir='ltr'><strong>rei</strong></span> <span class='ocrx_word' id='word_1_70' title='bbox 608 1835 701 1906; x_wconf 89' lang='lat' dir='ltr'><strong>lubet</strong></span> <span class='ocrx_word' id='word_1_71' title='bbox 725 1836 912 1931; x_wconf 89' lang='lat' dir='ltr'><strong>periculum</strong></span> <span class='ocrx_word' id='word_1_72' title='bbox 939 1838 1059 1919; x_wconf 84' lang='lat' dir='ltr'><strong>facere,</strong></span> <span class='ocrx_word' id='word_1_73' title='bbox 1100 1837 1180 1908; x_wconf 92' lang='lat' dir='ltr'><strong>dum</strong></span> <span class='ocrx_word' id='word_1_74' title='bbox 1211 1837 1291 1930; x_wconf 91' lang='lat' dir='ltr'><strong>quid</strong></span> <span class='ocrx_word' id='word_1_75' title='bbox 1316 1838 1377 1908; x_wconf 91' lang='lat' dir='ltr'><strong>tibi</strong></span> 
     </span>
     <span class='ocr_line' id='line_1_11' title="bbox 169 1961 1378 2056; baseline 0.002 -27"><span class='ocrx_word' id='word_1_76' title='bbox 169 1983 212 2030; x_wconf 85' lang='lat' dir='ltr'><strong>cx</strong></span> <span class='ocrx_word' id='word_1_77' title='bbox 230 1983 271 2029; x_wconf 94' lang='lat' dir='ltr'><strong>eo</strong></span> <span class='ocrx_word' id='word_1_78' title='bbox 297 1961 414 2051; x_wconf 76' lang='lat' dir='ltr'><strong>gloriae</strong></span> <span class='ocrx_word' id='word_1_79' title='bbox 439 1961 622 2032; x_wconf 78' lang='lat' dir='ltr'><strong>accederet.</strong></span> <span class='ocrx_word' id='word_1_80' title='bbox 665 1963 769 2056; x_wconf 88' lang='lat' dir='ltr'><strong>idque</strong></span> <span class='ocrx_word' id='word_1_81' title='bbox 799 1986 867 2033; x_wconf 93' lang='lat' dir='ltr'><strong>non</strong></span> <span class='ocrx_word' id='word_1_82' title='bbox 892 1974 1017 2034; x_wconf 90' lang='lat' dir='ltr'><strong>temere</strong></span> <span class='ocrx_word' id='word_1_83' title='bbox 1043 1985 1153 2056; x_wconf 87' lang='lat' dir='ltr'><strong>neque</strong></span> <span class='ocrx_word' id='word_1_84' title='bbox 1179 1985 1222 2032; x_wconf 82' lang='lat' dir='ltr'><strong>ex</strong></span> <span class='ocrx_word' id='word_1_85' title='bbox 1246 1964 1378 2033; x_wconf 82' lang='lat' dir='ltr'><strong>fortuna</strong></span> 
     </span>
     <span class='ocr_line' id='line_1_12' title="bbox 169 2085 1378 2181; baseline 0.001 -27"><span class='ocrx_word' id='word_1_86' title='bbox 169 2095 227 2154; x_wconf 89' lang='lat' dir='ltr'><strong>tua</strong></span> <span class='ocrx_word' id='word_1_87' title='bbox 250 2085 394 2166; x_wconf 85' lang='lat' dir='ltr'><strong>decrevi,</strong></span> <span class='ocrx_word' id='word_1_88' title='bbox 426 2086 483 2155; x_wconf 85' lang='lat' dir='ltr'><strong>sed</strong></span> <span class='ocrx_word' id='word_1_89' title='bbox 510 2086 589 2179; x_wconf 87' lang='lat' dir='ltr'><strong>qnia</strong></span> <span class='ocrx_word' id='word_1_90' title='bbox 615 2087 650 2157; x_wconf 92' lang='lat' dir='ltr'><strong>iu</strong></span> <span class='ocrx_word' id='word_1_91' title='bbox 676 2098 707 2157; x_wconf 91' lang='lat' dir='ltr'><strong>te</strong></span> <span class='ocrx_word' id='word_1_92' title='bbox 733 2097 854 2181; x_wconf 81' lang='lat' dir='ltr'><strong>praetcr</strong></span> <span class='ocrx_word' id='word_1_93' title='bbox 877 2098 1004 2158; x_wconf 86' lang='lat' dir='ltr'><strong>ceteras</strong></span> <span class='ocrx_word' id='word_1_94' title='bbox 1030 2099 1136 2158; x_wconf 90' lang='lat' dir='ltr'><strong>artem</strong></span> <span class='ocrx_word' id='word_1_95' title='bbox 1161 2109 1262 2156; x_wconf 90' lang='lat' dir='ltr'><strong>unam</strong></span> <span class='ocrx_word' id='word_1_96' title='bbox 1279 2109 1378 2178; x_wconf 90' lang='lat' dir='ltr'><strong>egre-</strong></span> 
     </span>
     <span class='ocr_line' id='line_1_13' title="bbox 170 2210 1377 2304; baseline 0.001 -26"><span class='ocrx_word' id='word_1_97' title='bbox 170 2210 225 2301; x_wconf 91' lang='lat' dir='ltr'><strong>gie</strong></span> <span class='ocrx_word' id='word_1_98' title='bbox 251 2210 442 2280; x_wconf 88' lang='lat' dir='ltr'><strong>mirabilem</strong></span> <span class='ocrx_word' id='word_1_99' title='bbox 467 2211 627 2304; x_wconf 90' lang='lat' dir='ltr'><strong>comperi,</strong></span> <span class='ocrx_word' id='word_1_100' title='bbox 655 2235 786 2304; x_wconf 83' lang='lat' dir='ltr'><strong>semper</strong></span> <span class='ocrx_word' id='word_1_101' title='bbox 803 2213 862 2283; x_wconf 91' lang='lat' dir='ltr'><strong>tibi</strong></span> <span class='ocrx_word' id='word_1_102' title='bbox 880 2213 1041 2283; x_wconf 87' lang='lat' dir='ltr'><strong>maiorem</strong></span> <span class='ocrx_word' id='word_1_103' title='bbox 1059 2213 1093 2281; x_wconf 90' lang='lat' dir='ltr'><strong>in</strong></span> <span class='ocrx_word' id='word_1_104' title='bbox 1112 2211 1259 2282; x_wconf 86' lang='lat' dir='ltr'><strong>advorsis</strong></span> <span class='ocrx_word' id='word_1_105' title='bbox 1275 2233 1377 2304; x_wconf 91' lang='lat' dir='ltr'><strong>quam</strong></span> 
     </span>
     <span class='ocr_line' id='line_1_14' title="bbox 171 2333 1378 2430; baseline 0.001 -27"><span class='ocrx_word' id='word_1_106' title='bbox 171 2333 205 2404; x_wconf 91' lang='lat' dir='ltr'><strong>in</strong></span> <span class='ocrx_word' id='word_1_107' title='bbox 231 2333 386 2406; x_wconf 86' lang='lat' dir='ltr'><strong>secundis</strong></span> <span class='ocrx_word' id='word_1_108' title='bbox 410 2336 509 2407; x_wconf 88' lang='lat' dir='ltr'><strong>rebus</strong></span> <span class='ocrx_word' id='word_1_109' title='bbox 535 2337 681 2406; x_wconf 90' lang='lat' dir='ltr'><strong>animum</strong></span> <span class='ocrx_word' id='word_1_110' title='bbox 708 2361 790 2407; x_wconf 86' lang='lat' dir='ltr'><strong>esec.</strong></span> <span class='ocrx_word' id='word_1_111' title='bbox 829 2337 980 2430; x_wconf 82' lang='lat' dir='ltr'><strong>Scd&#39;per</strong></span> <span class='ocrx_word' id='word_1_112' title='bbox 1005 2349 1130 2408; x_wconf 90' lang='lat' dir='ltr'><strong>ceteros</strong></span> <span class='ocrx_word' id='word_1_113' title='bbox 1154 2336 1302 2405; x_wconf 91' lang='lat' dir='ltr'><strong>mortalis</strong></span> <span class='ocrx_word' id='word_1_114' title='bbox 1320 2335 1378 2404; x_wconf 88' lang='lat' dir='ltr'><strong>ilia</strong></span> 
     </span>
     <span class='ocr_line' id='line_1_15' title="bbox 171 2459 1378 2553; baseline -0.001 -24"><span class='ocrx_word' id='word_1_115' title='bbox 171 2481 223 2529; x_wconf 86' lang='lat' dir='ltr'><strong>res</strong></span> <span class='ocrx_word' id='word_1_116' title='bbox 249 2459 372 2528; x_wconf 85' lang='lat' dir='ltr'><strong>clarior</strong></span> <span class='ocrx_word' id='word_1_117' title='bbox 397 2468 457 2541; x_wconf 89' lang='lat' dir='ltr'><strong>cst,</strong></span> <span class='ocrx_word' id='word_1_118' title='bbox 482 2459 573 2552; x_wconf 91' lang='lat' dir='ltr'><strong>qnod</strong></span> <span class='ocrx_word' id='word_1_119' title='bbox 597 2461 689 2553; x_wconf 88' lang='lat' dir='ltr'><strong>prius</strong></span> <span class='ocrx_word' id='word_1_120' title='bbox 714 2461 833 2531; x_wconf 83' lang='lat' dir='ltr'><strong>defessi</strong></span> <span class='ocrx_word' id='word_1_121' title='bbox 859 2473 934 2530; x_wconf 89' lang='lat' dir='ltr'><strong>sunt</strong></span> <span class='ocrx_word' id='word_1_122' title='bbox 959 2462 1109 2531; x_wconf 89' lang='lat' dir='ltr'><strong>homines</strong></span> <span class='ocrx_word' id='word_1_123' title='bbox 1135 2459 1300 2531; x_wconf 82' lang='lat' dir='ltr'><strong>laudando</strong></span> <span class='ocrx_word' id='word_1_124' title='bbox 1326 2469 1378 2528; x_wconf 90' lang='lat' dir='ltr'><strong>at·</strong></span> 
     </span>
     <span class='ocr_line' id='line_1_16' title="bbox 172 2582 1376 2681; baseline 0.001 -28"><span class='ocrx_word' id='word_1_125' title='bbox 172 2607 236 2676; x_wconf 89' lang='lat' dir='ltr'><strong>que</strong></span> <span class='ocrx_word' id='word_1_126' title='bbox 254 2583 451 2654; x_wconf 90' lang='lat' dir='ltr'><strong>admirando</strong></span> <span class='ocrx_word' id='word_1_127' title='bbox 467 2586 730 2656; x_wconf 83' lang='lat' dir='ltr'><strong>munificentiam</strong></span> <span class='ocrx_word' id='word_1_128' title='bbox 744 2597 845 2670; x_wconf 88' lang='lat' dir='ltr'><strong>tuam,</strong></span> <span class='ocrx_word' id='word_1_129' title='bbox 864 2611 964 2681; x_wconf 92' lang='lat' dir='ltr'><strong>quam</strong></span> <span class='ocrx_word' id='word_1_130' title='bbox 982 2600 1016 2658; x_wconf 93' lang='lat' dir='ltr'><strong>tu</strong></span> <span class='ocrx_word' id='word_1_131' title='bbox 1035 2582 1095 2678; x_wconf 87' lang='lat' dir='ltr'><strong>[in]</strong></span> <span class='ocrx_word' id='word_1_132' title='bbox 1114 2587 1282 2668; x_wconf 74' lang='lat' dir='ltr'><strong>faciundo,</strong></span> <span class='ocrx_word' id='word_1_133' title='bbox 1301 2607 1376 2678; x_wconf 72' lang='lat' dir='ltr'><strong>quac</strong></span> 
     </span>
     <span class='ocr_line' id='line_1_17' title="bbox 172 2708 551 2800; baseline 0.003 -22"><span class='ocrx_word' id='word_1_134' title='bbox 172 2709 280 2800; x_wconf 85' lang='lat' dir='ltr'><strong>gioria</strong></span> <span class='ocrx_word' id='word_1_135' title='bbox 306 2708 409 2798; x_wconf 88' lang='lat' dir='ltr'><strong>digna</strong></span> <span class='ocrx_word' id='word_1_136' title='bbox 433 2721 551 2781; x_wconf 89' lang='lat' dir='ltr'><strong>essent.</strong></span> 
     </span>
    </p>

    <p class='ocr_par' dir='ltr' id='par_1_3' title="bbox 170 2833 1406 4802">
     <span class='ocr_line' id='line_1_18' title="bbox 243 2833 1377 2928; baseline -0.001 -25"><span class='ocrx_word' id='word_1_137' title='bbox 243 2833 412 2928; x_wconf 85' lang='lat' dir='ltr'><strong>Equidem</strong></span> <span class='ocrx_word' id='word_1_138' title='bbox 446 2834 528 2905; x_wconf 91' lang='lat' dir='ltr'><strong>mibi</strong></span> <span class='ocrx_word' id='word_1_139' title='bbox 564 2836 733 2908; x_wconf 87' lang='lat' dir='ltr'><strong>decretum</strong></span> <span class='ocrx_word' id='word_1_140' title='bbox 769 2849 833 2918; x_wconf 88' lang='lat' dir='ltr'><strong>cst,</strong></span> <span class='ocrx_word' id='word_1_141' title='bbox 872 2838 960 2907; x_wconf 90' lang='lat' dir='ltr'><strong>nibil</strong></span> <span class='ocrx_word' id='word_1_142' title='bbox 992 2849 1060 2907; x_wconf 90' lang='lat' dir='ltr'><strong>tam</strong></span> <span class='ocrx_word' id='word_1_143' title='bbox 1094 2860 1136 2906; x_wconf 87' lang='lat' dir='ltr'><strong>ex</strong></span> <span class='ocrx_word' id='word_1_144' title='bbox 1170 2837 1236 2906; x_wconf 90' lang='lat' dir='ltr'><strong>aito</strong></span> <span class='ocrx_word' id='word_1_145' title='bbox 1270 2833 1377 2928; x_wconf 87' lang='lat' dir='ltr'><strong>repeti</strong></span> 
     </span>
     <span class='ocr_line' id='line_1_19' title="bbox 171 2959 1377 3058; baseline 0.002 -30"><span class='ocrx_word' id='word_1_146' title='bbox 171 2981 279 3051; x_wconf 83' lang='lat' dir='ltr'><strong>posse,</strong></span> <span class='ocrx_word' id='word_1_147' title='bbox 306 2959 395 3053; x_wconf 93' lang='lat' dir='ltr'><strong>quod</strong></span> <span class='ocrx_word' id='word_1_148' title='bbox 422 2983 488 3030; x_wconf 94' lang='lat' dir='ltr'><strong>non</strong></span> <span class='ocrx_word' id='word_1_149' title='bbox 515 2962 671 3054; x_wconf 78' lang='lat' dir='ltr'><strong>cogitanti</strong></span> <span class='ocrx_word' id='word_1_150' title='bbox 691 2963 751 3034; x_wconf 89' lang='lat' dir='ltr'><strong>tibi</strong></span> <span class='ocrx_word' id='word_1_151' title='bbox 769 2965 802 3033; x_wconf 94' lang='lat' dir='ltr'><strong>in</strong></span> <span class='ocrx_word' id='word_1_152' title='bbox 821 2974 974 3058; x_wconf 88' lang='lat' dir='ltr'><strong>promptu</strong></span> <span class='ocrx_word' id='word_1_153' title='bbox 991 2965 1042 3034; x_wconf 89' lang='lat' dir='ltr'><strong>sit.</strong></span> <span class='ocrx_word' id='word_1_154' title='bbox 1082 2965 1198 3058; x_wconf 89' lang='lat' dir='ltr'><strong>Neque</strong></span> <span class='ocrx_word' id='word_1_155' title='bbox 1223 2985 1274 3044; x_wconf 94' lang='lat' dir='ltr'><strong>eo,</strong></span> <span class='ocrx_word' id='word_1_156' title='bbox 1301 2983 1377 3054; x_wconf 80' lang='lat' dir='ltr'><strong>qum</strong></span> 
     </span>
     <span class='ocr_line' id='line_1_20' title="bbox 171 3084 1377 3181; baseline 0 -28"><span class='ocrx_word' id='word_1_157' title='bbox 171 3084 239 3154; x_wconf 86' lang='lat' dir='ltr'><strong>visa</strong></span> <span class='ocrx_word' id='word_1_158' title='bbox 265 3095 354 3167; x_wconf 86' lang='lat' dir='ltr'><strong>sunt,</strong></span> <span class='ocrx_word' id='word_1_159' title='bbox 380 3084 422 3153; x_wconf 94' lang='lat' dir='ltr'><strong>de</strong></span> <span class='ocrx_word' id='word_1_160' title='bbox 446 3107 484 3155; x_wconf 92' lang='lat' dir='ltr'><strong>re</strong></span> <span class='ocrx_word' id='word_1_161' title='bbox 510 3086 644 3178; x_wconf 89' lang='lat' dir='ltr'><strong>publica</strong></span> <span class='ocrx_word' id='word_1_162' title='bbox 669 3088 729 3157; x_wconf 91' lang='lat' dir='ltr'><strong>tibi</strong></span> <span class='ocrx_word' id='word_1_163' title='bbox 754 3088 881 3181; x_wconf 88' lang='lat' dir='ltr'><strong>scripsi,</strong></span> <span class='ocrx_word' id='word_1_164' title='bbox 911 3089 990 3180; x_wconf 92' lang='lat' dir='ltr'><strong>quia</strong></span> <span class='ocrx_word' id='word_1_165' title='bbox 1014 3088 1098 3159; x_wconf 91' lang='lat' dir='ltr'><strong>mibi</strong></span> <span class='ocrx_word' id='word_1_166' title='bbox 1124 3087 1299 3158; x_wconf 85' lang='lat' dir='ltr'><strong>consilium</strong></span> <span class='ocrx_word' id='word_1_167' title='bbox 1325 3093 1377 3155; x_wconf 92' lang='lat' dir='ltr'><strong>at-</strong></span> 
     </span>
     <span class='ocr_line' id='line_1_21' title="bbox 170 3208 1377 3306; baseline -0.003 -25"><span class='ocrx_word' id='word_1_168' title='bbox 170 3235 235 3304; x_wconf 88' lang='lat' dir='ltr'><strong>que</strong></span> <span class='ocrx_word' id='word_1_169' title='bbox 261 3208 435 3300; x_wconf 83' lang='lat' dir='ltr'><strong>ingenium</strong></span> <span class='ocrx_word' id='word_1_170' title='bbox 464 3233 575 3284; x_wconf 91' lang='lat' dir='ltr'><strong>meum</strong></span> <span class='ocrx_word' id='word_1_171' title='bbox 601 3211 744 3304; x_wconf 81' lang='lat' dir='ltr'><strong>amplius</strong></span> <span class='ocrx_word' id='word_1_172' title='bbox 770 3236 865 3305; x_wconf 84' lang='lat' dir='ltr'><strong>aequo</strong></span> <span class='ocrx_word' id='word_1_173' title='bbox 890 3213 1102 3306; x_wconf 88' lang='lat' dir='ltr'><strong>probaretur;</strong></span> <span class='ocrx_word' id='word_1_174' title='bbox 1132 3211 1189 3281; x_wconf 83' lang='lat' dir='ltr'><strong>scd</strong></span> <span class='ocrx_word' id='word_1_175' title='bbox 1215 3212 1301 3281; x_wconf 89' lang='lat' dir='ltr'><strong>inter</strong></span> <span class='ocrx_word' id='word_1_176' title='bbox 1325 3209 1377 3278; x_wconf 88' lang='lat' dir='ltr'><strong>la-</strong></span> 
     </span>
     <span class='ocr_line' id='line_1_22' title="bbox 171 3333 1376 3430; baseline -0.003 -24"><span class='ocrx_word' id='word_1_177' title='bbox 171 3335 268 3406; x_wconf 87' lang='lat' dir='ltr'><strong>bores</strong></span> <span class='ocrx_word' id='word_1_178' title='bbox 298 3338 426 3408; x_wconf 86' lang='lat' dir='ltr'><strong>militiae</strong></span> <span class='ocrx_word' id='word_1_179' title='bbox 451 3339 603 3429; x_wconf 89' lang='lat' dir='ltr'><strong>interque</strong></span> <span class='ocrx_word' id='word_1_180' title='bbox 628 3336 754 3430; x_wconf 76' lang='lat' dir='ltr'><strong>praelia,</strong></span> <span class='ocrx_word' id='word_1_181' title='bbox 788 3337 950 3416; x_wconf 88' lang='lat' dir='ltr'><strong>victorias,</strong></span> <span class='ocrx_word' id='word_1_182' title='bbox 977 3336 1166 3430; x_wconf 91' lang='lat' dir='ltr'><strong>imperium,</strong></span> <span class='ocrx_word' id='word_1_183' title='bbox 1194 3334 1288 3404; x_wconf 92' lang='lat' dir='ltr'><strong>statui</strong></span> <span class='ocrx_word' id='word_1_184' title='bbox 1315 3333 1376 3403; x_wconf 91' lang='lat' dir='ltr'><strong>ad-</strong></span> 
     </span>
     <span class='ocr_line' id='line_1_23' title="bbox 172 3451 1406 3554; baseline -0.003 -24"><span class='ocrx_word' id='word_1_185' title='bbox 172 3461 376 3532; x_wconf 90' lang='lat' dir='ltr'><strong>monendum</strong></span> <span class='ocrx_word' id='word_1_186' title='bbox 408 3472 439 3530; x_wconf 89' lang='lat' dir='ltr'><strong>te</strong></span> <span class='ocrx_word' id='word_1_187' title='bbox 472 3461 513 3530; x_wconf 93' lang='lat' dir='ltr'><strong>de</strong></span> <span class='ocrx_word' id='word_1_188' title='bbox 547 3461 686 3552; x_wconf 87' lang='lat' dir='ltr'><strong>negotiis</strong></span> <span class='ocrx_word' id='word_1_189' title='bbox 711 3460 858 3531; x_wconf 91' lang='lat' dir='ltr'><strong>urbanis.</strong></span> <span class='ocrx_word' id='word_1_190' title='bbox 902 3463 1055 3554; x_wconf 87' lang='lat' dir='ltr'><strong>Namque</strong></span> <span class='ocrx_word' id='word_1_191' title='bbox 1080 3461 1140 3531; x_wconf 92' lang='lat' dir='ltr'><strong>tibi</strong></span> <span class='ocrx_word' id='word_1_192' title='bbox 1165 3461 1192 3530; x_wconf 84' lang='lat' dir='ltr'><strong>ei</strong></span> <span class='ocrx_word' id='word_1_193' title='bbox 1218 3459 1251 3528; x_wconf 92' lang='lat' dir='ltr'><strong>id</strong></span> <span class='ocrx_word' id='word_1_194' title='bbox 1277 3456 1376 3528; x_wconf 88' lang='lat' dir='ltr'><strong>modo</strong></span> <span class='ocrx_word' id='word_1_195' title='bbox 1403 3451 1406 3458; x_wconf 79' lang='grc'>’</span> 
     </span>
     <span class='ocr_line' id='line_1_24' title="bbox 172 3582 1375 3679; baseline -0.002 -25"><span class='ocrx_word' id='word_1_196' title='bbox 172 3585 205 3654; x_wconf 91' lang='lat' dir='ltr'><strong>in</strong></span> <span class='ocrx_word' id='word_1_197' title='bbox 230 3595 367 3679; x_wconf 89' lang='lat' dir='ltr'><strong>pectore</strong></span> <span class='ocrx_word' id='word_1_198' title='bbox 392 3585 508 3655; x_wconf 91' lang='lat' dir='ltr'><strong>consili</strong></span> <span class='ocrx_word' id='word_1_199' title='bbox 534 3595 593 3666; x_wconf 89' lang='lat' dir='ltr'><strong>est,</strong></span> <span class='ocrx_word' id='word_1_200' title='bbox 627 3595 663 3655; x_wconf 92' lang='lat' dir='ltr'><strong>ut</strong></span> <span class='ocrx_word' id='word_1_201' title='bbox 695 3595 726 3654; x_wconf 91' lang='lat' dir='ltr'><strong>te</strong></span> <span class='ocrx_word' id='word_1_202' title='bbox 752 3586 795 3655; x_wconf 93' lang='lat' dir='ltr'><strong>ab</strong></span> <span class='ocrx_word' id='word_1_203' title='bbox 826 3584 1038 3654; x_wconf 90' lang='lat' dir='ltr'><strong>inimicorum</strong></span> <span class='ocrx_word' id='word_1_204' title='bbox 1064 3583 1189 3676; x_wconf 91' lang='lat' dir='ltr'><strong>impetu</strong></span> <span class='ocrx_word' id='word_1_205' title='bbox 1215 3582 1375 3663; x_wconf 85' lang='lat' dir='ltr'><strong>vindices,</strong></span> 
     </span>
     <span class='ocr_line' id='line_1_25' title="bbox 173 3707 1376 3803; baseline -0.003 -23"><span class='ocrx_word' id='word_1_206' title='bbox 173 3709 430 3803; x_wconf 78' lang='lat' dir='ltr'><strong>quoquomodo</strong></span> <span class='ocrx_word' id='word_1_207' title='bbox 456 3720 570 3779; x_wconf 90' lang='lat' dir='ltr'><strong>contra</strong></span> <span class='ocrx_word' id='word_1_208' title='bbox 595 3709 770 3780; x_wconf 90' lang='lat' dir='ltr'><strong>advorsum</strong></span> <span class='ocrx_word' id='word_1_209' title='bbox 796 3709 967 3780; x_wconf 87' lang='lat' dir='ltr'><strong>consulem</strong></span> <span class='ocrx_word' id='word_1_210' title='bbox 993 3707 1154 3778; x_wconf 80' lang='lat' dir='ltr'><strong>beneficia</strong></span> <span class='ocrx_word' id='word_1_211' title='bbox 1180 3707 1295 3801; x_wconf 88' lang='lat' dir='ltr'><strong>popuii</strong></span> <span class='ocrx_word' id='word_1_212' title='bbox 1320 3729 1376 3776; x_wconf 90' lang='lat' dir='ltr'><strong>re-</strong></span> 
     </span>
     <span class='ocr_line' id='line_1_26' title="bbox 173 3832 1374 3929; baseline -0.001 -28"><span class='ocrx_word' id='word_1_213' title='bbox 173 3833 289 3914; x_wconf 89' lang='lat' dir='ltr'><strong>tineas,</strong></span> <span class='ocrx_word' id='word_1_214' title='bbox 317 3832 457 3926; x_wconf 37' lang='lat' dir='ltr'><strong>indigna·</strong></span> <span class='ocrx_word' id='word_1_215' title='bbox 475 3836 595 3904; x_wconf 82' lang='lat' dir='ltr'><strong>virtute</strong></span> <span class='ocrx_word' id='word_1_216' title='bbox 621 3845 677 3904; x_wconf 91' lang='lat' dir='ltr'><strong>tua</strong></span> <span class='ocrx_word' id='word_1_217' title='bbox 700 3846 842 3929; x_wconf 88' lang='lat' dir='ltr'><strong>coeptas.</strong></span> <span class='ocrx_word' id='word_1_218' title='bbox 886 3834 945 3903; x_wconf 88' lang='lat' dir='ltr'><strong>Sin</strong></span> <span class='ocrx_word' id='word_1_219' title='bbox 972 3835 1005 3902; x_wconf 91' lang='lat' dir='ltr'><strong>in</strong></span> <span class='ocrx_word' id='word_1_220' title='bbox 1030 3844 1062 3903; x_wconf 88' lang='lat' dir='ltr'><strong>te</strong></span> <span class='ocrx_word' id='word_1_221' title='bbox 1088 3833 1146 3902; x_wconf 88' lang='lat' dir='ltr'><strong>iiie</strong></span> <span class='ocrx_word' id='word_1_222' title='bbox 1168 3832 1299 3903; x_wconf 90' lang='lat' dir='ltr'><strong>animus</strong></span> <span class='ocrx_word' id='word_1_223' title='bbox 1316 3841 1374 3911; x_wconf 90' lang='lat' dir='ltr'><strong>est,</strong></span> 
     </span>
     <span class='ocr_line' id='line_1_27' title="bbox 173 3955 1375 4053; baseline -0.004 -25"><span class='ocrx_word' id='word_1_224' title='bbox 173 3959 229 4050; x_wconf 94' lang='lat' dir='ltr'><strong>qui</strong></span> <span class='ocrx_word' id='word_1_225' title='bbox 255 3959 322 4028; x_wconf 90' lang='lat' dir='ltr'><strong>iam</strong></span> <span class='ocrx_word' id='word_1_226' title='bbox 348 3981 369 4028; x_wconf 92' lang='lat' dir='ltr'><strong>a</strong></span> <span class='ocrx_word' id='word_1_227' title='bbox 392 3958 558 4053; x_wconf 92' lang='lat' dir='ltr'><strong>principio</strong></span> <span class='ocrx_word' id='word_1_228' title='bbox 583 3959 763 4030; x_wconf 82' lang='lat' dir='ltr'><strong>nobilitatis</strong></span> <span class='ocrx_word' id='word_1_229' title='bbox 794 3960 969 4029; x_wconf 74' lang='lat' dir='ltr'><strong>factionem</strong></span> <span class='ocrx_word' id='word_1_230' title='bbox 1005 3957 1209 4037; x_wconf 88' lang='lat' dir='ltr'><strong>disturbavit,</strong></span> <span class='ocrx_word' id='word_1_231' title='bbox 1241 3955 1375 4049; x_wconf 87' lang='lat' dir='ltr'><strong>piebem</strong></span> 
     </span>
     <span class='ocr_line' id='line_1_28' title="bbox 172 4081 1377 4175; baseline -0.006 -20"><span class='ocrx_word' id='word_1_232' title='bbox 172 4085 356 4156; x_wconf 82' lang='lat' dir='ltr'><strong>itomanam</strong></span> <span class='ocrx_word' id='word_1_233' title='bbox 382 4107 426 4155; x_wconf 82' lang='lat' dir='ltr'><strong>ex</strong></span> <span class='ocrx_word' id='word_1_234' title='bbox 449 4085 542 4175; x_wconf 87' lang='lat' dir='ltr'><strong>gravi</strong></span> <span class='ocrx_word' id='word_1_235' title='bbox 567 4084 723 4155; x_wconf 89' lang='lat' dir='ltr'><strong>servitute</strong></span> <span class='ocrx_word' id='word_1_236' title='bbox 748 4086 782 4153; x_wconf 95' lang='lat' dir='ltr'><strong>in</strong></span> <span class='ocrx_word' id='word_1_237' title='bbox 809 4085 997 4156; x_wconf 87' lang='lat' dir='ltr'><strong>libertatem</strong></span> <span class='ocrx_word' id='word_1_238' title='bbox 1027 4081 1178 4161; x_wconf 88' lang='lat' dir='ltr'><strong>restituit,</strong></span> <span class='ocrx_word' id='word_1_239' title='bbox 1220 4081 1254 4150; x_wconf 94' lang='lat' dir='ltr'><strong>in</strong></span> <span class='ocrx_word' id='word_1_240' title='bbox 1288 4101 1377 4173; x_wconf 81' lang='lat' dir='ltr'><strong>prae-</strong></span> 
     </span>
     <span class='ocr_line' id='line_1_29' title="bbox 174 4205 1376 4298; baseline -0.003 -20"><span class='ocrx_word' id='word_1_241' title='bbox 174 4219 244 4279; x_wconf 88' lang='lat' dir='ltr'><strong>tura</strong></span> <span class='ocrx_word' id='word_1_242' title='bbox 269 4209 481 4279; x_wconf 90' lang='lat' dir='ltr'><strong>inimicorum</strong></span> <span class='ocrx_word' id='word_1_243' title='bbox 507 4231 600 4278; x_wconf 88' lang='lat' dir='ltr'><strong>arma</strong></span> <span class='ocrx_word' id='word_1_244' title='bbox 624 4209 763 4278; x_wconf 86' lang='lat' dir='ltr'><strong>inermis</strong></span> <span class='ocrx_word' id='word_1_245' title='bbox 787 4209 926 4289; x_wconf 89' lang='lat' dir='ltr'><strong>disiecit,</strong></span> <span class='ocrx_word' id='word_1_246' title='bbox 960 4207 1049 4278; x_wconf 90' lang='lat' dir='ltr'><strong>domi</strong></span> <span class='ocrx_word' id='word_1_247' title='bbox 1075 4205 1269 4298; x_wconf 73' lang='lat' dir='ltr'><strong>militiaque</strong></span> <span class='ocrx_word' id='word_1_248' title='bbox 1285 4216 1376 4274; x_wconf 88' lang='lat' dir='ltr'><strong>tanta</strong></span> 
     </span>
     <span class='ocr_line' id='line_1_30' title="bbox 173 4329 1376 4427; baseline -0.006 -23"><span class='ocrx_word' id='word_1_249' title='bbox 173 4345 295 4404; x_wconf 91' lang='lat' dir='ltr'><strong>ettam</strong></span> <span class='ocrx_word' id='word_1_250' title='bbox 321 4335 483 4427; x_wconf 73' lang='lat' dir='ltr'><strong>praeclara</strong></span> <span class='ocrx_word' id='word_1_251' title='bbox 509 4334 654 4404; x_wconf 83' lang='lat' dir='ltr'><strong>facinora</strong></span> <span class='ocrx_word' id='word_1_252' title='bbox 680 4334 768 4416; x_wconf 81' lang='lat' dir='ltr'><strong>tecit,</strong></span> <span class='ocrx_word' id='word_1_253' title='bbox 803 4345 840 4404; x_wconf 89' lang='lat' dir='ltr'><strong>ut</strong></span> <span class='ocrx_word' id='word_1_254' title='bbox 870 4356 913 4402; x_wconf 93' lang='lat' dir='ltr'><strong>ne</strong></span> <span class='ocrx_word' id='word_1_255' title='bbox 945 4331 1072 4402; x_wconf 91' lang='lat' dir='ltr'><strong>inimici</strong></span> <span class='ocrx_word' id='word_1_256' title='bbox 1106 4329 1242 4423; x_wconf 92' lang='lat' dir='ltr'><strong>quidem</strong></span> <span class='ocrx_word' id='word_1_257' title='bbox 1280 4329 1376 4420; x_wconf 92' lang='lat' dir='ltr'><strong>queri</strong></span> 
     </span>
     <span class='ocr_line' id='line_1_31' title="bbox 174 4452 1376 4552; baseline -0.007 -23"><span class='ocrx_word' id='word_1_258' title='bbox 174 4459 355 4552; x_wconf 88' lang='lat' dir='ltr'><strong>quidquam</strong></span> <span class='ocrx_word' id='word_1_259' title='bbox 382 4460 536 4540; x_wconf 91' lang='lat' dir='ltr'><strong>audeant,</strong></span> <span class='ocrx_word' id='word_1_260' title='bbox 568 4459 633 4528; x_wconf 86' lang='lat' dir='ltr'><strong>nisi</strong></span> <span class='ocrx_word' id='word_1_261' title='bbox 658 4458 700 4528; x_wconf 89' lang='lat' dir='ltr'><strong>de</strong></span> <span class='ocrx_word' id='word_1_262' title='bbox 724 4457 954 4550; x_wconf 81' lang='lat' dir='ltr'><strong>magnitudine</strong></span> <span class='ocrx_word' id='word_1_263' title='bbox 979 4468 1056 4528; x_wconf 86' lang='lat' dir='ltr'><strong>tua:</strong></span> <span class='ocrx_word' id='word_1_264' title='bbox 1090 4456 1171 4549; x_wconf 92' lang='lat' dir='ltr'><strong>quin</strong></span> <span class='ocrx_word' id='word_1_265' title='bbox 1201 4464 1236 4523; x_wconf 92' lang='lat' dir='ltr'><strong>tu</strong></span> <span class='ocrx_word' id='word_1_266' title='bbox 1262 4452 1376 4546; x_wconf 87' lang='lat' dir='ltr'><strong>accipe</strong></span> 
     </span>
     <span class='ocr_line' id='line_1_32' title="bbox 174 4581 1376 4679; baseline -0.006 -26"><span class='ocrx_word' id='word_1_267' title='bbox 174 4607 223 4666; x_wconf 88' lang='lat' dir='ltr'><strong>ea,</strong></span> <span class='ocrx_word' id='word_1_268' title='bbox 250 4608 325 4679; x_wconf 79' lang='lat' dir='ltr'><strong>quae</strong></span> <span class='ocrx_word' id='word_1_269' title='bbox 352 4585 460 4655; x_wconf 90' lang='lat' dir='ltr'><strong>dicam</strong></span> <span class='ocrx_word' id='word_1_270' title='bbox 487 4585 528 4655; x_wconf 92' lang='lat' dir='ltr'><strong>de</strong></span> <span class='ocrx_word' id='word_1_271' title='bbox 553 4605 681 4654; x_wconf 89' lang='lat' dir='ltr'><strong>summa</strong></span> <span class='ocrx_word' id='word_1_272' title='bbox 704 4583 902 4676; x_wconf 86' lang='lat' dir='ltr'><strong>republica.</strong></span> <span class='ocrx_word' id='word_1_273' title='bbox 947 4581 1030 4664; x_wconf 83' lang='lat' dir='ltr'><strong>Quae</strong></span> <span class='ocrx_word' id='word_1_274' title='bbox 1052 4581 1199 4674; x_wconf 85' lang='lat' dir='ltr'><strong>proiecto</strong></span> <span class='ocrx_word' id='word_1_275' title='bbox 1225 4587 1281 4649; x_wconf 91' lang='lat' dir='ltr'><strong>aut</strong></span> <span class='ocrx_word' id='word_1_276' title='bbox 1296 4600 1376 4647; x_wconf 88' lang='lat' dir='ltr'><strong>vera</strong></span> 
     </span>
     <span class='ocr_line' id='line_1_33' title="bbox 176 4708 947 4802; baseline -0.001 -26"><span class='ocrx_word' id='word_1_277' title='bbox 176 4709 331 4790; x_wconf 77' lang='lat' dir='ltr'><strong>invenies,</strong></span> <span class='ocrx_word' id='word_1_278' title='bbox 359 4721 415 4778; x_wconf 88' lang='lat' dir='ltr'><strong>aut</strong></span> <span class='ocrx_word' id='word_1_279' title='bbox 441 4721 528 4779; x_wconf 83' lang='lat' dir='ltr'><strong>rorte</strong></span> <span class='ocrx_word' id='word_1_280' title='bbox 555 4708 643 4780; x_wconf 91' lang='lat' dir='ltr'><strong>baud</strong></span> <span class='ocrx_word' id='word_1_281' title='bbox 670 4709 784 4802; x_wconf 88' lang='lat' dir='ltr'><strong>procui</strong></span> <span class='ocrx_word' id='word_1_282' title='bbox 812 4734 830 4778; x_wconf 90' lang='lat' dir='ltr'><strong>a</strong></span> <span class='ocrx_word' id='word_1_283' title='bbox 858 4731 947 4776; x_wconf 84' lang='lat' dir='ltr'><strong>vero.</strong></span> 
     </span>
    </p>
   </div>
   <div class='ocr_carea' id='block_1_3' title="bbox 0 0 1800 5588">
    <p class='ocr_par' dir='ltr' id='par_1_4' title="bbox 0 0 1800 5588">
     <span class='ocr_line' id='line_1_34' title="bbox 0 0 1800 5588; baseline 0 0"><span class='ocrx_word' id='word_1_284' title='bbox 0 0 1800 5588; x_wconf 95' lang='lat' dir='ltr'><strong> </strong></span> 
     </span>
    </p>
   </div>
  </div>
 </body>
</html>
