3554 5600
357 592 429 662 258

357 796 428 866 eius
453 793 591 884 alligato
616 791 712 862 nodis
740 792 959 882 signiticaret,
999 806 1101 889 quoto
1133 795 1187 868 die
1217 795 1413 866 adveniente
1439 799 1568 870 auxilio

358 921 487 1014 eruptio
504 919 578 990 lieri
592 919 740 990 deberet.
782 920 909 990 Plinius
927 923 1085 992 rom-bist.
1105 922 1161 1004 10,
1175 914 1236 1002 24,
1251 921 1310 994 71.
1411 926 1472 1024 29.
1500 927 1569 994 Fa·-

356 1045 432 1115 bius
456 1043 668 1114 historiarum
693 1043 833 1136 scriptor
858 1045 1029 1114 Romanus
1059 1045 1150 1115 bello
1176 1048 1399 1118 Hannibalico
1433 1061 1569 1141 praeter

358 1170 515 1242 iniuriam
537 1169 728 1260 Saguntinis
754 1169 881 1240 illatam
908 1193 1040 1242 causant
1067 1173 1166 1242 etiam
1193 1173 1384 1264 praebuisse
1411 1173 1459 1244 ait
1476 1176 1569 1244 Has·

359 1294 506 1367 drubalis
532 1292 704 1364 avaritiam
727 1302 760 1362 et
776 1291 968 1366 dominandi
986 1294 1211 1387 cupiditatem.
1246 1296 1345 1366 lllum
1362 1299 1451 1366 enirn
1469 1320 1570 1387 mag-

360 1442 449 1503 nam,
476 1420 556 1490 dum
581 1419 615 1489 in
631 1418 792 1511 Hispania
818 1429 977 1502 versatur,
1004 1423 1183 1513 potentiam
1211 1422 1367 1516 adeptum
1392 1433 1507 1517 postea
1534 1424 1569 1491 in

360 1547 507 1622 Africam
533 1545 657 1618 redisse
683 1556 716 1613 et
742 1544 775 1613 id
801 1543 919 1634 egisse,
947 1555 983 1615 ut
1007 1545 1144 1617 sublatis
1174 1548 1299 1639 patriae
1324 1547 1456 1638 legibus
1483 1549 1570 1620 Car·-

360 1670 622 1762 thaginiensium
647 1670 910 1763 rempublicam
935 1671 971 1739 in
996 1671 1083 1762 regii
1110 1673 1240 1767 imperii
1265 1674 1406 1744 sormam
1432 1675 1570 1766 redige-

360 1806 430 1878 rot;
468 1794 527 1866 sed
558 1794 725 1887 principes
758 1794 910 1876 civitatis,
946 1809 1118 1889 perspecto
1144 1798 1234 1868 illius
1260 1799 1411 1878 consilio,
1446 1821 1570 1891 magno

363 1943 526 1994 consensu
559 1919 733 1988 obstitisse.
795 1917 893 2000 Quod
929 1941 1005 1990 cum
1037 1922 1191 1992 sensisset
1216 1923 1418 2003 Hasdrubal,
1456 1924 1571 1994 Africa

362 2044 483 2115 iterum
509 2042 689 2112 decessisse
715 2051 748 2110 et
783 2041 816 2109 in
844 2041 1007 2134 Hispania
1037 2044 1172 2136 posthac
1204 2047 1248 2116 ita
1273 2069 1309 2115 se
1333 2047 1494 2137 gessisse,
1536 2060 1572 2117 ut

362 2179 497 2240 senatus
527 2165 854 2256 Carthaginiensium
887 2166 1051 2237 rationem
1085 2169 1223 2240 baberet
1255 2172 1393 2241 nullam.
1437 2173 1571 2243 Hanni-

362 2297 473 2367 balem
499 2317 588 2373 vero,
615 2293 673 2383 qui
700 2293 770 2362 cius
796 2291 1010 2362 consiliorum
1035 2297 1213 2386 apueritia
1240 2298 1390 2366 conscius
1416 2310 1447 2366 et
1474 2298 1572 2366 adiu-

363 2433 415 2490 tor
439 2420 565 2501 luisset,
592 2420 734 2512 imperio
761 2421 793 2488 in
821 2419 984 2510 Hispania
1010 2433 1174 2514 suscepto,
1214 2424 1246 2492 in
1284 2425 1438 2516 gerendis
1471 2426 1573 2495 rcbus

365 2547 452 2617 idem
488 2555 586 2637 atque
620 2543 865 2614 Hasdrubalem
904 2545 1047 2613 tenuisse
1083 2549 1298 2638 propositum.
1354 2552 1470 2643 ltaque
1509 2549 1573 2618 hoc

366 2671 467 2741 etiam
492 2669 618 2740 bellum
644 2672 732 2740 ultro
759 2670 910 2740 intulisse
936 2672 1105 2752 Romanis,
1138 2675 1216 2766 ipsis
1241 2674 1574 2766 Carthaginiensibus

366 2796 492 2876 invitis;
531 2796 699 2864 neminem
726 2795 816 2865 enim
843 2794 1058 2886 Carthagine,
1094 2802 1152 2892 qui
1190 2801 1325 2894 quidem
1359 2801 1473 2893 aliquo
1500 2799 1574 2868 loco

367 2920 500 2994 babitus
527 2930 622 3000 esset,
649 2918 839 3011 probavisse
858 2943 1001 3012 eaquae
1023 2919 1056 2988 in
1075 2918 1275 3008 Saguntinos
1293 2916 1463 2986 Hannibal
1482 2915 1574 2984 lecit

368 3044 430 3116 His
456 3042 614 3137 expositis
640 3041 760 3112 deinde
787 3053 915 3122 narrat,
955 3045 1102 3132 Sagunto
1133 3053 1229 3132 capta
1252 3042 1381 3131 legatos
1407 3043 1575 3110 llomanos

369 3180 427 3242 aut
451 3167 676 3238 Hannibalern
706 3165 769 3236 sibi
802 3188 822 3236 a
851 3166 970 3236 Poenis
1001 3165 1189 3236 dedendum
1223 3176 1279 3234 aut
1310 3164 1435 3234 bellum
1469 3163 1577 3232 susci·

369 3293 529 3386 piendum
555 3291 733 3362 censuisse.
776 3291 871 3360 Hisce
897 3293 1046 3380 restitutis
1071 3291 1221 3381 Polybius
1249 3292 1299 3358 ito
1326 3291 1453 3381 pergit:
1493 3288 1577 3356 Sunt

370 3420 460 3490 enim
482 3416 541 3511 qui
560 3467 568 3485 .
590 3467 625 3484 ..
653 3436 729 3486 cum
747 3413 895 3506 cogitent
918 3413 984 3484 illis
1010 3413 1215 3506 temporibus
1236 3411 1429 3504 scriptorem
1447 3433 1578 3501 aequa-

287 3524 295 3538 ⁰
370 3545 437 3616 lem
454 3543 567 3622 luisse,
592 3551 766 3634 praeterea
791 3540 946 3609 senatorii
968 3539 1105 3621 ordinis,
1135 3538 1296 3632 quidquid
1319 3539 1360 3608 ab
1386 3561 1426 3608 eo
1451 3536 1579 3606 dictum

371 3679 421 3738 est
445 3667 603 3737 continuo
629 3689 690 3760 pro
713 3689 793 3736 vero
820 3665 999 3759 accipiant;
1028 3687 1091 3756 ego
1108 3687 1197 3744 vero,
1225 3676 1260 3734 ut
1284 3663 1451 3757 scriptoris
1477 3663 1579 3734 fidem

371 3793 631 3885 haudquaquam
652 3790 746 3884 parvi
763 3790 861 3870 facio,
888 3791 934 3860 ita
951 3813 1018 3860 non
1037 3789 1221 3860 absolutam
1239 3788 1426 3859 habendam
1444 3811 1579 3864 censeo,

371 3917 430 3988 sed
455 3939 498 3985 ex
523 3915 602 4008 ipsis
627 3937 714 4007 quac
738 3924 918 3984 narrantur
948 3915 1046 3984 rebus
1073 3913 1324 3983 aestimandam.
1371 3911 1519 4002 Pdlqhius
1544 3907 1583 3990 3,

371 4039 407 4112 8.
434 4037 468 4110 9.
570 4038 629 4109 30.
657 4040 749 4108 Haec
775 4050 824 4108 est
852 4037 975 4110 nobilis
1010 4038 1052 4106 ad
1078 4038 1307 4110 Trasimenum
1333 4058 1447 4129 pugna
1479 4045 1584 4127 atque

373 4165 459 4235 inter
496 4185 619 4255 paucas
659 4173 843 4232 memorata
875 4162 989 4254 populi
1023 4161 1165 4232 Romani
1204 4161 1327 4232 clades.
1378 4159 1582 4242 Quindecim

371 4288 466 4358 milia
484 4288 710 4358 Romanorum
728 4286 762 4354 in
789 4285 861 4354 acie
887 4308 982 4354 caesa
1005 4297 1091 4367 sunt,
1118 4286 1234 4358 decern
1259 4285 1353 4356 milia
1369 4307 1481 4377 sparsa
1500 4283 1584 4372 luga

253 4415 254 4420 ’
373 4433 593 4504 peromnem
619 4410 788 4482 Etruriam
814 4407 952 4478 diversis
977 4408 1150 4480 itineribus
1175 4409 1292 4480 urbem
1319 4408 1462 4501 petiere;
1489 4407 1584 4478 mille

373 4535 547 4626 quingenti
572 4533 717 4604 hostium
743 4532 779 4602 in
797 4531 881 4613 acie,
906 4533 1003 4604 multi
1030 4543 1142 4625 postea
1169 4533 1335 4624 utrimque
1362 4553 1405 4599 ex
1430 4529 1584 4600 vulneri-

373 4659 435 4732 bus
456 4659 598 4751 periere.
642 4657 816 4749 lllultiplex
839 4655 956 4726 caedes
974 4656 1141 4748 utrimque
1161 4657 1248 4726 tacta
1266 4655 1407 4728 traditur
1428 4655 1471 4724 ab
1493 4654 1582 4725 aliis.
