3610 5592
1331 615 1378 686 35

170 827 295 890 tanton
322 811 499 906 imperinm
524 811 648 893 lacere,
682 831 782 906 wem
808 811 843 882 in
876 812 993 896 nobis,
1028 813 1087 906 qui
1112 837 1151 886 ea
1175 816 1261 886 bene
1286 827 1378 909 pnrtn

171 942 226 1014 vix
263 937 457 1010 retinemus.
499 937 612 1007 Placet
644 934 744 1027 igitur
769 957 826 1006 eos
851 934 972 1006 dimitti
996 947 1029 1008 ot
1053 937 1170 1029 augeri
1196 939 1377 1010 exercitum

169 1063 339 1138 Catilinae?
374 1061 539 1140 minnmoa
570 1059 629 1130 sed
655 1059 699 1133 ita
724 1083 863 1130 censeo:
891 1061 1107 1154 publicandas
1132 1085 1247 1138 eorum
1273 1086 1378 1157 pecu·

169 1189 259 1268 nias,
287 1187 377 1280 ipsos
401 1183 436 1255 in
461 1182 601 1256 undulis
625 1181 794 1256 habendos
810 1205 872 1276 per
896 1182 1095 1277 municipia,
1121 1208 1196 1278 qun
1221 1208 1376 1258 maxume

168 1314 287 1407 opibus
319 1311 450 1390 valore
488 1331 555 1380 nen
589 1307 664 1400 quis
696 1307 739 1380 de
777 1307 830 1379 bis
859 1318 973 1410 postea
1001 1307 1044 1380 ad
1075 1321 1225 1383 senatum
1254 1313 1377 1384 reserat

168 1459 253 1508 nese
286 1456 365 1504 cum
388 1431 512 1524 populo
529 1441 623 1522 agat:
649 1430 707 1523 qni
724 1429 820 1501 aliter
845 1431 979 1512 lecerit,
1004 1441 1153 1506 senatum
1176 1434 1376 1508 existumare

168 1581 246 1630 enm
271 1565 387 1628 contra
411 1576 483 1624 rem
509 1551 676 1646 publicam
701 1563 734 1623 et
758 1553 898 1624 salutem
923 1553 1074 1626 omnium
1099 1556 1298 1630 facturum.»

241 1702 300 1750 uu.
350 1678 526 1769 Postquam
560 1675 671 1748 Gaesar
704 1674 836 1748 dicendi
871 1675 973 1746 finem
1009 1676 1106 1760 lecit,
1140 1679 1241 1750 ceteri
1273 1681 1375 1754 verbo

167 1808 252 1878 alius
281 1804 340 1876 alii
372 1803 465 1874 varie
498 1801 781 1875 adsentiebantur:
814 1809 848 1872 at
876 1803 921 1873 bl.
947 1803 1083 1874 Porcius
1108 1804 1206 1888 Cato,
1239 1816 1374 1897 rogatus

166 1931 375 2010 munnam,
401 1927 628 1999 huiuscemodi
653 1927 836 2000 orationem
861 1927 990 1998 babuit:
1037 1931 1175 2022 «longe
1200 1929 1283 2002 mibi
1307 1931 1375 2004 alia

166 2077 260 2126 mens
287 2065 353 2136 est,
389 2065 499 2149 patres
532 2053 729 2146 conscripti,
765 2075 841 2125 cum
872 2075 927 2124 res
960 2064 1059 2148 atque
1092 2055 1240 2147 pericula
1264 2068 1374 2128 nostra

167 2179 341 2252 considero
367 2189 400 2249 et
427 2199 503 2248 cum
528 2177 707 2248 sententias
732 2176 968 2249 nonnullorum
993 2177 1062 2270 ipso
1087 2201 1218 2251 mecum
1243 2190 1371 2274 reputo.

166 2304 217 2376 llli
251 2301 335 2372 mibi
369 2300 562 2372 disseruisse
595 2300 748 2372 videntur
781 2299 822 2371 de
855 2321 954 2392 puna
985 2323 1119 2383 eorum,
1157 2302 1215 2395 qui
1246 2304 1371 2397 patria,

166 2427 373 2522 parentibus,
407 2426 473 2498 aris
497 2436 596 2519 atque
620 2425 702 2496 locis
727 2427 795 2498 suis
820 2425 947 2498 bellum
972 2449 1151 2522 paravere:
1183 2450 1237 2498 res
1262 2443 1372 2504 autem

166 2564 278 2626 monet
311 2575 431 2624 cavero
463 2553 505 2624 ab
539 2551 605 2623 illis
629 2551 736 2642 magis
761 2573 878 2646 qunnu
910 2551 990 2646 quid
1021 2553 1057 2623 in
1082 2551 1157 2624 illos
1181 2563 1372 2638 statuamus,

164 2680 364 2750 consultare.
414 2680 499 2750 Nam
524 2688 633 2748 cetera
665 2675 828 2748 maleficia
857 2686 926 2748 tum
952 2700 1170 2771 persequare,
1204 2679 1262 2750 ubi
1286 2680 1373 2752 lacta

164 2815 260 2885 sunt;
299 2805 378 2888 boo,
412 2804 476 2874 nisi
508 2803 692 2898 provideris
729 2825 773 2874 ne
809 2803 957 2886 accidat,
997 2803 1056 2875 ubi
1085 2804 1213 2885 evenit,
1251 2803 1372 2874 frustra

166 2929 286 3002 indicia
314 2929 491 3023 implores,
517 2939 612 3020 capta
637 2927 720 2998 urbe
737 2927 821 2998 nibil
846 2927 884 2998 lit
906 2927 1028 3020 reliqui
1053 2928 1157 2999 victis.
1200 2926 1285 3009 Sed,
1311 2949 1371 3020 per

164 3051 245 3126 deos
271 3053 491 3126 immortalesl
517 3074 580 3144 ego
605 3075 663 3123 vus
688 3051 838 3145 appello,
864 3051 923 3144 qui
946 3073 1078 3144 semper
1102 3051 1237 3136 domos,
1262 3051 1369 3134 villas,

163 3178 278 3268 signa,
314 3177 442 3246 tabulas
467 3185 591 3248 vestras
615 3175 719 3268 pluris
744 3197 844 3269 quam
869 3175 1134 3269 rempublicam
1168 3174 1303 3258 lecistis,
1342 3173 1370 3244 si

163 3303 242 3384 ista,
269 3301 508 3392 cuiuscumque
532 3298 622 3370 modi
646 3309 740 3381 sunt,
766 3321 841 3391 (μω
866 3298 1123 3392 amplexamini,
1156 3298 1316 3381 retinere,
1341 3299 1370 3370 si

163 3425 385 3518 voluptatibus
408 3422 523 3495 vestris
556 3422 659 3492 otium
684 3421 833 3514 praebere
858 3423 970 3506 vultis,
1000 3422 1275 3516 expergiscimini
1306 3423 1370 3494 uli-

163 3551 298 3644 qnando
325 3558 358 3618 et
383 3546 540 3640 capessite
565 3567 637 3616 rem
664 3545 840 3639 publicam.
890 3548 965 3618 Non
995 3547 1104 3638 agitur
1129 3546 1170 3618 de
1196 3545 1370 3638 vectigali-

162 3673 224 3746 bus
256 3695 369 3766 neque
401 3671 444 3742 de
469 3671 633 3741 sociorum
658 3669 803 3752 iniuriis,
840 3669 974 3741 libertus
1000 3681 1034 3740 et
1058 3670 1171 3742 anima
1195 3681 1308 3742 nostra
1333 3669 1368 3742 in

162 3797 263 3870 dnbio
288 3810 349 3870 est.
400 3796 676 3888 Saepenumero,
712 3801 819 3886 patres
845 3793 1037 3888 conscripti,
1072 3795 1175 3866 multa
1208 3795 1309 3866 verba
1333 3795 1368 3868 in

161 3921 227 3994 boc
252 3921 371 3992 ordine
403 3919 483 4001 leci,
520 3939 608 4010 sape
643 3915 684 3989 de
714 3917 848 3988 luxuria
885 3930 984 4011 atque
1018 3919 1156 4008 avaritia
1180 3928 1368 3990 nostrorum

161 4047 285 4118 civium
319 4054 454 4138 questus
494 4063 581 4122 snm,
617 4041 803 4134 multosque
836 4041 983 4112 mortalis
1017 4064 1056 4112 ea
1090 4063 1189 4112 causa
1213 4041 1368 4114 advorsos

162 4169 287 4252 babeo,
326 4169 386 4262 qui
418 4166 503 4238 mibi
534 4177 634 4259 atque
668 4165 779 4236 animo
813 4187 888 4236 meo
921 4165 1046 4236 nullius
1071 4187 1230 4258 umquem
1256 4164 1367 4238 delicti

160 4295 302 4386 gratim
328 4293 498 4376 iecissem,
523 4290 613 4362 baud
639 4289 736 4360 facile
760 4289 895 4360 alterius
919 4287 1062 4360 lubidini
1086 4289 1259 4360 malefacta
1285 4312 1367 4360 con-

160 4419 338 4492 donebam.
382 4416 448 4488 Sed
480 4437 521 4486 ea
549 4413 677 4486 tametsi
710 4435 768 4484 vos
801 4411 895 4506 parvi
928 4410 1139 4505 pendebatis,
1178 4423 1288 4484 umen
1314 4436 1367 4486 ros

159 4542 296 4636 publica
320 4542 416 4612 lirmn
449 4549 536 4624 erat,
569 4537 737 4632 opulentia
769 4535 1014 4628 neglegentiam
1049 4536 1220 4610 tolerabat.
1270 4539 1367 4610 Nunc

158 4689 240 4740 sero
264 4688 333 4738 non
358 4663 394 4736 'ul
405 4662 535 4756 agitm,
560 4660 701 4734 bonisne
716 4682 760 4732 nn
778 4659 873 4732 mun
889 4660 1040 4732 moribus
1065 4660 1230 4744 vivamus,
1256 4683 1366 4754 neque

1168 4776 1206 4840 3⁶
