3582 5594
487 870 628 964 aliisque
660 869 839 962 generibus
871 867 1037 951 arborum,
1072 887 1147 959 quae
1177 865 1269 937 bumi
1300 865 1392 937 arido
1425 875 1524 959 atque
1550 887 1681 936 arenoso

486 997 679 1089 gignuntur.
716 995 828 1070 Media
853 1006 963 1067 antem
985 992 1144 1088 planicies
1167 991 1295 1062 deserta
1317 992 1458 1086 penuria
1480 1013 1577 1085 aqna
1601 1015 1683 1085 prn-

486 1131 536 1191 ter
560 1119 691 1194 flumini
720 1121 908 1215 propinqua
938 1120 1029 1190 loca:
1064 1139 1104 1188 ea
1129 1117 1254 1187 consita
1280 1116 1421 1188 arbustis
1445 1137 1565 1209 pecore
1590 1127 1682 1209 atque

486 1244 664 1316 cultoribus
690 1245 993 1339 frequentabantur.

559 1391 653 1438 xnrx.
703 1369 809 1462 igitur
833 1369 868 1438 in
894 1391 935 1438 eo
953 1366 1051 1446 colle,
1078 1387 1178 1458 quem
1203 1373 1392 1435 transvorso
1417 1364 1535 1435 itinere
1551 1387 1684 1458 porrec-

486 1501 555 1564 tum
594 1492 778 1576 docuimus,
824 1491 983 1584 Iugurtha
1024 1500 1200 1561 extenuata
1239 1513 1374 1560 suornm
1417 1490 1487 1560 acie
1521 1489 1682 1560 consedit:

486 1617 671 1710 elepbantis
695 1626 728 1688 et
757 1617 841 1710 parti
868 1617 1038 1710 copiarum
1064 1613 1265 1708 pedestrium
1292 1614 1514 1684 bomilcarem
1540 1614 1685 1707 praelecit

486 1763 629 1836 eumque
655 1741 780 1823 edocet,
807 1761 882 1833 quae
909 1748 1037 1830 ageret:
1072 1738 1142 1831 ipse
1167 1737 1302 1830 propior
1325 1747 1471 1808 montem
1496 1719 1573 1808 cum
1598 1740 1683 1810 omni

486 1864 633 1958 equitatu
658 1874 690 1934 et
713 1862 877 1957 peditibus
903 1862 1039 1932 delectis
1064 1885 1139 1933 snos
1157 1862 1310 1932 collocat:
1337 1862 1415 1932 dein
1441 1861 1590 1954 singulas
1616 1870 1686 1934 tnr-

485 2011 555 2060 mas
578 1998 610 2058 ot
634 1988 820 2080 manipulos
845 1986 1043 2057 circumiens
1068 1997 1182 2056 monet
1207 1997 1308 2080 atque
1333 1986 1522 2069 obtestatur,
1549 1987 1597 2058 uti
1615 2009 1685 2056 me-

485 2135 592 2184 mores
618 2112 763 2205 pristine
789 2111 915 2182 virtutis
941 2120 972 2180 et
997 2110 1142 2182 victoriae
1175 2133 1247 2180 sese
1277 2133 1486 2204 regnumque
1519 2133 1616 2182 suum
1645 2111 1685 2180 ab

484 2238 709 2308 Romanorum
734 2235 873 2307 avaritia
897 2234 1089 2314 defendantr
1122 2256 1198 2304 cum
1224 2233 1275 2304 bis
1300 2244 1466 2306 certamen
1491 2235 1574 2314 lore,
1605 2257 1685 2328 quos

485 2369 582 2432 antea
606 2360 707 2430 victos
732 2358 793 2430 sub
818 2359 934 2451 ingram
952 2357 1112 2441 miserint,
1137 2357 1256 2429 ducem
1274 2357 1340 2428 illis
1360 2381 1428 2428 non
1444 2359 1593 2428 animum
1610 2381 1686 2429 mu-

485 2494 602 2565 tatum:
635 2506 709 2576 quae
734 2484 777 2554 ab
802 2483 1001 2576 imperatore
1026 2481 1207 2564 decuerint,
1233 2481 1345 2552 omnia
1371 2482 1438 2552 sois
1463 2483 1607 2575 provisa,
1634 2483 1686 2553 lo·

485 2631 561 2680 cum
597 2607 812 2702 superiorem,
851 2616 886 2677 nt
914 2605 1093 2699 prudentes
1122 2629 1197 2676 cnm
1230 2606 1402 2699 imperitis,
1440 2629 1482 2677 ne
1513 2608 1687 2700 panciores

485 2755 561 2803 enm
585 2733 736 2826 pluribus
761 2741 818 2804 aut
842 2728 941 2800 rudes
968 2752 1043 2800 cnm
1069 2729 1159 2800 bello
1188 2729 1382 2801 melioribus
1407 2751 1543 2802 manum
1569 2753 1687 2802 eonse-

484 2866 611 2938 rerent;
647 2855 786 2950 proinde
815 2854 922 2948 parati
953 2853 1135 2946 intentique
1162 2865 1271 2924 essent
1299 2856 1396 2947 signo
1420 2853 1495 2924 dato
1520 2855 1687 2926 Romanos

484 2980 660 3052 invadere:
699 2978 795 3048 illum
829 2977 917 3048 diem
943 2987 1001 3048 aut
1024 2976 1133 3046 omnis
1158 2977 1288 3049 labores
1316 2988 1349 3048 et
1381 2978 1536 3050 victorias
1562 2979 1688 3050 conlir-

483 3115 662 3188 maturum,
688 3113 745 3175 ant
768 3125 1001 3174 maxumarum
1026 3123 1251 3174 erumnarum
1276 3103 1405 3175 initium
1431 3106 1512 3176 iore.
1551 3105 1689 3178 Adbuc

483 3225 617 3309 viritim,
651 3227 699 3298 uti
723 3250 890 3321 quemque
916 3225 958 3296 ob
985 3225 1129 3296 militare
1160 3226 1284 3298 lacinus
1309 3227 1452 3320 pecunia
1476 3238 1534 3298 aut
1557 3228 1688 3302 honore

483 3351 658 3436 extulerat,
696 3350 979 3422 commonefacere
1013 3348 1165 3420 beneficii
1203 3351 1255 3422 sui
1293 3361 1325 3420 et
1358 3374 1435 3422 enm
1468 3352 1578 3445 ipsum
1612 3354 1690 3424 aliis

482 3485 664 3546 ostentare:
696 3487 859 3570 postremo
892 3497 953 3568 pro
984 3475 1144 3567 cuiusque
1178 3474 1323 3568 ingenio,
1357 3475 1555 3570 pollicendo,
1583 3479 1691 3549 mini-

482 3600 592 3682 tando,
618 3598 823 3682 obtestando,
849 3599 953 3669 alium
970 3597 1037 3668 alio
1062 3596 1161 3667 modo
1177 3597 1341 3669 excitare:
1367 3622 1443 3670 cum
1460 3599 1594 3670 interim
1612 3601 1691 3672 ble-

482 3721 579 3792 tellns
610 3721 746 3812 ignarus
780 3720 935 3804 bostium,
968 3729 1080 3790 monte
1105 3719 1295 3811 digrediens
1320 3743 1396 3792 cnm
1428 3722 1577 3794 exercitu
1602 3747 1691 3795 con-

481 3844 629 3938 spicitur,
654 3844 762 3937 primo
780 3844 910 3924 dubius,
936 3842 1095 3935 quidnam
1112 3842 1245 3914 insolita
1262 3844 1362 3914 iacies
1380 3846 1579 3930 ostenderet,
1606 3871 1690 3918 nam

482 3967 568 4039 inter
592 3966 735 4057 virgulta
759 3966 838 4059 eqni
863 3964 1082 4058 Numidaeque
1108 3965 1336 4050 consederant,
1367 3989 1475 4061 neque
1499 3969 1601 4061 plane
1628 3994 1691 4040 oc-

481 4093 593 4167 cultati
619 4090 803 4162 bumilitate
829 4091 996 4173 arborum,
1036 4100 1068 4160 et
1094 4101 1203 4162 nmen
1234 4092 1363 4175 incerti,
1397 4093 1557 4187 quidnam
1583 4106 1689 4175 essem

480 4241 555 4289 cum
581 4226 699 4288 natura
722 4215 798 4299 loci,
832 4224 902 4286 tum
928 4215 1005 4287 dolo
1035 4216 1098 4309 ipsi
1130 4227 1231 4310 atque
1261 4219 1356 4311 signa
1382 4219 1537 4290 militaria
1562 4221 1691 4291 obson-

479 4343 556 4423 rati;
582 4341 660 4413 dein
690 4339 783 4412 brevi
809 4338 950 4430 cognitis
976 4338 1105 4410 insidiis
1140 4343 1309 4436 paulisper
1342 4364 1463 4435 agmen
1498 4346 1689 4427 constitnit;

479 4465 525 4536 ibi
550 4464 756 4537 commutatis
781 4462 965 4546 ordinibus,
1004 4464 1038 4533 in
1063 4464 1181 4536 denuo
1206 4466 1320 4549 latere,
1359 4467 1446 4562 quod
1481 4491 1691 4562 proxumum

478 4592 586 4662 hostes
604 4604 686 4674 erat,
713 4589 898 4683 triplicibus
920 4589 1075 4658 subsidiis
1100 4589 1207 4660 aciem
1234 4591 1397 4674 instruxit,
1425 4593 1510 4664 inter
1527 4597 1692 4690 manipn-

479 4718 528 4788 los
561 4717 741 4789 lunditores
775 4725 807 4785 et
841 4714 1028 4808 sagittarios
1063 4714 1226 4808 dispertit:
1265 4720 1445 4810 equitatum
1478 4743 1616 4792 omnem
1655 4720 1692 4789 in
