<?xml version="1.0" encoding="UTF-8"?>
<!DOCTYPE html PUBLIC "-//W3C//DTD XHTML 1.0 Transitional//EN"
    "http://www.w3.org/TR/xhtml1/DTD/xhtml1-transitional.dtd">
<html xmlns="http://www.w3.org/1999/xhtml" xml:lang="en" lang="en">
 <head>
  <title>
</title>
<meta http-equiv="Content-Type" content="text/html;charset=utf-8" />
  <meta name='ocr-system' content='tesseract 3.04.00' />
  <meta name='ocr-capabilities' content='ocr_page ocr_carea ocr_par ocr_line ocrx_word'/>
</head>
<body>
  <div class='ocr_page' id='page_1' title='image "./gaisalustiicris00rothgoog_0048.png"; bbox 0 0 3610 5592; ppageno 0'>
   <div class='ocr_carea' id='block_1_1' title="bbox 1332 679 1369 746">
    <p class='ocr_par' dir='ltr' id='par_1_1' title="bbox 1332 679 1369 746">
     <span class='ocr_line' id='line_1_1' title="bbox 1332 679 1369 746; baseline -0.027 0"><span class='ocrx_word' id='word_1_1' title='bbox 1332 679 1369 746; x_wconf 90' lang='lat' dir='ltr'><strong>ll</strong></span> 
     </span>
    </p>
   </div>
   <div class='ocr_carea' id='block_1_2' title="bbox 174 877 1424 3212">
    <p class='ocr_par' dir='ltr' id='par_1_2' title="bbox 174 877 1378 2342">
     <span class='ocr_line' id='line_1_2' title="bbox 249 877 1377 972; baseline 0.005 -28"><span class='ocrx_word' id='word_1_2' title='bbox 249 897 306 944; x_wconf 81' lang='lat' dir='ltr'><strong>xv.</strong></span> <span class='ocrx_word' id='word_1_3' title='bbox 359 877 429 946; x_wconf 91' lang='lat' dir='ltr'><strong>lam</strong></span> <span class='ocrx_word' id='word_1_4' title='bbox 447 879 589 969; x_wconf 92' lang='lat' dir='ltr'><strong>primum</strong></span> <span class='ocrx_word' id='word_1_5' title='bbox 608 879 802 949; x_wconf 78' lang='lat' dir='ltr'>adulescens</span> <span class='ocrx_word' id='word_1_6' title='bbox 819 879 959 950; x_wconf 84' lang='lat' dir='ltr'><strong>Catilina</strong></span> <span class='ocrx_word' id='word_1_7' title='bbox 975 880 1079 949; x_wconf 89' lang='lat' dir='ltr'><strong>multa</strong></span> <span class='ocrx_word' id='word_1_8' title='bbox 1096 878 1239 950; x_wconf 81' lang='lat' dir='ltr'><strong>nefanda</strong></span> <span class='ocrx_word' id='word_1_9' title='bbox 1263 889 1377 972; x_wconf 86' lang='lat' dir='ltr'><strong>stupra</strong></span> 
     </span>
     <span class='ocr_line' id='line_1_3' title="bbox 176 1000 1376 1091; baseline 0.006 -24"><span class='ocrx_word' id='word_1_10' title='bbox 176 1000 321 1078; x_wconf 86' lang='lat' dir='ltr'><strong>lecerat,</strong></span> <span class='ocrx_word' id='word_1_11' title='bbox 341 1023 418 1072; x_wconf 92' lang='lat' dir='ltr'><strong>cum</strong></span> <span class='ocrx_word' id='word_1_12' title='bbox 436 1001 564 1091; x_wconf 86' lang='lat' dir='ltr'><strong>virgine</strong></span> <span class='ocrx_word' id='word_1_13' title='bbox 581 1002 698 1084; x_wconf 90' lang='lat' dir='ltr'><strong>nobili,</strong></span> <span class='ocrx_word' id='word_1_14' title='bbox 716 1025 794 1073; x_wconf 89' lang='lat' dir='ltr'><strong>cum</strong></span> <span class='ocrx_word' id='word_1_15' title='bbox 811 1003 980 1073; x_wconf 77' lang='lat' dir='ltr'><strong>sacerdote</strong></span> <span class='ocrx_word' id='word_1_16' title='bbox 997 1005 1116 1084; x_wconf 79' lang='lat' dir='ltr'><strong>Vesta,</strong></span> <span class='ocrx_word' id='word_1_17' title='bbox 1133 1003 1199 1073; x_wconf 86' lang='lat' dir='ltr'><strong>alia</strong></span> <span class='ocrx_word' id='word_1_18' title='bbox 1217 1003 1376 1074; x_wconf 88' lang='lat' dir='ltr'><strong>huiusce-</strong></span> 
     </span>
     <span class='ocr_line' id='line_1_4' title="bbox 176 1125 1377 1220; baseline 0.003 -26"><span class='ocrx_word' id='word_1_19' title='bbox 176 1125 263 1196; x_wconf 91' lang='lat' dir='ltr'><strong>modi</strong></span> <span class='ocrx_word' id='word_1_20' title='bbox 303 1137 419 1196; x_wconf 88' lang='lat' dir='ltr'><strong>eontra</strong></span> <span class='ocrx_word' id='word_1_21' title='bbox 455 1129 506 1196; x_wconf 92' lang='lat' dir='ltr'><strong>ius</strong></span> <span class='ocrx_word' id='word_1_22' title='bbox 543 1127 669 1219; x_wconf 82' lang='lat' dir='ltr'><strong>fasque.</strong></span> <span class='ocrx_word' id='word_1_23' title='bbox 728 1129 895 1197; x_wconf 85' lang='lat' dir='ltr'><strong>Postremo</strong></span> <span class='ocrx_word' id='word_1_24' title='bbox 933 1138 1046 1220; x_wconf 86' lang='lat' dir='ltr'><strong>captus</strong></span> <span class='ocrx_word' id='word_1_25' title='bbox 1080 1150 1193 1198; x_wconf 81' lang='lat' dir='ltr'><strong>amore</strong></span> <span class='ocrx_word' id='word_1_26' title='bbox 1231 1127 1377 1199; x_wconf 73' lang='lat' dir='ltr'><strong>Aureliae</strong></span> 
     </span>
     <span class='ocr_line' id='line_1_5' title="bbox 175 1251 1376 1346; baseline 0.001 -25"><span class='ocrx_word' id='word_1_27' title='bbox 175 1251 361 1331; x_wconf 78' lang='lat' dir='ltr'><strong>Orestilla,</strong></span> <span class='ocrx_word' id='word_1_28' title='bbox 387 1257 481 1322; x_wconf 89' lang='lat' dir='ltr'><strong>cuius</strong></span> <span class='ocrx_word' id='word_1_29' title='bbox 505 1263 624 1344; x_wconf 80' lang='lat' dir='ltr'><strong>prater</strong></span> <span class='ocrx_word' id='word_1_30' title='bbox 641 1252 781 1322; x_wconf 81' lang='lat' dir='ltr'><strong>formam</strong></span> <span class='ocrx_word' id='word_1_31' title='bbox 804 1251 891 1322; x_wconf 89' lang='lat' dir='ltr'><strong>nibil</strong></span> <span class='ocrx_word' id='word_1_32' title='bbox 908 1275 1068 1346; x_wconf 87' lang='lat' dir='ltr'><strong>umquam</strong></span> <span class='ocrx_word' id='word_1_33' title='bbox 1085 1254 1193 1324; x_wconf 88' lang='lat' dir='ltr'><strong>bonus</strong></span> <span class='ocrx_word' id='word_1_34' title='bbox 1217 1251 1376 1338; x_wconf 83' lang='lat' dir='ltr'><strong>laudarit,</strong></span> 
     </span>
     <span class='ocr_line' id='line_1_6' title="bbox 175 1376 1376 1470; baseline 0.002 -24"><span class='ocrx_word' id='word_1_35' title='bbox 175 1376 264 1470; x_wconf 84' lang='lat' dir='ltr'><strong>quod</strong></span> <span class='ocrx_word' id='word_1_36' title='bbox 291 1399 332 1446; x_wconf 89' lang='lat' dir='ltr'><strong>ea</strong></span> <span class='ocrx_word' id='word_1_37' title='bbox 354 1377 483 1447; x_wconf 90' lang='lat' dir='ltr'><strong>nubere</strong></span> <span class='ocrx_word' id='word_1_38' title='bbox 508 1376 558 1445; x_wconf 94' lang='lat' dir='ltr'><strong>illi</strong></span> <span class='ocrx_word' id='word_1_39' title='bbox 583 1376 765 1458; x_wconf 80' lang='lat' dir='ltr'><strong>dubitabat,</strong></span> <span class='ocrx_word' id='word_1_40' title='bbox 792 1377 909 1446; x_wconf 88' lang='lat' dir='ltr'><strong>timens</strong></span> <span class='ocrx_word' id='word_1_41' title='bbox 925 1376 1115 1468; x_wconf 85' lang='lat' dir='ltr'><strong>privignum</strong></span> <span class='ocrx_word' id='word_1_42' title='bbox 1132 1377 1245 1448; x_wconf 84' lang='lat' dir='ltr'><strong>adulta</strong></span> <span class='ocrx_word' id='word_1_43' title='bbox 1269 1385 1376 1459; x_wconf 76' lang='lat' dir='ltr'><strong>etate,</strong></span> 
     </span>
     <span class='ocr_line' id='line_1_7' title="bbox 177 1500 1378 1595; baseline 0.004 -25"><span class='ocrx_word' id='word_1_44' title='bbox 177 1524 236 1593; x_wconf 93' lang='lat' dir='ltr'><strong>pro</strong></span> <span class='ocrx_word' id='word_1_45' title='bbox 260 1511 351 1571; x_wconf 87' lang='lat' dir='ltr'><strong>certo</strong></span> <span class='ocrx_word' id='word_1_46' title='bbox 376 1500 522 1571; x_wconf 88' lang='lat' dir='ltr'><strong>ereditur</strong></span> <span class='ocrx_word' id='word_1_47' title='bbox 550 1510 666 1571; x_wconf 81' lang='lat' dir='ltr'><strong>necato</strong></span> <span class='ocrx_word' id='word_1_48' title='bbox 703 1500 772 1572; x_wconf 85' lang='lat' dir='ltr'><strong>filio</strong></span> <span class='ocrx_word' id='word_1_49' title='bbox 797 1523 935 1572; x_wconf 84' lang='lat' dir='ltr'><strong>vacuam</strong></span> <span class='ocrx_word' id='word_1_50' title='bbox 959 1501 1093 1572; x_wconf 94' lang='lat' dir='ltr'><strong>domum</strong></span> <span class='ocrx_word' id='word_1_51' title='bbox 1118 1501 1265 1570; x_wconf 73' lang='lat' dir='ltr'><strong>scelestis</strong></span> <span class='ocrx_word' id='word_1_52' title='bbox 1289 1523 1378 1595; x_wconf 87' lang='lat' dir='ltr'><strong>nup-</strong></span> 
     </span>
     <span class='ocr_line' id='line_1_8' title="bbox 176 1623 1377 1718; baseline 0.002 -24"><span class='ocrx_word' id='word_1_53' title='bbox 176 1626 228 1694; x_wconf 84' lang='lat' dir='ltr'><strong>tiis</strong></span> <span class='ocrx_word' id='word_1_54' title='bbox 254 1625 384 1694; x_wconf 83' lang='lat' dir='ltr'><strong>iecisse.</strong></span> <span class='ocrx_word' id='word_1_55' title='bbox 436 1624 519 1707; x_wconf 80' lang='lat' dir='ltr'><strong>Qua</strong></span> <span class='ocrx_word' id='word_1_56' title='bbox 544 1623 679 1718; x_wconf 87' lang='lat' dir='ltr'><strong>quidem</strong></span> <span class='ocrx_word' id='word_1_57' title='bbox 704 1646 758 1694; x_wconf 87' lang='lat' dir='ltr'><strong>res</strong></span> <span class='ocrx_word' id='word_1_58' title='bbox 784 1624 868 1694; x_wconf 91' lang='lat' dir='ltr'><strong>mibi</strong></span> <span class='ocrx_word' id='word_1_59' title='bbox 903 1625 936 1695; x_wconf 93' lang='lat' dir='ltr'><strong>in</strong></span> <span class='ocrx_word' id='word_1_60' title='bbox 970 1625 1086 1717; x_wconf 91' lang='lat' dir='ltr'><strong>primis</strong></span> <span class='ocrx_word' id='word_1_61' title='bbox 1115 1625 1245 1696; x_wconf 89' lang='lat' dir='ltr'><strong>ridetur</strong></span> <span class='ocrx_word' id='word_1_62' title='bbox 1279 1647 1377 1697; x_wconf 86' lang='lat' dir='ltr'><strong>causa</strong></span> 
     </span>
     <span class='ocr_line' id='line_1_9' title="bbox 177 1749 1378 1843; baseline 0.002 -25"><span class='ocrx_word' id='word_1_63' title='bbox 177 1750 276 1818; x_wconf 81' lang='lat' dir='ltr'><strong>luisse</strong></span> <span class='ocrx_word' id='word_1_64' title='bbox 302 1749 457 1818; x_wconf 78' lang='lat' dir='ltr'><strong>facinoris</strong></span> <span class='ocrx_word' id='word_1_65' title='bbox 473 1749 671 1819; x_wconf 83' lang='lat' dir='ltr'><strong>maturandi.</strong></span> <span class='ocrx_word' id='word_1_66' title='bbox 710 1749 861 1842; x_wconf 85' lang='lat' dir='ltr'><strong>Namque</strong></span> <span class='ocrx_word' id='word_1_67' title='bbox 884 1750 1014 1820; x_wconf 90' lang='lat' dir='ltr'><strong>animus</strong></span> <span class='ocrx_word' id='word_1_68' title='bbox 1039 1749 1208 1843; x_wconf 90' lang='lat' dir='ltr'><strong>impurus,</strong></span> <span class='ocrx_word' id='word_1_69' title='bbox 1235 1749 1297 1820; x_wconf 92' lang='lat' dir='ltr'><strong>diis</strong></span> <span class='ocrx_word' id='word_1_70' title='bbox 1314 1749 1378 1822; x_wconf 92' lang='lat' dir='ltr'><strong>bo-</strong></span> 
     </span>
     <span class='ocr_line' id='line_1_10' title="bbox 176 1871 1376 1967; baseline 0.001 -25"><span class='ocrx_word' id='word_1_71' title='bbox 176 1873 388 1966; x_wconf 88' lang='lat' dir='ltr'><strong>minibnsque</strong></span> <span class='ocrx_word' id='word_1_72' title='bbox 422 1871 575 1954; x_wconf 81' lang='lat' dir='ltr'><strong>infestus,</strong></span> <span class='ocrx_word' id='word_1_73' title='bbox 623 1897 732 1967; x_wconf 88' lang='lat' dir='ltr'><strong>neque</strong></span> <span class='ocrx_word' id='word_1_74' title='bbox 763 1875 886 1966; x_wconf 79' lang='lat' dir='ltr'><strong>vigiliis</strong></span> <span class='ocrx_word' id='word_1_75' title='bbox 920 1897 1029 1966; x_wconf 88' lang='lat' dir='ltr'><strong>neque</strong></span> <span class='ocrx_word' id='word_1_76' title='bbox 1066 1873 1234 1967; x_wconf 81' lang='lat' dir='ltr'><strong>quietibus</strong></span> <span class='ocrx_word' id='word_1_77' title='bbox 1267 1873 1376 1944; x_wconf 87' lang='lat' dir='ltr'><strong>sedari</strong></span> 
     </span>
     <span class='ocr_line' id='line_1_11' title="bbox 174 1997 1377 2090; baseline 0.001 -23"><span class='ocrx_word' id='word_1_78' title='bbox 174 2007 318 2090; x_wconf 71' lang='lat' dir='ltr'><strong>poterat:</strong></span> <span class='ocrx_word' id='word_1_79' title='bbox 337 1999 382 2068; x_wconf 90' lang='lat' dir='ltr'><strong>ita</strong></span> <span class='ocrx_word' id='word_1_80' title='bbox 399 1997 600 2068; x_wconf 87' lang='lat' dir='ltr'><strong>conscientia</strong></span> <span class='ocrx_word' id='word_1_81' title='bbox 622 2010 768 2069; x_wconf 87' lang='lat' dir='ltr'><strong>mentem</strong></span> <span class='ocrx_word' id='word_1_82' title='bbox 790 2001 932 2070; x_wconf 82' lang='lat' dir='ltr'><strong>excitam</strong></span> <span class='ocrx_word' id='word_1_83' title='bbox 956 2000 1114 2070; x_wconf 76' lang='lat' dir='ltr'><strong>vastabat.</strong></span> <span class='ocrx_word' id='word_1_84' title='bbox 1154 2000 1259 2090; x_wconf 81' lang='lat' dir='ltr'><strong>Igitur</strong></span> <span class='ocrx_word' id='word_1_85' title='bbox 1287 1999 1377 2068; x_wconf 90' lang='lat' dir='ltr'><strong>colos</strong></span> 
     </span>
     <span class='ocr_line' id='line_1_12' title="bbox 175 2121 1372 2215; baseline 0.001 -24"><span class='ocrx_word' id='word_1_86' title='bbox 175 2123 206 2191; x_wconf 89' lang='lat' dir='ltr'><strong>ei</strong></span> <span class='ocrx_word' id='word_1_87' title='bbox 231 2122 430 2215; x_wconf 79' lang='lat' dir='ltr'><strong>exsanguis,</strong></span> <span class='ocrx_word' id='word_1_88' title='bbox 466 2123 545 2193; x_wconf 77' lang='lat' dir='ltr'><strong>rodi</strong></span> <span class='ocrx_word' id='word_1_89' title='bbox 569 2123 669 2204; x_wconf 88' lang='lat' dir='ltr'><strong>oculi,</strong></span> <span class='ocrx_word' id='word_1_90' title='bbox 702 2123 784 2194; x_wconf 90' lang='lat' dir='ltr'><strong>citus</strong></span> <span class='ocrx_word' id='word_1_91' title='bbox 808 2125 926 2204; x_wconf 92' lang='lat' dir='ltr'><strong>modo,</strong></span> <span class='ocrx_word' id='word_1_92' title='bbox 952 2125 1050 2194; x_wconf 92' lang='lat' dir='ltr'><strong>modo</strong></span> <span class='ocrx_word' id='word_1_93' title='bbox 1075 2125 1186 2195; x_wconf 88' lang='lat' dir='ltr'><strong>tardus</strong></span> <span class='ocrx_word' id='word_1_94' title='bbox 1212 2121 1372 2202; x_wconf 60' lang='lat' dir='ltr'><strong>necessum</strong></span> 
     </span>
     <span class='ocr_line' id='line_1_13' title="bbox 176 2247 971 2342; baseline 0.003 -26"><span class='ocrx_word' id='word_1_95' title='bbox 176 2271 310 2340; x_wconf 84' lang='lat' dir='ltr'><strong>prorsus</strong></span> <span class='ocrx_word' id='word_1_96' title='bbox 335 2247 369 2316; x_wconf 92' lang='lat' dir='ltr'><strong>in</strong></span> <span class='ocrx_word' id='word_1_97' title='bbox 388 2248 471 2318; x_wconf 78' lang='lat' dir='ltr'><strong>facie</strong></span> <span class='ocrx_word' id='word_1_98' title='bbox 496 2249 651 2342; x_wconf 82' lang='lat' dir='ltr'><strong>voltuque</strong></span> <span class='ocrx_word' id='word_1_99' title='bbox 675 2249 829 2320; x_wconf 81' lang='lat' dir='ltr'><strong>vecordia</strong></span> <span class='ocrx_word' id='word_1_100' title='bbox 854 2250 971 2320; x_wconf 86' lang='lat' dir='ltr'><strong>inerat.</strong></span> 
     </span>
    </p>

    <p class='ocr_par' dir='ltr' id='par_1_3' title="bbox 174 2339 1424 3212">
     <span class='ocr_line' id='line_1_14' title="bbox 248 2339 1375 2466; baseline 0 -25"><span class='ocrx_word' id='word_1_101' title='bbox 248 2393 321 2441; x_wconf 86' lang='lat' dir='ltr'><strong>xvr.</strong></span> <span class='ocrx_word' id='word_1_102' title='bbox 372 2371 436 2442; x_wconf 92' lang='lat' dir='ltr'><strong>Sed</strong></span> <span class='ocrx_word' id='word_1_103' title='bbox 453 2373 675 2454; x_wconf 86' lang='lat' dir='ltr'><strong>inventutem,</strong></span> <span class='ocrx_word' id='word_1_104' title='bbox 694 2395 810 2465; x_wconf 71' lang='lat' dir='ltr'><strong>quarm</strong></span> <span class='ocrx_word' id='word_1_105' title='bbox 836 2384 871 2445; x_wconf 93' lang='lat' dir='ltr'><strong>ut</strong></span> <span class='ocrx_word' id='word_1_106' title='bbox 899 2373 1176 2466; x_wconf 84' lang='lat' dir='ltr'><strong>supradiximus,</strong></span> <span class='ocrx_word' id='word_1_107' title='bbox 1203 2339 1375 2451; x_wconf 77' lang='lat' dir='ltr'><strong>inlexerit</strong></span> 
     </span>
     <span class='ocr_line' id='line_1_15' title="bbox 174 2494 1377 2586; baseline 0 -20"><span class='ocrx_word' id='word_1_108' title='bbox 174 2497 285 2566; x_wconf 90' lang='lat' dir='ltr'><strong>multis</strong></span> <span class='ocrx_word' id='word_1_109' title='bbox 319 2494 427 2566; x_wconf 89' lang='lat' dir='ltr'><strong>modis</strong></span> <span class='ocrx_word' id='word_1_110' title='bbox 452 2497 541 2566; x_wconf 82' lang='lat' dir='ltr'><strong>mala</strong></span> <span class='ocrx_word' id='word_1_111' title='bbox 568 2496 716 2567; x_wconf 80' lang='lat' dir='ltr'><strong>facinora</strong></span> <span class='ocrx_word' id='word_1_112' title='bbox 740 2496 907 2566; x_wconf 85' lang='lat' dir='ltr'><strong>edocebat.</strong></span> <span class='ocrx_word' id='word_1_113' title='bbox 957 2499 1010 2567; x_wconf 83' lang='lat' dir='ltr'><strong>Ex</strong></span> <span class='ocrx_word' id='word_1_114' title='bbox 1047 2497 1114 2566; x_wconf 92' lang='lat' dir='ltr'><strong>illis</strong></span> <span class='ocrx_word' id='word_1_115' title='bbox 1141 2505 1238 2566; x_wconf 90' lang='lat' dir='ltr'><strong>testes</strong></span> <span class='ocrx_word' id='word_1_116' title='bbox 1263 2495 1377 2586; x_wconf 80' lang='lat' dir='ltr'><strong>signa·</strong></span> 
     </span>
     <span class='ocr_line' id='line_1_16' title="bbox 176 2619 1377 2714; baseline 0.002 -26"><span class='ocrx_word' id='word_1_117' title='bbox 176 2631 329 2712; x_wconf 80' lang='lat' dir='ltr'><strong>torosque</strong></span> <span class='ocrx_word' id='word_1_118' title='bbox 363 2619 461 2690; x_wconf 79' lang='lat' dir='ltr'><strong>falsos</strong></span> <span class='ocrx_word' id='word_1_119' title='bbox 494 2620 725 2702; x_wconf 65' lang='lat' dir='ltr'><strong>commodam</strong></span> <span class='ocrx_word' id='word_1_120' title='bbox 764 2620 883 2702; x_wconf 84' lang='lat' dir='ltr'><strong>iidem,</strong></span> <span class='ocrx_word' id='word_1_121' title='bbox 917 2621 1083 2702; x_wconf 85' lang='lat' dir='ltr'><strong>fortunas,</strong></span> <span class='ocrx_word' id='word_1_122' title='bbox 1122 2622 1269 2714; x_wconf 89' lang='lat' dir='ltr'><strong>pericula</strong></span> <span class='ocrx_word' id='word_1_123' title='bbox 1299 2619 1377 2691; x_wconf 84' lang='lat' dir='ltr'><strong>vilia</strong></span> 
     </span>
     <span class='ocr_line' id='line_1_17' title="bbox 176 2744 1375 2839; baseline -0.001 -25"><span class='ocrx_word' id='word_1_124' title='bbox 176 2744 317 2823; x_wconf 85' lang='lat' dir='ltr'><strong>babere;</strong></span> <span class='ocrx_word' id='word_1_125' title='bbox 352 2755 439 2837; x_wconf 90' lang='lat' dir='ltr'><strong>post,</strong></span> <span class='ocrx_word' id='word_1_126' title='bbox 472 2744 528 2814; x_wconf 95' lang='lat' dir='ltr'><strong>ubi</strong></span> <span class='ocrx_word' id='word_1_127' title='bbox 560 2767 676 2815; x_wconf 91' lang='lat' dir='ltr'><strong>eorum</strong></span> <span class='ocrx_word' id='word_1_128' title='bbox 708 2745 830 2815; x_wconf 85' lang='lat' dir='ltr'><strong>famam</strong></span> <span class='ocrx_word' id='word_1_129' title='bbox 864 2757 963 2839; x_wconf 83' lang='lat' dir='ltr'><strong>atque</strong></span> <span class='ocrx_word' id='word_1_130' title='bbox 996 2746 1158 2838; x_wconf 90' lang='lat' dir='ltr'><strong>pudorem</strong></span> <span class='ocrx_word' id='word_1_131' title='bbox 1196 2744 1375 2826; x_wconf 80' lang='lat' dir='ltr'><strong>attriverat,</strong></span> 
     </span>
     <span class='ocr_line' id='line_1_18' title="bbox 175 2869 1376 2962; baseline -0.001 -24"><span class='ocrx_word' id='word_1_132' title='bbox 175 2871 302 2939; x_wconf 85' lang='lat' dir='ltr'><strong>maiora</strong></span> <span class='ocrx_word' id='word_1_133' title='bbox 327 2869 405 2940; x_wconf 87' lang='lat' dir='ltr'><strong>alia·</strong></span> <span class='ocrx_word' id='word_1_134' title='bbox 418 2869 615 2962; x_wconf 87' lang='lat' dir='ltr'><strong>imperabat;</strong></span> <span class='ocrx_word' id='word_1_135' title='bbox 650 2869 677 2939; x_wconf 92' lang='lat' dir='ltr'><strong>si</strong></span> <span class='ocrx_word' id='word_1_136' title='bbox 711 2891 810 2940; x_wconf 82' lang='lat' dir='ltr'><strong>eausa</strong></span> <span class='ocrx_word' id='word_1_137' title='bbox 843 2869 1003 2962; x_wconf 89' lang='lat' dir='ltr'><strong>peccandi</strong></span> <span class='ocrx_word' id='word_1_138' title='bbox 1036 2869 1071 2938; x_wconf 93' lang='lat' dir='ltr'><strong>in</strong></span> <span class='ocrx_word' id='word_1_139' title='bbox 1095 2891 1241 2962; x_wconf 81' lang='lat' dir='ltr'><strong>praesens</strong></span> <span class='ocrx_word' id='word_1_140' title='bbox 1267 2869 1376 2938; x_wconf 90' lang='lat' dir='ltr'><strong>minus</strong></span> 
     </span>
     <span class='ocr_line' id='line_1_19' title="bbox 174 2993 1376 3086; baseline 0 -24"><span class='ocrx_word' id='word_1_141' title='bbox 174 2993 384 3086; x_wconf 83' lang='lat' dir='ltr'><strong>suppetebat,</strong></span> <span class='ocrx_word' id='word_1_142' title='bbox 419 2993 524 3063; x_wconf 89' lang='lat' dir='ltr'><strong>nihilo</strong></span> <span class='ocrx_word' id='word_1_143' title='bbox 554 2993 663 3064; x_wconf 90' lang='lat' dir='ltr'><strong>minus</strong></span> <span class='ocrx_word' id='word_1_144' title='bbox 693 2993 836 3064; x_wconf 86' lang='lat' dir='ltr'><strong>insontes</strong></span> <span class='ocrx_word' id='word_1_145' title='bbox 862 2995 956 3065; x_wconf 87' lang='lat' dir='ltr'><strong>sicuti</strong></span> <span class='ocrx_word' id='word_1_146' title='bbox 982 3005 1091 3064; x_wconf 90' lang='lat' dir='ltr'><strong>sontes</strong></span> <span class='ocrx_word' id='word_1_147' title='bbox 1124 2993 1376 3072; x_wconf 83' lang='lat' dir='ltr'><strong>circumvenire,</strong></span> 
     </span>
     <span class='ocr_line' id='line_1_20' title="bbox 175 3116 1424 3212; baseline 0.001 -25"><span class='ocrx_word' id='word_1_148' title='bbox 175 3117 346 3209; x_wconf 77' lang='lat' dir='ltr'><strong>iugulare3</strong></span> <span class='ocrx_word' id='word_1_149' title='bbox 378 3117 517 3198; x_wconf 88' lang='lat' dir='ltr'><strong>seilicet,</strong></span> <span class='ocrx_word' id='word_1_150' title='bbox 547 3139 590 3186; x_wconf 89' lang='lat' dir='ltr'><strong>ne</strong></span> <span class='ocrx_word' id='word_1_151' title='bbox 614 3140 676 3209; x_wconf 90' lang='lat' dir='ltr'><strong>per</strong></span> <span class='ocrx_word' id='word_1_152' title='bbox 700 3119 804 3188; x_wconf 93' lang='lat' dir='ltr'><strong>otium</strong></span> <span class='ocrx_word' id='word_1_153' title='bbox 829 3129 1054 3212; x_wconf 84' lang='lat' dir='ltr'><strong>torpescerent</strong></span> <span class='ocrx_word' id='word_1_154' title='bbox 1077 3139 1195 3188; x_wconf 87' lang='lat' dir='ltr'><strong>manus</strong></span> <span class='ocrx_word' id='word_1_155' title='bbox 1220 3127 1277 3188; x_wconf 91' lang='lat' dir='ltr'><strong>aut</strong></span> <span class='ocrx_word' id='word_1_156' title='bbox 1301 3116 1377 3186; x_wconf 92' lang='lat' dir='ltr'><strong>nni·</strong></span> <span class='ocrx_word' id='word_1_157' title='bbox 1421 3178 1424 3188; x_wconf 80' lang='grc'><strong>.</strong></span> 
     </span>
    </p>
   </div>
   <div class='ocr_carea' id='block_1_3' title="bbox 173 3239 1481 3335">
    <p class='ocr_par' dir='ltr' id='par_1_4' title="bbox 173 3239 1481 3335">
     <span class='ocr_line' id='line_1_21' title="bbox 173 3239 1481 3335; baseline -0.001 -23"><span class='ocrx_word' id='word_1_158' title='bbox 173 3265 262 3323; x_wconf 87' lang='lat' dir='ltr'><strong>mus,</strong></span> <span class='ocrx_word' id='word_1_159' title='bbox 299 3242 444 3332; x_wconf 80' lang='lat' dir='ltr'><strong>gratuito</strong></span> <span class='ocrx_word' id='word_1_160' title='bbox 468 3242 576 3334; x_wconf 86' lang='lat' dir='ltr'><strong>petius</strong></span> <span class='ocrx_word' id='word_1_161' title='bbox 600 3242 706 3312; x_wconf 87' lang='lat' dir='ltr'><strong>malus</strong></span> <span class='ocrx_word' id='word_1_162' title='bbox 738 3251 836 3335; x_wconf 82' lang='lat' dir='ltr'><strong>atque</strong></span> <span class='ocrx_word' id='word_1_163' title='bbox 869 3241 1012 3312; x_wconf 87' lang='lat' dir='ltr'><strong>crudelis</strong></span> <span class='ocrx_word' id='word_1_164' title='bbox 1041 3253 1123 3312; x_wconf 89' lang='lat' dir='ltr'><strong>erat.</strong></span> <span class='ocrx_word' id='word_1_165' title='bbox 1175 3239 1237 3310; x_wconf 89' lang='lat' dir='ltr'><strong>His</strong></span> <span class='ocrx_word' id='word_1_166' title='bbox 1262 3241 1377 3311; x_wconf 86' lang='lat' dir='ltr'><strong>amicis</strong></span> <span class='ocrx_word' id='word_1_167' title='bbox 1478 3268 1481 3282; x_wconf 91' lang='grc'><strong><em>·</em></strong></span> 
     </span>
    </p>
   </div>
   <div class='ocr_carea' id='block_1_4' title="bbox 173 3364 1377 4827">
    <p class='ocr_par' dir='ltr' id='par_1_5' title="bbox 173 3364 1377 4330">
     <span class='ocr_line' id='line_1_22' title="bbox 173 3364 1377 3459; baseline -0.001 -24"><span class='ocrx_word' id='word_1_168' title='bbox 173 3367 339 3458; x_wconf 87' lang='lat' dir='ltr'><strong>sociisque</strong></span> <span class='ocrx_word' id='word_1_169' title='bbox 366 3364 507 3436; x_wconf 87' lang='lat' dir='ltr'><strong>confisus</strong></span> <span class='ocrx_word' id='word_1_170' title='bbox 533 3365 687 3446; x_wconf 83' lang='lat' dir='ltr'><strong>Catilina,</strong></span> <span class='ocrx_word' id='word_1_171' title='bbox 714 3367 812 3437; x_wconf 90' lang='lat' dir='ltr'><strong>simul</strong></span> <span class='ocrx_word' id='word_1_172' title='bbox 830 3365 918 3459; x_wconf 92' lang='lat' dir='ltr'><strong>quod</strong></span> <span class='ocrx_word' id='word_1_173' title='bbox 944 3389 989 3436; x_wconf 78' lang='lat' dir='ltr'><strong>res</strong></span> <span class='ocrx_word' id='word_1_174' title='bbox 1014 3366 1161 3436; x_wconf 93' lang='lat' dir='ltr'><strong>alienum</strong></span> <span class='ocrx_word' id='word_1_175' title='bbox 1178 3387 1238 3457; x_wconf 92' lang='lat' dir='ltr'><strong>per</strong></span> <span class='ocrx_word' id='word_1_176' title='bbox 1262 3387 1377 3434; x_wconf 91' lang='lat' dir='ltr'><strong>omnes</strong></span> 
     </span>
     <span class='ocr_line' id='line_1_23' title="bbox 174 3489 1377 3584; baseline 0 -24"><span class='ocrx_word' id='word_1_177' title='bbox 174 3503 279 3560; x_wconf 85' lang='lat' dir='ltr'><strong>terras</strong></span> <span class='ocrx_word' id='word_1_178' title='bbox 305 3489 425 3581; x_wconf 81' lang='lat' dir='ltr'><strong>ingens</strong></span> <span class='ocrx_word' id='word_1_179' title='bbox 450 3499 536 3570; x_wconf 90' lang='lat' dir='ltr'><strong>erat,</strong></span> <span class='ocrx_word' id='word_1_180' title='bbox 574 3501 606 3560; x_wconf 92' lang='lat' dir='ltr'><strong>et</strong></span> <span class='ocrx_word' id='word_1_181' title='bbox 633 3489 724 3584; x_wconf 82' lang='lat' dir='ltr'><strong>quod</strong></span> <span class='ocrx_word' id='word_1_182' title='bbox 748 3490 899 3583; x_wconf 88' lang='lat' dir='ltr'><strong>plerique</strong></span> <span class='ocrx_word' id='word_1_183' title='bbox 925 3490 1054 3561; x_wconf 89' lang='lat' dir='ltr'><strong>Sullani</strong></span> <span class='ocrx_word' id='word_1_184' title='bbox 1078 3490 1218 3571; x_wconf 89' lang='lat' dir='ltr'><strong>milites,</strong></span> <span class='ocrx_word' id='word_1_185' title='bbox 1251 3490 1377 3581; x_wconf 83' lang='lat' dir='ltr'><strong>largius</strong></span> 
     </span>
     <span class='ocr_line' id='line_1_24' title="bbox 174 3613 1377 3708; baseline -0.002 -22"><span class='ocrx_word' id='word_1_186' title='bbox 174 3639 234 3686; x_wconf 89' lang='lat' dir='ltr'><strong>suo</strong></span> <span class='ocrx_word' id='word_1_187' title='bbox 259 3617 332 3696; x_wconf 90' lang='lat' dir='ltr'><strong>usi,</strong></span> <span class='ocrx_word' id='word_1_188' title='bbox 357 3615 548 3708; x_wconf 79' lang='lat' dir='ltr'><strong>rapinarum</strong></span> <span class='ocrx_word' id='word_1_189' title='bbox 566 3625 599 3683; x_wconf 92' lang='lat' dir='ltr'><strong>et</strong></span> <span class='ocrx_word' id='word_1_190' title='bbox 623 3613 767 3684; x_wconf 78' lang='lat' dir='ltr'><strong>victorie</strong></span> <span class='ocrx_word' id='word_1_191' title='bbox 783 3613 903 3685; x_wconf 88' lang='lat' dir='ltr'><strong>veteris</strong></span> <span class='ocrx_word' id='word_1_192' title='bbox 919 3636 1103 3696; x_wconf 86' lang='lat' dir='ltr'><strong>memores,</strong></span> <span class='ocrx_word' id='word_1_193' title='bbox 1129 3615 1227 3684; x_wconf 87' lang='lat' dir='ltr'><strong>civile</strong></span> <span class='ocrx_word' id='word_1_194' title='bbox 1252 3614 1377 3684; x_wconf 90' lang='lat' dir='ltr'><strong>bellum</strong></span> 
     </span>
     <span class='ocr_line' id='line_1_25' title="bbox 174 3737 1377 3832; baseline -0.002 -23"><span class='ocrx_word' id='word_1_195' title='bbox 174 3739 390 3832; x_wconf 81' lang='lat' dir='ltr'><strong>exoptabant,</strong></span> <span class='ocrx_word' id='word_1_196' title='bbox 415 3738 645 3831; x_wconf 75' lang='lat' dir='ltr'><strong>opprimundae</strong></span> <span class='ocrx_word' id='word_1_197' title='bbox 662 3738 711 3808; x_wconf 94' lang='lat' dir='ltr'><strong>rei</strong></span> <span class='ocrx_word' id='word_1_198' title='bbox 731 3737 873 3830; x_wconf 78' lang='lat' dir='ltr'><strong>publice</strong></span> <span class='ocrx_word' id='word_1_199' title='bbox 891 3739 1066 3808; x_wconf 86' lang='lat' dir='ltr'><strong>consilium</strong></span> <span class='ocrx_word' id='word_1_200' title='bbox 1093 3739 1190 3830; x_wconf 90' lang='lat' dir='ltr'><strong>oepit.</strong></span> <span class='ocrx_word' id='word_1_201' title='bbox 1228 3741 1266 3809; x_wconf 95' lang='lat' dir='ltr'><strong>ln</strong></span> <span class='ocrx_word' id='word_1_202' title='bbox 1284 3738 1377 3807; x_wconf 85' lang='lat' dir='ltr'><strong>ltalia</strong></span> 
     </span>
     <span class='ocr_line' id='line_1_26' title="bbox 174 3861 1376 3954; baseline -0.002 -22"><span class='ocrx_word' id='word_1_203' title='bbox 174 3863 286 3934; x_wconf 92' lang='lat' dir='ltr'><strong>nullus</strong></span> <span class='ocrx_word' id='word_1_204' title='bbox 324 3862 505 3943; x_wconf 84' lang='lat' dir='ltr'><strong>exercitus,</strong></span> <span class='ocrx_word' id='word_1_205' title='bbox 545 3862 607 3932; x_wconf 88' lang='lat' dir='ltr'><strong>Gn.</strong></span> <span class='ocrx_word' id='word_1_206' title='bbox 641 3862 815 3954; x_wconf 86' lang='lat' dir='ltr'><strong>Pompeius</strong></span> <span class='ocrx_word' id='word_1_207' title='bbox 853 3861 887 3931; x_wconf 90' lang='lat' dir='ltr'><strong>in</strong></span> <span class='ocrx_word' id='word_1_208' title='bbox 926 3863 1082 3933; x_wconf 85' lang='lat' dir='ltr'><strong>extremis</strong></span> <span class='ocrx_word' id='word_1_209' title='bbox 1119 3863 1214 3933; x_wconf 90' lang='lat' dir='ltr'><strong>terris</strong></span> <span class='ocrx_word' id='word_1_210' title='bbox 1252 3863 1376 3933; x_wconf 91' lang='lat' dir='ltr'><strong>bellum</strong></span> 
     </span>
     <span class='ocr_line' id='line_1_27' title="bbox 174 3985 1376 4080; baseline -0.003 -22"><span class='ocrx_word' id='word_1_211' title='bbox 174 3987 330 4080; x_wconf 83' lang='lat' dir='ltr'><strong>gerebat,</strong></span> <span class='ocrx_word' id='word_1_212' title='bbox 365 3987 429 4080; x_wconf 90' lang='lat' dir='ltr'><strong>ipsi</strong></span> <span class='ocrx_word' id='word_1_213' title='bbox 456 3987 660 4057; x_wconf 89' lang='lat' dir='ltr'><strong>consulatum</strong></span> <span class='ocrx_word' id='word_1_214' title='bbox 691 3987 815 4078; x_wconf 91' lang='lat' dir='ltr'><strong>petenti</strong></span> <span class='ocrx_word' id='word_1_215' title='bbox 849 4007 971 4077; x_wconf 83' lang='lat' dir='ltr'><strong>magna</strong></span> <span class='ocrx_word' id='word_1_216' title='bbox 1000 4009 1093 4080; x_wconf 87' lang='lat' dir='ltr'><strong>spes,</strong></span> <span class='ocrx_word' id='word_1_217' title='bbox 1127 3996 1258 4057; x_wconf 90' lang='lat' dir='ltr'><strong>senatus</strong></span> <span class='ocrx_word' id='word_1_218' title='bbox 1293 3985 1376 4055; x_wconf 91' lang='lat' dir='ltr'><strong>nihil</strong></span> 
     </span>
     <span class='ocr_line' id='line_1_28' title="bbox 174 4111 1377 4204; baseline -0.002 -22"><span class='ocrx_word' id='word_1_219' title='bbox 174 4135 252 4182; x_wconf 86' lang='lat' dir='ltr'><strong>sane</strong></span> <span class='ocrx_word' id='word_1_220' title='bbox 279 4113 444 4193; x_wconf 89' lang='lat' dir='ltr'><strong>intentus,</strong></span> <span class='ocrx_word' id='word_1_221' title='bbox 471 4121 547 4182; x_wconf 75' lang='lat' dir='ltr'><strong>tutae</strong></span> <span class='ocrx_word' id='word_1_222' title='bbox 572 4111 826 4204; x_wconf 76' lang='lat' dir='ltr'><strong>banquilleque</strong></span> <span class='ocrx_word' id='word_1_223' title='bbox 851 4133 904 4180; x_wconf 93' lang='lat' dir='ltr'><strong>res</strong></span> <span class='ocrx_word' id='word_1_224' title='bbox 930 4131 1062 4192; x_wconf 89' lang='lat' dir='ltr'><strong>omnes,</strong></span> <span class='ocrx_word' id='word_1_225' title='bbox 1096 4111 1153 4181; x_wconf 88' lang='lat' dir='ltr'><strong>scd</strong></span> <span class='ocrx_word' id='word_1_226' title='bbox 1179 4133 1219 4180; x_wconf 89' lang='lat' dir='ltr'><strong>ea</strong></span> <span class='ocrx_word' id='word_1_227' title='bbox 1244 4131 1377 4203; x_wconf 88' lang='lat' dir='ltr'><strong>prorsus</strong></span> 
     </span>
     <span class='ocr_line' id='line_1_29' title="bbox 174 4235 525 4330; baseline -0.003 -24"><span class='ocrx_word' id='word_1_228' title='bbox 174 4249 337 4330; x_wconf 88' lang='lat' dir='ltr'><strong>oportuna</strong></span> <span class='ocrx_word' id='word_1_229' title='bbox 361 4235 525 4308; x_wconf 83' lang='lat' dir='ltr'><strong>Catilinae.</strong></span> 
     </span>
    </p>

    <p class='ocr_par' dir='ltr' id='par_1_6' title="bbox 175 4359 1376 4827">
     <span class='ocr_line' id='line_1_30' title="bbox 246 4359 1375 4452; baseline -0.004 -22"><span class='ocrx_word' id='word_1_230' title='bbox 246 4385 330 4432; x_wconf 79' lang='lat' dir='ltr'><strong>nvn.</strong></span> <span class='ocrx_word' id='word_1_231' title='bbox 381 4362 486 4452; x_wconf 77' lang='lat' dir='ltr'><strong>Igitur</strong></span> <span class='ocrx_word' id='word_1_232' title='bbox 520 4361 650 4430; x_wconf 87' lang='lat' dir='ltr'><strong>circiter</strong></span> <span class='ocrx_word' id='word_1_233' title='bbox 683 4360 849 4431; x_wconf 83' lang='lat' dir='ltr'><strong>Kalendas</strong></span> <span class='ocrx_word' id='word_1_234' title='bbox 885 4361 1015 4442; x_wconf 86' lang='lat' dir='ltr'><strong>lunias,</strong></span> <span class='ocrx_word' id='word_1_235' title='bbox 1050 4363 1088 4429; x_wconf 92' lang='lat' dir='ltr'><strong>L.</strong></span> <span class='ocrx_word' id='word_1_236' title='bbox 1115 4360 1243 4430; x_wconf 77' lang='lat' dir='ltr'><strong>Caesare</strong></span> <span class='ocrx_word' id='word_1_237' title='bbox 1278 4367 1311 4427; x_wconf 90' lang='lat' dir='ltr'><strong>et</strong></span> <span class='ocrx_word' id='word_1_238' title='bbox 1336 4359 1375 4429; x_wconf 87' lang='lat' dir='ltr'><strong>G.</strong></span> 
     </span>
     <span class='ocr_line' id='line_1_31' title="bbox 176 4483 1375 4578; baseline -0.003 -23"><span class='ocrx_word' id='word_1_239' title='bbox 176 4486 293 4578; x_wconf 79' lang='lat' dir='ltr'><strong>Figulo</strong></span> <span class='ocrx_word' id='word_1_240' title='bbox 326 4485 533 4564; x_wconf 87' lang='lat' dir='ltr'><strong>consulibus,</strong></span> <span class='ocrx_word' id='word_1_241' title='bbox 571 4485 679 4576; x_wconf 87' lang='lat' dir='ltr'><strong>primo</strong></span> <span class='ocrx_word' id='word_1_242' title='bbox 708 4485 855 4576; x_wconf 83' lang='lat' dir='ltr'><strong>singulos</strong></span> <span class='ocrx_word' id='word_1_243' title='bbox 890 4485 1077 4578; x_wconf 87' lang='lat' dir='ltr'><strong>appellare,</strong></span> <span class='ocrx_word' id='word_1_244' title='bbox 1116 4483 1259 4554; x_wconf 87' lang='lat' dir='ltr'><strong>hortari</strong></span> <span class='ocrx_word' id='word_1_245' title='bbox 1280 4483 1375 4562; x_wconf 90' lang='lat' dir='ltr'><strong>alios,</strong></span> 
     </span>
     <span class='ocr_line' id='line_1_32' title="bbox 175 4609 1376 4702; baseline -0.003 -22"><span class='ocrx_word' id='word_1_246' title='bbox 175 4610 255 4680; x_wconf 84' lang='lat' dir='ltr'><strong>alios</strong></span> <span class='ocrx_word' id='word_1_247' title='bbox 281 4619 459 4702; x_wconf 89' lang='lat' dir='ltr'><strong>temptare,</strong></span> <span class='ocrx_word' id='word_1_248' title='bbox 491 4631 572 4702; x_wconf 93' lang='lat' dir='ltr'><strong>opes</strong></span> <span class='ocrx_word' id='word_1_249' title='bbox 595 4631 690 4690; x_wconf 87' lang='lat' dir='ltr'><strong>suas,</strong></span> <span class='ocrx_word' id='word_1_250' title='bbox 725 4610 908 4702; x_wconf 88' lang='lat' dir='ltr'><strong>inparatam</strong></span> <span class='ocrx_word' id='word_1_251' title='bbox 934 4631 1005 4680; x_wconf 91' lang='lat' dir='ltr'><strong>rem</strong></span> <span class='ocrx_word' id='word_1_252' title='bbox 1031 4609 1217 4702; x_wconf 88' lang='lat' dir='ltr'><strong>publicam,</strong></span> <span class='ocrx_word' id='word_1_253' title='bbox 1256 4628 1376 4699; x_wconf 84' lang='lat' dir='ltr'><strong>magna</strong></span> 
     </span>
     <span class='ocr_line' id='line_1_33' title="bbox 176 4733 1375 4827; baseline -0.003 -21"><span class='ocrx_word' id='word_1_254' title='bbox 176 4736 310 4827; x_wconf 77' lang='lat' dir='ltr'><strong>praemia</strong></span> <span class='ocrx_word' id='word_1_255' title='bbox 331 4735 572 4806; x_wconf 87' lang='lat' dir='ltr'><strong>eonimationis</strong></span> <span class='ocrx_word' id='word_1_256' title='bbox 605 4737 736 4806; x_wconf 90' lang='lat' dir='ltr'><strong>docere.</strong></span> <span class='ocrx_word' id='word_1_257' title='bbox 788 4733 851 4807; x_wconf 91' lang='lat' dir='ltr'><strong>Ubi</strong></span> <span class='ocrx_word' id='word_1_258' title='bbox 880 4734 957 4804; x_wconf 89' lang='lat' dir='ltr'><strong>satis</strong></span> <span class='ocrx_word' id='word_1_259' title='bbox 989 4735 1158 4826; x_wconf 87' lang='lat' dir='ltr'><strong>explorata</strong></span> <span class='ocrx_word' id='word_1_260' title='bbox 1190 4743 1268 4802; x_wconf 88' lang='lat' dir='ltr'><strong>suut</strong></span> <span class='ocrx_word' id='word_1_261' title='bbox 1301 4753 1375 4824; x_wconf 77' lang='lat' dir='ltr'><strong>quie</strong></span> 
     </span>
    </p>
   </div>
   <div class='ocr_carea' id='block_1_5' title="bbox 0 0 1810 5592">
    <p class='ocr_par' dir='ltr' id='par_1_7' title="bbox 0 0 1810 5592">
     <span class='ocr_line' id='line_1_34' title="bbox 0 0 1810 5592; baseline 0 0"><span class='ocrx_word' id='word_1_262' title='bbox 0 0 1810 5592; x_wconf 95' lang='lat' dir='ltr'><strong> </strong></span> 
     </span>
    </p>
   </div>
  </div>
 </body>
</html>
