3702 5600
414 625 486 692 Sil

412 820 569 894 antiquata
596 835 668 880 esse
694 819 824 880 videtur.
866 815 1007 878 Ceterum
1037 817 1064 876 si
1088 832 1146 892 pro
1170 815 1255 877 veris
1277 816 1427 892 habenda,
1454 835 1522 893 quae
1546 816 1624 877 Plu·

411 927 536 990 tarchus
556 944 585 984 v.
607 925 697 984 Marii
719 942 743 984 c.
766 927 794 984 8.
822 923 925 997 tradit,
948 923 1102 1000 praecipua
1129 923 1158 980 in
1188 923 1316 1000 l'urpilii
1342 923 1493 1001 supplicio
1525 938 1625 998 opera

411 1037 501 1096 Marii
519 1035 586 1110 tuit,
608 1034 660 1110 qui
680 1051 748 1093 oum
769 1033 836 1110 ipse
858 1049 1005 1092 summum
1027 1031 1209 1110 supplicium
1231 1033 1270 1092 de
1285 1033 1420 1109 Turpilio
1442 1031 1625 1092 sumendum

411 1158 483 1202 erse
505 1140 686 1215 censuisset,
707 1144 818 1216 postea
840 1141 954 1198 tantam
975 1139 1125 1196 saevitiam
1140 1137 1268 1197 Metello
1288 1139 1406 1198 crimini
1421 1139 1516 1198 dedit.
1538 1137 1623 1212 quod

411 1246 562 1307 Salustius
584 1249 637 1306 aut
657 1245 818 1322 ignorasse
845 1249 897 1304 aut
919 1243 1133 1304 dissimulasse
1158 1244 1311 1322 putandus
1339 1251 1397 1304 est.
1439 1243 1532 1305 Certe
1554 1245 1623 1305 lraec

411 1353 535 1414 vafritia
555 1371 574 1412 a
595 1352 731 1412 moribus
751 1352 842 1411 illarii
866 1369 925 1411 non
947 1351 1103 1411 abhorret.

490 1477 516 1520 e.
538 1461 585 1518 70.
609 1458 865 1535 acceptabilemque
888 1493 922 1502 -
947 1458 1100 1517 mellicium
1122 1459 1283 1536 scripturae
1305 1459 1371 1519 cod.
1393 1458 1464 1518 Bas.
1485 1459 1621 1518 dience-

410 1577 496 1648 tuque
516 1569 546 1628 h.
566 1569 586 1627 l.
607 1585 714 1628 omnes
736 1568 809 1627 boni
830 1567 904 1626 libri
929 1570 1061 1638 tuentur,
1091 1566 1145 1627 cir.
1175 1585 1278 1644 supra.
1299 1570 1410 1644 mopnir
1431 1566 1533 1642 opibus
1553 1565 1620 1624 elo-

408 1693 481 1736 rum.
511 1675 570 1735 mit
594 1675 647 1750 qui
677 1677 785 1734 contra
815 1673 913 1732 libros
942 1673 1105 1748 scriberet,
1130 1678 1243 1751 mappis
1268 1675 1376 1750 opibus,
1405 1691 1507 1734 eorum
1535 1671 1620 1748 qnod

408 1781 559 1842 Salustius
574 1780 595 1839 l.
613 1783 659 1840 12.
675 1783 707 1840 et
729 1782 787 1840 108
805 1779 848 1838 ita
867 1778 982 1838 dixerit
998 1785 1030 1838 et
1053 1779 1135 1854 quod
1148 1780 1239 1856 plane
1262 1781 1393 1839 diversae
1411 1779 1619 1856 significatio·

408 1891 456 1949 nis
486 1889 640 1950 adientiva
665 1906 721 1966 pue
751 1889 894 1966 coniungi
919 1905 979 1948 non
1006 1888 1181 1958 debuerint;
1208 1887 1265 1946 sed
1286 1905 1311 1946 c.
1333 1890 1380 1946 71.
1408 1886 1486 1959 pidum
1511 1903 1618 1960 occep-

408 2001 510 2072 tuaque
539 1995 650 2055 dictum
682 1997 749 2070 est;
779 2011 879 2069 neque
900 1995 948 2053 vis
978 1993 1136 2070 particulae
1163 2009 1200 2052 eo
1222 1993 1315 2066 valet,
1349 1995 1381 2050 ut
1406 1992 1516 2066 omnia,
1549 2010 1618 2066 quaa

408 2102 461 2162 illa
482 2103 587 2179 iungit,
610 2102 692 2162 inter
714 2119 749 2161 se
771 2101 884 2160 similia
904 2102 977 2174 sint,
997 2099 1055 2160 sed
1080 2105 1113 2160 ut
1132 2101 1173 2159 ad
1193 2100 1320 2159 eandem
1336 2099 1517 2158 sententiam
1538 2115 1619 2158 cou-

408 2210 585 2270 firmandam
606 2208 789 2269 reserantur.
811 2225 878 2284 quae
900 2208 1021 2284 quidem
1043 2207 1132 2266 huius
1154 2206 1215 2266 loci
1236 2207 1315 2266 ratio
1341 2210 1399 2281 est,
1428 2205 1481 2264 ubi
1503 2208 1617 2280 quanta

407 2316 507 2393 gratia
529 2319 621 2390 atque
636 2315 805 2374 auotoritas
820 2314 987 2373 Nabdalsa
1009 2312 1111 2384 luerit,
1132 2330 1189 2389 per
1203 2312 1322 2390 singula
1337 2312 1532 2389 exprimitur3
1557 2313 1617 2370 de·

409 2422 498 2496 nique
520 2421 626 2481 cadem
647 2421 799 2480 vocabula
820 2421 917 2496 iungit
937 2420 1004 2478 Tae.
1030 2419 1138 2478 Annal.
1160 2437 1212 2478 xrr.
1235 2419 1281 2477 29.
1307 2420 1433 2476 Vannius
1454 2450 1494 2458 —
1515 2419 1618 2478 clarus

408 2534 549 2604 uecepms.
570 2527 626 2588 cir.
648 2528 745 2587 inira:
767 2528 864 2605 pierio
884 2543 1009 2604 epceqrnr
1030 2530 1162 2600 inuento,
1182 2527 1209 2583 la
1223 2530 1374 2602 postquam
1399 2557 1432 2566 -
1456 2525 1495 2584 od
1508 2533 1618 2602 ternpus

407 2655 465 2696 non
492 2641 568 2696 uenit
592 2644 739 2714 metusque
758 2654 820 2696 rem
844 2637 1020 2712 impediebat.
1058 2634 1119 2695 Sed
1141 2635 1278 2712 putidum
1302 2639 1348 2693 est
1373 2633 1514 2710 exempla
1538 2651 1616 2694 con-

408 2745 532 2821 quircre
554 2745 700 2804 adesum
723 2745 847 2804 dicendi
873 2745 1096 2820 illustrandum,
1125 2743 1165 2803 de
1192 2760 1251 2817 quo
1281 2742 1382 2802 adhue
1409 2759 1500 2801 nemo
1523 2741 1615 2799 dubi-

407 2852 492 2911 tavit.
534 2852 640 2912 Metelli
659 2856 762 2912 eirmte
781 2851 853 2911 Bas.
877 2855 908 2910 ot
928 2852 997 2910 Tur.
1018 2849 1184 2910 confirmat

487 2975 512 3017 o.
536 2961 582 3017 71.
614 2961 800 3034 nepociorum
820 2956 892 3018 Bas.
910 2957 1000 3032 poulo
1017 2960 1085 3032 post
1105 2934 1196 3016 idem.
1218 2961 1246 3014 et
1265 2973 1305 3014 ec
1325 2955 1530 3014 conruetudine
1543 2955 1615 3014 Bas.

407 3071 435 3122 et
455 3063 586 3126 Grutero
614 3067 695 3125 teste
717 3064 863 3124 meliores
890 3067 921 3124 et
945 3064 1115 3124 addiderim
1140 3064 1232 3140 longe
1260 3063 1383 3140 plurimi
1413 3063 1493 3123 libri.
1523 3064 1614 3134 (talia

407 3173 487 3232 euim
508 3172 649 3231 inlibris
671 3189 761 3231 msor.
784 3172 994 3231 examinandis
1020 3170 1127 3231 oculos
1155 3170 1301 3230 facillime
1332 3169 1465 3240 lallant.)
1497 3171 1614 3230 omise-

407 3282 478 3339 runt
496 3279 617 3355 priores
639 3280 834 3355 interpretes,
856 3279 968 3354 quippe
990 3295 1049 3353 qua
1069 3277 1222 3355 particula
1243 3275 1335 3336 facile
1355 3279 1506 3335 carerent.
1548 3275 1613 3334 Ne-

407 3401 465 3462 que
488 3403 555 3445 eam
579 3384 820 3460 desideraveris,
843 3385 899 3444 sed
925 3384 1067 3459 quotiens
1095 3383 1176 3459 apud
1200 3382 1365 3442 Salustium
1386 3383 1512 3442 verbum
1537 3384 1615 3441 sub·

405 3491 570 3550 stantivum
592 3491 758 3564 omittatur,
786 3491 845 3549 iam
867 3489 978 3565 sapius
1001 3490 1246 3550 animadversum
1269 3493 1325 3548 est.
1352 3489 1406 3548 eir.
1433 3507 1525 3566 supra
1543 3506 1568 3548 n.
1586 3493 1612 3547 1.

406 3603 439 3658 et
459 3598 549 3656 huius
577 3597 672 3675 ipsius
696 3597 806 3673 capitis
834 3597 959 3656 initium.
985 3599 1113 3670 repperit
1134 3593 1206 3654 Bas.
1228 3596 1295 3670 alii,
1326 3599 1368 3654 oti
1396 3602 1463 3654 octo
1489 3601 1553 3654 croi
1572 3613 1614 3654 ea

401 3705 536 3782 perfupis
562 3708 694 3780 copnoeit
715 3703 786 3763 Bas.
807 3703 893 3763 Leid.
921 3701 987 3762 Ein.
1009 3704 1076 3762 Tur.
1098 3701 1166 3761 Par.
1188 3703 1207 3760 b
1229 3719 1246 3762 c
1266 3721 1296 3762 x.
1318 3720 1358 3760 ec
1376 3705 1471 3760 seroie
1492 3702 1549 3778 spl.
1571 3720 1613 3761 ea·

399 3815 535 3892 persupir
556 3813 624 3872 Par.
639 3832 665 3872 a.
687 3813 765 3872 llled.
787 3816 814 3872 8.
837 3812 955 3871 Veni.
975 3828 1033 3886 qua
1053 3811 1174 3886 quidem
1194 3827 1233 3870 cx
1250 3809 1403 3869 varietate
1418 3807 1612 3868 manifestum

404 3921 446 3996 lit,
478 3921 539 3981 lroc
559 3921 739 3980 vocabulum
768 3937 785 3979 a
810 3919 1037 3996 glossatoribus
1065 3917 1211 3991 additum,
1244 3916 1357 3992 quippe
1379 3915 1431 3990 qui
1454 3915 1611 3988 docerent,

404 4045 464 4103 quo
487 4029 578 4088 modo
598 4027 754 4086 Nabdalsa
776 4027 814 4086 de
836 4025 964 4103 pertidia
981 4025 1102 4086 clientis
1124 4023 1239 4084 certior
1254 4022 1354 4082 tactus
1373 4020 1474 4081 luerit.
1517 4019 1611 4081 Eius-

404 4135 487 4194 modi
521 4135 636 4210 glossae
667 4134 718 4193 vel
750 4135 882 4210 optimos
913 4133 1011 4192 libros
1040 4135 1236 4207 occuparunt,
1271 4133 1303 4188 et
1335 4128 1445 4206 partim
1478 4128 1537 4186 iam
1569 4127 1610 4185 ad

402 4242 633 4316 antiquissimos
654 4243 869 4319 grammaticos
891 4241 1061 4301 reterendae
1084 4243 1162 4298 sunt.

485 4366 510 4408 c.
533 4351 580 4407 72.
612 4352 681 4408 ciuis
702 4349 853 4425 doctaeque
871 4351 956 4407 tuate
977 4346 1046 4406 Bas.
1069 4345 1136 4406 Par.
1158 4365 1184 4404 z.
1206 4349 1276 4404 ciuis
1301 4345 1392 4404 dorda
1413 4342 1482 4401 Par.
1501 4361 1530 4402 x.
1552 4342 1610 4402 sed

403 4461 511 4516 contra
539 4457 718 4534 optimorum
740 4458 878 4516 codicum
899 4456 1111 4516 auctoritatem
1133 4455 1208 4512 nilril
1229 4453 1412 4513 mutandum.
1442 4451 1500 4510 alio
1523 4457 1610 4526 atque

402 4566 460 4626 olio
482 4565 557 4641 loco,
581 4567 637 4626 sed
658 4575 744 4643 atque
764 4566 822 4626 alie
844 4583 949 4626 omues
971 4565 1038 4624 tere
1059 4564 1131 4623 libri
1156 4565 1308 4635 omittunt,
1334 4562 1426 4622 stiam
1446 4558 1517 4618 Bas.
1538 4556 1608 4616 Par.

402 4673 431 4732 b.
446 4691 471 4734 o.
486 4693 514 4732 x.
530 4693 555 4732 z.
584 4671 649 4732 Ein.
666 4675 747 4748 Tur.;
769 4674 911 4747 retinent,
934 4673 960 4732 si
975 4671 1216 4748 llavsrcampius
1237 4673 1323 4729 recte
1340 4669 1522 4729 varietatem
1539 4664 1607 4724 lee-
