3582 5594
465 660 534 730 llll

462 857 587 930 iuridia
610 858 806 941 decesserat,
839 858 933 928 iuxta
959 879 1066 928 carus.
1108 858 1174 928 Sed
1199 857 1324 929 Marius
1349 857 1493 950 impigre
1518 856 1665 950 pruden-

461 992 578 1075 terque
604 1005 739 1054 suorum
765 992 798 1052 et
821 982 966 1052 bostium
992 1005 1046 1051 res
1076 981 1201 1076 pariter
1229 982 1430 1062 adtendere;
1465 1002 1665 1072 cognoscere

461 1107 646 1200 quidboni
670 1107 818 1199 utrisque
844 1117 901 1176 aut
925 1117 1039 1176 contra
1063 1117 1167 1187 essetz
1194 1107 1369 1199 explorare
1396 1105 1515 1174 itinera
1538 1126 1666 1194 regum,

461 1230 600 1302 consilia
625 1243 658 1301 et
683 1231 820 1301 insidias
847 1253 963 1302 eorum
980 1231 1187 1300 antevenire:
1213 1229 1298 1299 nibil
1325 1227 1415 1323 apud
1440 1252 1475 1298 se
1491 1229 1668 1298 remissum

459 1378 569 1449 neque
593 1356 681 1448 apud
706 1356 780 1425 illos
806 1365 911 1425 tutum
936 1355 1013 1448 pati.
1056 1357 1172 1447 ltaque
1198 1364 1229 1423 et
1247 1353 1390 1424 Gaetulos
1416 1364 1448 1421 et
1473 1351 1669 1444 Iugurtham

461 1503 504 1550 ex
534 1481 632 1550 sociis
663 1479 782 1550 nostris
814 1478 943 1572 praedas
974 1487 1112 1570 agentes
1144 1499 1232 1570 saepe
1266 1499 1442 1568 aggressus
1476 1477 1512 1545 in
1547 1476 1667 1546 itinere

461 1603 601 1686 fuderat,
632 1603 806 1696 ipsumque
835 1625 951 1694 regem
976 1601 1065 1673 baud
1090 1599 1273 1695 proculab
1299 1599 1422 1693 oppido
1448 1599 1541 1670 Cirta
1567 1601 1668 1670 armis

460 1738 608 1798 exuerat.
650 1727 734 1810 Quae
767 1736 942 1820 postquam
973 1725 1117 1817 gloriosa
1141 1724 1241 1795 modo
1267 1747 1377 1820 neque
1403 1723 1484 1794 belli
1509 1725 1668 1818 patrandi

460 1851 625 1944 cognovit,
658 1851 769 1920 statuit
800 1850 911 1932 urbes,
949 1871 1036 1942 quoe.
1054 1848 1133 1919 viris
1164 1860 1221 1919 aut
1250 1848 1324 1918 loco
1356 1871 1417 1940 pro
1449 1847 1601 1917 hostibus
1636 1858 1669 1917 et

461 1977 637 2048 advorsum
663 1999 698 2046 se
723 1975 997 2068 oportunissumae
1023 1985 1128 2058 eraut,
1154 1975 1301 2067 singulas
1328 1973 1588 2044 circumvenire:
1625 1973 1670 2042 ita

459 2098 656 2191 Iugurtham
682 2111 739 2170 aut
763 2099 926 2192 presidiis
952 2101 1123 2180 nudatum,
1149 2098 1179 2168 si
1203 2122 1243 2169 ea
1267 2107 1446 2191 pateretur,
1474 2107 1531 2167 aut
1550 2097 1670 2190 praelio

460 2234 670 2294 certaturum.
712 2225 798 2294 Nam
816 2224 966 2293 bocchus
982 2223 1114 2293 nuntios
1140 2221 1183 2292 ad
1204 2245 1281 2292 eum
1302 2245 1390 2316 saepe
1406 2221 1554 2303 miserat,
1581 2219 1670 2290 velle

459 2347 573 2440 populi
600 2347 743 2417 Romani
768 2345 966 2427 amicitiam3
993 2369 1036 2416 ne
1062 2346 1144 2440 quid
1168 2346 1213 2416 ab
1238 2369 1273 2415 se
1299 2346 1419 2416 hostile
1444 2346 1587 2416 timeret.
1631 2344 1670 2414 ld

459 2471 719 2552 simulaveritue,
746 2493 812 2563 quo
838 2469 1036 2563 improvisus
1062 2468 1196 2561 gravior
1213 2468 1396 2552 accederet,
1423 2493 1465 2539 en
1483 2470 1671 2540 mobilitate

460 2595 587 2685 ingenii
618 2616 734 2686 pacem
767 2603 866 2686 atquc
896 2593 1022 2663 bellum
1047 2603 1177 2664 mutare
1203 2594 1328 2675 solitus,
1363 2615 1483 2687 parum
1509 2595 1671 2687 explora-

461 2729 529 2789 tum
555 2727 613 2786 cst.

533 2865 675 2913 uxum.
726 2842 792 2913 Sed
810 2843 938 2926 consul,
963 2842 1013 2913 uti
1029 2851 1196 2924 statuerat,
1222 2843 1345 2937 oppida
1364 2842 1571 2937 castellaque
1591 2865 1672 2914 mu-

459 2968 529 3037 nita
547 2967 653 3047 adire,
679 2967 800 3059 partim
825 2965 870 3050 vi,
897 2967 964 3037 alia
989 2980 1079 3038 metu
1105 2979 1162 3039 aut
1186 2969 1323 3062 praemia
1348 2969 1543 3040 ostentando
1570 2991 1673 3038 aror-

459 3104 528 3163 tere
557 3091 599 3160 ab
633 3089 792 3160 hostibus.
843 3091 896 3161 Ac
927 3091 1035 3184 primo
1069 3092 1248 3164 mediocria
1276 3093 1425 3184 gerebat,
1464 3092 1674 3164 existumans

459 3212 652 3305 Iugurtham
669 3213 711 3282 ob
729 3235 805 3283 suos
822 3214 974 3284 tutandos
993 3215 1026 3284 iu
1043 3238 1161 3286 manus
1179 3226 1366 3288 venturum.
1409 3216 1475 3288 Sed
1494 3217 1551 3288 ubi
1570 3217 1672 3288 illum

459 3337 576 3430 procul
610 3335 724 3405 abesse
758 3347 790 3406 et
822 3336 895 3406 aliis
930 3339 1071 3429 negotiis
1102 3339 1263 3410 intentum
1295 3341 1433 3434 accepit,
1472 3341 1601 3412 maiora
1640 3355 1674 3412 et

458 3461 565 3552 magis
591 3483 707 3552 aspera
731 3459 870 3551 adgredi
896 3471 1024 3556 tempus
1050 3462 1157 3532 visum
1183 3474 1241 3534 est.
1293 3467 1374 3536 Erat
1403 3467 1489 3536 iuter
1514 3467 1674 3558 ingentes

459 3584 651 3654 solitudines
668 3584 827 3677 oppidum
841 3607 999 3675 magnum
1016 3596 1114 3678 atque
1133 3587 1256 3668 valeus,
1279 3588 1413 3657 nomine
1428 3589 1545 3682 Capsa,
1573 3593 1675 3661 cuius

458 3709 609 3779 conditor
633 3709 796 3778 Hercules
822 3709 922 3802 Libys
949 3709 1206 3780 memorabatur.
1257 3711 1338 3781 Eius
1372 3713 1461 3782 cives
1493 3713 1583 3806 apud
1611 3717 1674 3785 lu-

459 3832 614 3924 gurtbam
633 3833 808 3914 immunes,
835 3831 899 3902 levi
926 3831 1066 3924 imperio
1093 3843 1124 3900 et
1150 3833 1192 3902 ob
1219 3857 1260 3903 ca
1279 3835 1473 3906 fidelissumi
1493 3837 1675 3910 habeban-

459 3965 523 4037 tur,
549 3955 668 4026 muniti
694 3955 869 4026 advorsum
896 3955 997 4025 bostis
1023 3978 1090 4024 uon
1115 3956 1281 4028 moenibus
1306 3959 1405 4030 modo
1430 3971 1463 4030 et
1487 3963 1589 4032 ermis
1618 3977 1674 4034 at-

458 4103 524 4172 que
549 4079 638 4161 viris,
664 4079 898 4150 verumetiam
916 4079 1143 4169 multomagis
1162 4080 1311 4152 locorum
1334 4086 1523 4176 asperitate.
1567 4091 1673 4172 Nam,

458 4213 580 4295 praeter
605 4202 726 4295 oppido
751 4202 949 4295 propinqua,
984 4203 1050 4272 alia
1083 4203 1196 4274 omnia
1225 4217 1326 4288 vasta,
1361 4209 1498 4292 inculta,
1534 4215 1675 4301 egentia

457 4349 565 4419 aquae,
591 4325 709 4395 inlesta
735 4325 951 4417 serpentibus,
979 4326 1187 4418 quorumvis
1208 4329 1304 4400 sicuti
1326 4333 1478 4403 omnium
1504 4335 1673 4419 ferarum,

459 4449 570 4542 inopia
587 4449 652 4518 cibi
678 4448 804 4527 acrior3
831 4447 874 4518 ad
899 4447 962 4516 boc
987 4459 1105 4518 natura
1131 4452 1348 4541 serpentium,
1374 4455 1446 4547 ipsa
1465 4459 1673 4548 perniciosa,

457 4572 510 4642 siti
540 4573 647 4663 magis
677 4594 777 4665 quarn
811 4571 877 4641 alia
905 4594 942 4640 re
971 4572 1172 4642 accenditur.
1225 4575 1308 4645 Eius
1342 4578 1493 4670 potiundi
1520 4583 1673 4654 blarium

341 4711 348 4726 ·
457 4719 614 4766 maxuma
640 4695 761 4788 cupido
787 4695 964 4765 invaserat:
992 4719 1067 4765 cum
1092 4709 1228 4791 propter
1252 4724 1351 4772 usum
1377 4701 1470 4785 belli,
1499 4715 1569 4776 tum
1587 4710 1673 4799 quia
