3554 5600
1289 668 1358 737 ¹99

139 865 371 950 subeundum,
406 864 594 958 deflagrare
631 877 801 963 caeperunt
830 867 1018 937 admirabili
1054 867 1197 958 quadam
1227 867 1358 959 cupidi-

139 991 213 1060 tate
252 1013 312 1062 eeu
348 992 541 1084 diripiendo
579 995 670 1064 urbis
707 1017 766 1064 seu
803 991 966 1085 potiendae
995 991 1240 1062 dominationis.
1296 993 1358 1061 Hae

139 1127 234 1196 sunt,
274 1115 415 1197 ludices,
453 1116 551 1188 buius
582 1117 700 1187 nefarii
728 1116 884 1187 facinoris
909 1113 1143 1186 abominando
1180 1114 1279 1196 faces,
1320 1114 1356 1184 bi

140 1249 224 1310 sunt
248 1240 401 1310 crudeles
427 1241 578 1332 igniculi,
605 1241 725 1334 quibus
752 1240 914 1310 exarsisse
932 1239 1085 1310 Catilinae
1110 1239 1256 1309 ferocem
1281 1239 1358 1307 ani-

141 1385 240 1432 mum
268 1363 427 1434 facillime
452 1365 655 1436 credendum
677 1377 735 1434 est.
778 1364 914 1435 Talibus
939 1364 1041 1434 initiis
1068 1363 1246 1434 consociati
1264 1363 1357 1456 prin-

141 1487 238 1579 cipes
274 1489 426 1560 nefandae
464 1490 701 1560 coniurationis
748 1510 884 1560 manum
918 1489 1075 1580 exiguam
1108 1487 1356 1580 desperatorum

141 1609 324 1681 bominum
362 1624 463 1706 atque
497 1615 662 1684 obscene
701 1614 876 1684 iuventutis
915 1613 1117 1706 pedetentim
1157 1619 1353 1703 coegerunt:

143 1745 317 1816 coacmm,
352 1737 433 1829 quid
459 1737 597 1818 vellent,
628 1738 850 1808 edocuerunt:
889 1737 1038 1807 edoctam
1071 1737 1144 1830 pari
1178 1735 1356 1828 eupiditate

145 1859 289 1928 sceleris
315 1860 620 1932 inflammaverunt:
648 1861 885 1933 inflammatam
911 1861 1056 1954 denique
1081 1859 1290 1954 pepulerunt,
1322 1869 1357 1929 ut

146 1983 180 2052 in
207 1984 362 2054 omnium
387 1995 536 2056 nostrum
559 1986 729 2056 facultates
754 2009 794 2056 ac
815 1987 916 2056 vitam
940 1985 1100 2056 facillime
1117 1983 1354 2078 conspirarent.

226 2129 325 2176 xxxa.
375 2109 493 2180 Furias
527 2109 603 2179 istas
635 2109 785 2190 audistis,
820 2109 965 2190 ludices,
1006 2107 1287 2178 commodissimas
1316 2131 1355 2178 ac

151 2243 286 2322 paratam
323 2255 390 2302 non
423 2233 522 2304 modo
556 2234 597 2303 ad
622 2234 714 2304 vivos
747 2233 1003 2304 commovendos
1033 2233 1067 2302 in
1092 2255 1191 2302 omne
1217 2232 1355 2315 facinus,

150 2379 269 2426 venam
295 2357 397 2428 etiam
421 2357 464 2427 ad
488 2369 636 2429 mortum
661 2381 704 2428 ex
728 2358 800 2450 ipso
825 2356 936 2427 Erebo
953 2356 1137 2449 mediisque
1166 2356 1269 2426 husos
1294 2379 1356 2427 ex-

148 2479 311 2556 citandos.
353 2483 488 2574 Reperti
512 2491 589 2552 sunt
617 2493 725 2553 tamen
746 2481 942 2552 atrocissimi
961 2482 1095 2552 sceleris
1111 2482 1253 2574 patroni,
1278 2481 1356 2580 qui·

150 2627 217 2696 qne
248 2605 489 2676 immanitatem
521 2604 720 2676 detestandae
752 2606 802 2676 rei
835 2618 905 2676 tum
937 2615 1114 2696 contegere
1144 2604 1254 2675 verbis
1285 2617 1355 2676 tum

152 2753 312 2800 excusare
338 2731 447 2800 conati
472 2740 558 2801 sunt.
594 2709 652 2800 VL.
679 2732 887 2813 Hortensius,
922 2731 973 2800 vir
998 2729 1120 2800 eximia
1146 2729 1280 2800 caritate
1305 2730 1355 2800 rei

152 2855 296 2947 publicar
321 2855 526 2948 summisque
551 2854 758 2924 ornamentis
793 2853 949 2947 praeditus
980 2863 1013 2923 et
1045 2852 1191 2923 scientiae
1223 2863 1257 2923 et
1282 2875 1355 2924 mo·

151 2977 341 3058 donationis,
379 3001 592 3073 nequaquam
625 2979 737 3050 omnia
772 2978 936 3049 credenda
971 2999 1043 3047 esse
1082 2977 1161 3047 dicit
1199 2977 1356 3071 iubetque

150 3103 355 3194 gravissimis
390 3102 581 3174 bominibus
613 3105 805 3175 facilitatem
839 3104 1036 3175 iudiciorum
1071 3102 1247 3195 diligenter
1283 3125 1355 3172 esse

151 3227 397 3297 continendam.
439 3228 589 3298 Primum
606 3228 751 3299 affirmat
768 3229 944 3301 Catilinam
967 3227 1001 3297 in
1026 3235 1185 3320 perpetua
1206 3227 1355 3297 custodia

151 3361 283 3420 senatus
306 3351 466 3422 extitisse:
502 3351 643 3446 denique
672 3376 844 3445 nunquam
876 3354 981 3423 ferme
1011 3350 1198 3421 discessisse
1215 3372 1235 3419 a
1252 3352 1355 3422 latere

151 3475 260 3546 Publii
286 3474 465 3568 Cepionis,
499 3475 696 3546 nobilissimi
728 3477 808 3548 civis
835 3485 934 3569 atque
969 3473 1176 3566 integerrimi
1200 3477 1275 3559 viri,
1310 3479 1356 3548 ita

152 3609 189 3669 ut
214 3598 328 3691 lepide
353 3599 452 3682 dicat,
489 3602 737 3694 disseparatiooi
759 3623 866 3671 eorum
890 3627 987 3695 oeque
1003 3609 1097 3678 solem
1121 3609 1268 3679 orientur
1292 3631 1356 3677 uo-

152 3745 247 3814 ouom
274 3747 372 3816 necue
396 3727 581 3795 occidentes
603 3727 813 3796 interuenisse.
889 3759 893 3768 ·

224 3870 337 3918 mu.
387 3849 496 3921 Credo
522 3849 677 3945 equidem
710 3852 987 3944 sapientissimum
1014 3855 1181 3927 bominem
1209 3861 1356 3928 llorten-

154 3973 250 4052 sium,
289 3981 326 4042 ut
351 3981 401 4040 est
424 3972 614 4043 innocentia
648 3973 812 4064 singulari
850 3997 1045 4071 summaque
1072 3980 1204 4062 virtute,
1238 3991 1356 4051 cuncta

156 4093 237 4187 ipsa,
262 4117 340 4187 qne
363 4097 557 4188 gravissime
588 4097 688 4168 simul
721 4109 821 4191 atque
845 4101 1054 4173 ornatissime
1079 4105 1272 4196 complexus
1296 4115 1356 4186 est,

157 4217 201 4288 ita
224 4243 304 4290 vera
329 4241 412 4302 esse,
438 4222 534 4292 sicuti
558 4221 691 4306 dixerit,
719 4223 927 4296 existimare:
954 4227 1011 4297 sed
1037 4229 1137 4319 longe
1163 4229 1313 4320 graditur
1337 4252 1357 4300 a

156 4345 318 4416 sententia
343 4365 429 4416 mea.
476 4346 599 4431 Quaero
627 4347 730 4440 igitur
754 4348 795 4418 de
820 4358 863 4431 te,
903 4351 941 4420 L.
969 4353 1137 4434 Hortensi,
1172 4363 1270 4448 teque
1294 4354 1357 4424 ob-

157 4477 253 4541 testor
285 4477 385 4562 atque
413 4468 551 4540 obsecro
575 4492 636 4563 per
661 4470 769 4564 ipsum
795 4472 846 4542 ius
863 4475 1089 4544 vetustissimae
1115 4485 1233 4544 nostrae
1258 4476 1357 4546 fami-

156 4591 316 4675 liaritatis,
345 4593 374 4663 si
399 4596 438 4665 t.
460 4594 640 4666 Catilinam
666 4605 793 4666 constat
818 4597 888 4668 dies
914 4619 1042 4681 omnes,
1068 4601 1216 4671 omnium
1235 4600 1356 4671 civium

156 4719 366 4801 conscientia,
399 4721 468 4791 sive
497 4723 530 4790 in
557 4723 628 4791 foro
653 4723 721 4792 sive
748 4723 780 4792 in
809 4725 924 4793 turmis
949 4747 1060 4817 agere,
1093 4749 1181 4796 nunc
1202 4725 1356 4820 stipatum
