3554 5600
461 615 529 684 tut

454 824 643 884 senatorum
669 837 778 896 voces,
810 825 867 884 aut
896 836 979 905 quos
1014 815 1136 886 civium
1173 837 1345 886 consessus
1370 815 1490 907 partim
1514 815 1660 907 pecunia

454 941 572 1034 partim
602 939 884 1012 obsecrationibus
920 963 987 1010 nou
1014 939 1184 1012 obeundus
1208 942 1402 1037 suppliciter
1428 965 1467 1011 ac
1492 939 1661 1010 contami-

453 1064 578 1136 nondos
611 1085 683 1133 esse
721 1061 899 1132 iudicavit?
950 1064 1035 1134 nulli
1073 1073 1184 1135 tumen
1224 1065 1266 1134 ad
1305 1064 1499 1155 dignitatem
1533 1063 1660 1154 gradus

452 1213 561 1284 neque
589 1187 765 1258 insanienti
797 1209 908 1279 neque
949 1188 1119 1258 anhelanti
1148 1190 1237 1258 bono
1267 1189 1442 1260 candidato
1467 1197 1658 1280 patuemnt,

448 1459 524 1508 rum
541 1437 640 1531 paolo
661 1446 736 1507 ante
754 1439 985 1507 concitaverat.
1019 1437 1172 1508 Pisonem
1196 1438 1404 1520 meministis,
1431 1437 1567 1530 egregia
1584 1438 1659 1508 vir-

450 1570 518 1630 tute
551 1559 813 1642 adolescentem,
863 1561 927 1632 nisi
964 1573 997 1630 et
1034 1561 1123 1632 idem
1160 1561 1394 1655 cupiditatibus
1426 1561 1660 1654 obtemperare

449 1684 684 1766 consuevisset,
718 1685 943 1755 calamitosam
974 1685 1037 1757 sibi
1073 1708 1111 1756 ae
1137 1686 1248 1758 multis
1282 1687 1317 1757 in
1348 1688 1430 1758 urbe
1456 1685 1658 1756 seditionem

449 1805 628 1878 excitasse:
664 1807 757 1878 cuius
784 1809 906 1900 insigni
933 1809 1155 1880 familiaritate
1180 1822 1279 1902 atque
1305 1809 1449 1881 amicitia
1475 1809 1657 1880 Catilinam

449 1953 544 2000 usum
571 1930 682 2014 fuisse,
714 1952 814 2000 nemo
840 1942 887 2002 est
914 1933 972 2025 qui
997 1933 1141 2003 nesciatz
1177 1955 1240 2003 uec
1264 1933 1364 2003 modo
1387 1933 1598 2004 coniunxisse
1617 1957 1656 2003 se

448 2056 626 2127 temerario
651 2057 773 2140 iuveni,
800 2059 1037 2128 verumetiam
1064 2058 1159 2128 illum
1189 2057 1229 2128 de
1260 2081 1414 2129 successu
1438 2081 1549 2128 rerum
1575 2080 1657 2128 sua-

447 2203 521 2252 rum
548 2205 617 2252 non
649 2183 861 2254 mediocriter
890 2185 1110 2278 trepidantem
1148 2185 1183 2256 in
1212 2185 1353 2255 audacia
1383 2185 1482 2254 simul
1511 2206 1550 2253 ac
1575 2205 1657 2252 sen-

447 2305 551 2376 tentia
576 2306 798 2390 confirmasse,
828 2330 904 2378 cum
930 2332 965 2378 se
991 2309 1040 2380 illi
1067 2309 1356 2400 vigilantissimum
1381 2308 1506 2380 socium
1533 2331 1573 2378 ac
1598 2331 1656 2376 sa·

447 2431 585 2502 tellitem
609 2430 804 2504 fidissimum
825 2434 981 2525 regenda
1003 2433 1296 2528 gubernandasque
1318 2433 1558 2504 coniurationis
1582 2435 1655 2504 fore

448 2554 672 2649 polliceretur.

520 2702 616 2750 xxiv.
670 2680 765 2764 Quod
804 2681 833 2751 si
872 2681 956 2753 votis
989 2683 1226 2754 sceleratorum
1265 2683 1438 2755 hominum
1481 2707 1654 2755 successus

447 2805 655 2898 aspirassent,
689 2817 814 2898 quanta
845 2819 955 2900 strage
981 2807 1103 2878 civium
1130 2809 1261 2878 creditis
1294 2821 1351 2880 aut
1376 2821 1499 2902 quanto
1525 2809 1654 2880 diluvio

447 2928 639 3000 facultatum
664 2929 869 3000 urbanarum
894 2932 1054 3001 ruituram
1081 2933 1181 3002 fuisse
1205 2932 1433 3006 detestabilem
1453 2932 1574 3004 borum
1601 2946 1654 3004 at-

447 3076 513 3147 que
538 3053 761 3124 execrandam
786 3053 1011 3148 impietatem?
1053 3057 1178 3126 Verum
1204 3056 1227 3126 ii
1253 3058 1388 3139 caelites,
1420 3081 1563 3150 quorum
1590 3082 1654 3129 au·

446 3177 558 3270 spiciis
590 3177 745 3271 princeps
771 3200 810 3248 ac
844 3201 964 3272 parens
990 3178 1090 3250 buius
1123 3181 1214 3251 urbis
1240 3183 1401 3253 Romulus
1432 3182 1653 3274 pulcherrimi

447 3301 577 3396 imperii
602 3296 743 3372 Romani
769 3303 982 3374 fundamenta
1007 3305 1095 3386 iecit,
1127 3306 1345 3378 tristissimam
1369 3308 1500 3379 cladem
1526 3331 1565 3378 ac
1592 3330 1650 3377 co-

445 3435 541 3496 notus
559 3424 704 3519 perditos
728 3449 811 3496 nece
835 3426 1054 3499 adolescentis
1078 3430 1334 3523 interceperunt.
1376 3433 1494 3502 Pisone
1518 3444 1650 3503 mortuo

446 3549 675 3642 conquievisse
705 3551 881 3622 Catilinam
912 3551 1060 3624 dicemus
1094 3565 1151 3625 aut
1185 3555 1310 3647 incepti
1340 3555 1511 3626 temerarii
1536 3556 1650 3650 poeni·

446 3672 570 3742 ruisset
609 3673 683 3744 Non
715 3674 870 3767 pcenituit
902 3675 1002 3746 modo
1039 3699 1102 3746 nec
1127 3678 1403 3771 requiescendum
1429 3678 1532 3749 fuisse
1556 3681 1650 3750 arbi·

445 3806 548 3867 tratus
572 3809 633 3880 est,
672 3796 730 3868 sed
755 3821 867 3869 rursus
900 3800 959 3869 alii
997 3801 1102 3870 furori
1128 3801 1275 3872 accessit.
1326 3805 1399 3873 Nou
1432 3816 1649 3875 consueverat

444 3922 574 3993 animus
599 3924 764 4018 perpetuis
790 3924 1005 4016 cupiditatum
1029 3926 1164 4018 flagitiis
1193 3917 1391 3998 exercitirtus
1415 3929 1523 4022 prima
1547 3930 1649 4000 desti-

444 4045 567 4116 tutione
597 4047 736 4118 furtunae
770 4049 986 4138 refrigescere
1018 4074 1058 4120 ac
1090 4054 1316 4123 consternari:
1355 4053 1413 4123 sed
1437 4053 1493 4124 vix
1518 4054 1648 4147 sepulta

442 4170 606 4240 memoria
630 4171 815 4240 Pisoniana„
841 4171 1096 4256 coniurationis,
1135 4177 1175 4246 L.
1200 4176 1339 4270 adeptus
1373 4187 1423 4246 est
1447 4176 1644 4258 Sidicinum,

442 4291 704 4384 potentissimum
739 4293 874 4385 quidem
908 4293 1078 4366 bominem
1110 4321 1149 4368 ac
1182 4310 1260 4368 tunc
1292 4301 1455 4370 furentem
1484 4301 1645 4394 singulari

441 4416 550 4486 studio
582 4440 695 4490 rerum
728 4419 969 4492 novandarum.
1019 4424 1144 4494 Verum
1176 4448 1216 4497 eo
1250 4426 1307 4496 fax
1335 4426 1479 4497 incendii
1514 4449 1643 4498 rursum

441 4536 646 4630 benignitate
671 4543 819 4612 Deorum
845 4543 1081 4617 immortalium
1107 4569 1301 4642 summaque
1326 4549 1446 4619 virtute
1471 4551 1641 4622 consulum

441 4663 596 4734 restincta
622 4675 681 4736 est.
732 4669 806 4737 Non
833 4667 1047 4740 obdormiscit
1078 4679 1187 4742 umen
1214 4672 1367 4758 Catilina,
1395 4673 1446 4742 bis
1471 4673 1640 4744 destitutus
