3582 5594
473 663 518 733 68

472 858 608 932 oonsilio
632 858 759 929 locutus
784 856 825 927 de
859 855 983 926 invidia
1014 855 1091 925 lacti
1124 855 1175 924 sui
1200 863 1299 946 atque
1333 854 1380 924 uti
1406 853 1441 922 in
1466 851 1664 924 deditionem

470 985 687 1077 acciperetur,
724 980 854 1074 reliqna
888 1002 964 1051 cum
990 979 1100 1051 Bestia
1137 989 1169 1048 et
1193 980 1318 1049 Scauro
1343 986 1472 1048 secreta
1495 977 1665 1069 transigit;

472 1108 549 1179 dein
573 1115 704 1200 postero
730 1104 800 1188 dic,
836 1104 930 1197 quasi
955 1125 1014 1196 per
1044 1113 1190 1172 saturam
1215 1101 1383 1172 sententiis
1408 1101 1598 1194 exquisitis,
1633 1102 1666 1170 in

472 1231 672 1305 deditionem
698 1228 868 1322 accipitur.
920 1227 984 1298 Sed
1009 1227 1057 1296 uti
1090 1247 1151 1319 pro
1183 1226 1321 1297 consilio
1356 1226 1554 1320 imperatum
1589 1237 1668 1308 erat,

472 1354 640 1448 elephanti
665 1351 811 1444 triginta,
838 1373 938 1443 pecus
963 1360 1062 1444 atque
1088 1351 1166 1443 equi
1191 1350 1286 1420 multi
1313 1373 1388 1420 cnm
1416 1373 1518 1443 parvo
1540 1349 1669 1441 argenti

471 1479 617 1573 pondere
642 1476 796 1570 quaestori
821 1474 1004 1545 traduntur.
1047 1474 1245 1567 Calpurnius
1261 1475 1402 1544 llomam
1428 1473 1469 1544 ad
1493 1474 1670 1565 magistra-

471 1614 522 1674 tus
547 1599 711 1694 rogandos
737 1598 965 1693 proficiscitur.
1004 1599 1041 1668 ln
1066 1596 1222 1669 Numidia
1248 1608 1282 1667 et
1298 1597 1443 1668 exercitu
1469 1609 1580 1674 nostr-o
1606 1621 1672 1692 pax

472 1727 666 1819 agitabatur.

545 1873 629 1921 xxx.
680 1851 857 1940 Postquam
887 1869 940 1916 res
974 1846 1008 1916 in
1033 1846 1145 1916 Africa
1171 1855 1276 1936 gestas
1307 1847 1565 1939 quoquomodo
1590 1859 1672 1918 aeta

473 1977 581 2048 lorent
605 1976 694 2046 lama
718 1973 907 2064 divolgavit,
941 1972 1055 2042 llomm
1084 1993 1145 2063 per
1170 1973 1276 2044 omnis
1309 1973 1398 2042 locos
1428 1981 1460 2041 et
1494 1984 1674 2045 conventus

473 2099 514 2169 de
540 2098 627 2170 lacto
653 2095 796 2166 consulis
822 2095 957 2184 agitari;
988 2093 1076 2186 apud
1101 2095 1233 2187 plebem
1259 2095 1367 2186 gravis
1394 2095 1536 2178 invidia,
1563 2109 1674 2189 patres

473 2222 604 2296 solliciti
629 2230 739 2302 manta
766 2220 985 2312 probarentne
1011 2227 1136 2290 tantum
1149 2218 1311 2310 flagitium
1329 2243 1371 2290 an
1397 2221 1565 2292 decretum
1591 2245 1673 2291 con-

473 2345 553 2416 sulis
577 2343 820 2425 subverterant,
847 2363 964 2434 parum
982 2341 1160 2412 constabat.
1198 2343 1248 2413 Aa
1273 2365 1428 2413 maxume
1446 2366 1502 2413 cos
1526 2346 1675 2436 potentia

474 2467 603 2550 Scauri,
641 2465 730 2559 quod
769 2465 796 2536 is
826 2476 939 2535 auctor
964 2475 998 2534 et
1030 2465 1137 2534 socius
1161 2465 1280 2534 bestiae
1318 2465 1498 2548 serebatur,
1537 2491 1557 2537 a
1594 2491 1675 2538 vero

474 2590 629 2683 bonoque
654 2587 865 2681 impediebat.
915 2587 959 2657 Aa
984 2587 1022 2657 G.
1036 2587 1231 2668 Memmius,
1257 2589 1350 2658 cuins
1375 2588 1417 2659 de
1442 2591 1596 2662 libertate
1622 2594 1676 2662 in·

475 2715 566 2805 genii
591 2723 624 2784 et
647 2713 723 2783 odio
756 2711 909 2806 potentia
933 2712 1111 2783 nobilitatis
1137 2735 1236 2806 supra
1269 2712 1430 2796 diximus,
1465 2715 1551 2787 inter
1574 2717 1676 2788 dubi-

475 2840 632 2910 tationem
657 2849 690 2909 et
713 2860 823 2908 moras
855 2847 985 2907 senatus
1010 2838 1215 2908 contionibus
1248 2842 1408 2934 populum
1434 2842 1475 2912 ad
1500 2841 1676 2912 vindican-

476 2963 555 3033 dum
580 2961 721 3043 hortari,
747 2983 897 3042 monere,
923 2982 1061 3030 nerem
1087 2960 1273 3054 publicam,
1299 2986 1342 3033 ne
1368 2964 1554 3036 libertatem
1579 2987 1675 3035 suam

476 3087 682 3167 desererent;
724 3084 829 3154 multa
871 3084 1012 3176 superba
1051 3095 1083 3153 et
1119 3084 1268 3156 crudelia
1310 3087 1457 3158 facinora
1495 3089 1677 3160 nobilitatis

476 3209 662 3290 ostendere,
690 3228 822 3300 prorsus
848 3207 991 3278 intentus
1015 3208 1105 3278 omni
1131 3208 1229 3278 modo
1253 3210 1359 3303 plebis
1380 3212 1528 3282 animum
1555 3235 1678 3284 accen-

476 3333 585 3404 debat.
636 3333 701 3404 Sed
725 3333 883 3427 quoniam
918 3355 958 3403 ea
992 3342 1183 3426 tempestate
1208 3338 1322 3405 Romae
1347 3337 1496 3408 blemmii
1519 3339 1679 3410 facundia

477 3461 567 3530 clara
592 3459 785 3554 pollensque
811 3459 887 3539 luit,
913 3459 1031 3529 decere
1049 3460 1259 3545 existumavi,
1287 3485 1387 3533 unam
1405 3487 1448 3533 ex
1473 3474 1538 3533 tam
1564 3465 1679 3534 multis

477 3587 661 3657 orationem
687 3586 758 3655 eius
775 3585 1000 3678 perscribere:
1028 3609 1067 3656 ae
1084 3586 1298 3679 potissumum
1325 3611 1399 3658 eam
1425 3588 1547 3668 dicam,
1574 3611 1679 3682 quam

476 3711 511 3780 in
536 3712 689 3781 contione
713 3721 785 3804 post
809 3710 951 3782 reditum
976 3712 1095 3782 Bestiae
1121 3711 1349 3784 huiuscemodi
1375 3714 1484 3785 verbis
1508 3711 1678 3784 disseruit:

549 3855 645 3904 ιιιι.
699 3834 823 3906 «Multa
848 3833 1064 3905 dehortantur
1089 3859 1141 3905 me
1168 3858 1186 3905 a
1212 3836 1322 3918 vobis,
1349 3837 1513 3920 Quirites,
1545 3837 1580 3907 ni
1607 3847 1681 3907 stu-

477 3957 568 4027 dium
593 3957 642 4027 rei
658 3956 801 4049 publicae
818 3957 930 4027 omnia
951 3969 1097 4048 superet,
1122 3981 1200 4050 opes
1217 3958 1387 4041 factionis,
1414 3967 1521 4030 vestra
1545 3961 1681 4054 patien-

476 4082 542 4165 tia,
568 4082 619 4152 ius
644 4080 796 4159 nullum;
835 4103 874 4148 ac
899 4103 1055 4150 maxume
1092 4082 1180 4175 qnod
1213 4083 1411 4153 innocentia
1436 4085 1510 4176 plus
1535 4085 1681 4177 periculi

475 4229 577 4300 qnam
602 4204 737 4277 honoris
763 4217 822 4274 est.
871 4207 956 4276 Nanr
982 4206 1040 4276 illa
1065 4207 1200 4300 quidem
1225 4209 1317 4301 piget
1341 4210 1469 4290 dicere,
1503 4209 1555 4280 bis
1581 4210 1680 4279 annis

476 4331 665 4424 quindecim
690 4353 789 4423 quam
816 4329 959 4400 ludibrio
993 4331 1119 4402 fueritis
1144 4333 1308 4426 snperbiae
1340 4353 1535 4428 paucorum,
1575 4356 1681 4425 quam

476 4455 562 4525 foede
588 4474 755 4548 quamque
781 4451 876 4522 inulti
894 4453 1053 4544 perierint
1078 4456 1176 4528 vestri
1190 4456 1398 4538 defensores,
1425 4469 1460 4526 ut
1484 4456 1576 4526 vobis
1602 4455 1682 4524 ani-

476 4601 550 4647 mus
582 4578 625 4648 ab
659 4577 793 4669 ignavia
827 4567 925 4671 atque
957 4580 1107 4651 socordia
1141 4592 1311 4675 corruptus
1343 4583 1399 4666 sit,
1437 4583 1496 4676 qui
1522 4605 1564 4652 ne
1589 4604 1682 4652 nunc

477 4702 611 4795 quidem
644 4702 798 4774 obnoxiis
833 4703 977 4773 inimicis
1010 4706 1143 4797 surgitis
1178 4717 1277 4798 atque
1312 4707 1411 4778 etiam
1441 4729 1531 4778 nunc
1557 4705 1681 4776 timetis
