3614 5588
1331 666 1379 736 25

181 863 308 933 bunna
332 862 426 934 novis
449 863 549 934 rebus
565 861 700 934 idoneos
725 861 896 947 credebat,
923 871 979 933 aut
1004 886 1063 956 per
1087 885 1123 932 se
1141 872 1196 935 aut
1213 885 1272 956 per
1297 863 1379 934 alios

180 984 388 1067 sollicitabat,
425 1008 535 1079 neque
577 987 683 1057 solnm
717 986 821 1069 cives,
859 985 917 1056 sed
954 986 1114 1078 cuiusque
1151 985 1240 1056 modi
1274 1008 1379 1078 genus

181 1105 364 1190 bominum,
390 1108 480 1200 qnod
504 1108 603 1180 modo
627 1108 716 1180 bello
741 1109 817 1180 usui
841 1109 935 1180 soret.

251 1254 308 1302 xx.
358 1235 463 1326 Igitur
487 1237 522 1305 P.
542 1235 709 1308 Umbreno
735 1235 866 1308 cuidam
891 1235 1062 1328 negotium
1088 1235 1161 1318 dat,
1187 1236 1236 1307 uti
1251 1235 1378 1328 legatos

179 1353 396 1448 Allobrogum
421 1359 569 1450 requirat
593 1381 736 1452 eosque,
762 1359 791 1428 si
806 1358 924 1452 possit,
950 1358 1099 1452 impellat
1123 1357 1165 1428 ad
1190 1360 1379 1429 societatem

179 1479 272 1562 belli,
308 1481 510 1552 existumans
539 1484 672 1576 publice
697 1484 917 1578 privatimque
946 1505 1012 1554 aere
1050 1483 1160 1554 alieno
1194 1505 1377 1577 oppressos,

178 1616 337 1697 praeterea
370 1607 458 1700 quod
482 1619 600 1679 natura
625 1631 706 1700 gens
728 1610 855 1681 Gallica
879 1609 1037 1680 bellicosa
1068 1619 1170 1692 esset,
1196 1609 1295 1681 facile
1322 1632 1379 1680 eos

178 1728 218 1800 ad
242 1731 308 1801 tale
334 1732 507 1803 eonsilium
540 1732 661 1804 adduci
685 1756 791 1827 posse.
841 1733 1048 1814 Umbrenus,
1085 1732 1176 1827 quod
1208 1735 1243 1804 in
1270 1735 1378 1806 Gallia

177 1856 360 1947 negotiatus
392 1867 479 1938 erat,
512 1858 680 1951 plerisque
720 1858 925 1951 principibus
966 1858 1146 1928 civitatium
1180 1868 1275 1930 notus
1310 1871 1380 1930 erat

176 1991 274 2072 atque
301 2003 357 2050 eos
382 1990 532 2062 noverat;
567 1983 678 2075 itaque
702 1982 773 2052 sine
799 2004 907 2064 mora,
941 1983 999 2054 ubi
1024 1983 1166 2076 primum
1191 1983 1317 2074 legatos
1342 1983 1377 2054 in

176 2103 247 2172 loro
272 2105 459 2197 conspexit,
494 2115 725 2198 percunctatus
758 2125 863 2200 panca
888 2105 929 2176 de
954 2115 1038 2176 statu
1064 2106 1201 2177 civitatis
1227 2118 1259 2177 et
1283 2107 1378 2201 quasi

176 2227 290 2299 dolens
315 2229 386 2301 eius
411 2251 522 2300 casum
547 2229 718 2323 requirere
743 2231 857 2325 coepit,
884 2253 984 2323 wem
1010 2231 1133 2301 exitum
1161 2232 1257 2302 tantis
1281 2232 1378 2302 malis

175 2356 365 2448 sperarent?
415 2358 590 2450 Postquam
621 2357 696 2428 illos
721 2358 809 2429 videt
836 2358 931 2451 queri
966 2356 1007 2427 de
1041 2358 1178 2428 avaritia
1202 2356 1379 2448 magistra-

174 2489 284 2562 tuum,
302 2503 457 2552 accusare
473 2492 642 2566 senatum,
660 2481 748 2575 quod
766 2483 800 2552 in
819 2505 859 2551 eo
876 2482 993 2552 auxilii
1010 2481 1095 2552 nibil
1108 2491 1209 2564 esset;
1235 2479 1377 2552 miseriis

174 2602 458 2674 snis·remedinm
493 2615 632 2675 mortem
665 2615 854 2698 expectare:
892 2607 957 2676 «At
989 2627 1070 2696 ego,
1103 2604 1229 2698 inquit,
1270 2605 1375 2688 vobis,

173 2726 326 2796 simodo
359 2727 421 2798 viri
453 2750 525 2798 esse
550 2727 661 2810 vultis,
694 2727 857 2798 rationem
884 2726 1072 2809 ostendam,
1105 2750 1171 2821 qua
1201 2738 1291 2799 tanta
1317 2729 1377 2799 ista

175 2851 261 2922 mala
296 2849 493 2943 effugiatis.»
546 2851 628 2922 llaec
660 2849 718 2922 ubi
749 2850 851 2936 dixit,
885 2851 1084 2942 Allobroges
1118 2853 1152 2922 in
1186 2874 1377 2922 maxumam

173 2997 263 3068 spem
288 2975 422 3047 adducti
446 2977 649 3047 Umbrenum
673 2998 788 3060 orare,
816 2987 852 3046 ut
875 2977 926 3046 sui
942 2977 1174 3058 misereretur;
1201 2974 1285 3044 nibil
1310 2985 1377 3044 um

173 3121 326 3192 asperum
352 3121 461 3190 neque
477 3109 543 3169 tam
560 3098 697 3169 difficile
723 3121 806 3181 esse,
832 3098 921 3191 quod
938 3121 1003 3169 non
1022 3098 1243 3191 cupidissume
1260 3098 1377 3169 tacturi

173 3233 301 3305 essent,
334 3222 413 3294 dum
439 3247 479 3294 ea
512 3246 568 3294 res
592 3224 756 3296 civitatem
781 3246 848 3294 aere
873 3223 985 3296 alieno
1016 3222 1182 3293 liberaret.
1233 3223 1294 3293 llle
1320 3245 1377 3292 eos

173 3349 206 3418 in
230 3349 370 3418 domum
394 3348 436 3417 D.
462 3348 556 3417 Bruti
572 3347 739 3439 perducit,
764 3346 855 3440 quod
871 3347 943 3417 loro
968 3347 1154 3440 propinqua
1172 3356 1242 3416 erat
1266 3369 1376 3439 neque

172 3473 280 3544 aliena
298 3471 430 3543 consilii
446 3482 580 3565 propter
600 3471 847 3563 Semproniam
872 3493 950 3542 nam
975 3481 1045 3542 tum
1062 3473 1184 3542 brutus
1208 3470 1251 3542 ab
1268 3473 1375 3544 Roma

172 3597 295 3668 aberat.
347 3597 510 3666 Praeterea
547 3595 726 3666 Gabinium
763 3595 915 3676 accersit,
954 3618 1022 3689 quo
1056 3594 1161 3665 maior
1199 3596 1375 3666 auctoritas

172 3720 316 3790 sermoni
341 3719 474 3788 inesset.
523 3719 574 3787 Eo
598 3727 760 3810 praesente
786 3718 1045 3789 coniurationem
1070 3719 1196 3812 aperit,
1228 3720 1377 3789 nominat

172 3846 293 3929 socios,
319 3855 481 3939 preterea
505 3843 624 3916 multos
641 3843 801 3937 cuiusque
827 3843 958 3935 generis
983 3843 1149 3926 innoxios,
1175 3867 1242 3937 quo
1259 3843 1375 3935 legatis
1420 3823 1427 3834 ⁰

173 3971 301 4042 animus
318 3969 460 4062 amplior
477 3977 579 4048 esset;
597 3966 716 4037 deinde
734 3989 789 4036 eos
806 3967 966 4059 pollicitos
979 3988 1113 4059 operam
1130 3988 1224 4038 suam
1241 3966 1376 4038 domum

173 4091 315 4165 dimittit.

243 4242 313 4290 xnr.
367 4219 431 4290 Sed
450 4219 647 4308 Allobroges
661 4217 717 4288 diu
736 4218 769 4286 in
787 4218 912 4288 incerto
929 4217 1089 4298 habuere,
1115 4217 1274 4312 quidnam
1294 4238 1375 4286 con·

172 4343 235 4413 silii
261 4353 439 4436 caperent:
475 4343 509 4412 in
526 4341 631 4412 altera
652 4351 745 4435 parte
762 4352 834 4412 erat
857 4364 902 4412 aes
919 4341 1085 4424 alienum,
1111 4341 1255 4412 studium
1280 4340 1374 4423 belli,

173 4489 293 4559 magna
330 4491 458 4538 merces
488 4469 521 4538 in
552 4489 610 4561 spe
645 4467 806 4549 visoria,
844 4479 877 4538 at
909 4467 942 4537 in
971 4469 1075 4538 altera
1108 4469 1248 4538 maiores
1281 4489 1372 4559 opes,

173 4601 238 4660 tnta
263 4591 420 4672 consilia,
453 4613 513 4682 pro
538 4591 663 4662 incerta
698 4614 756 4684 spe
788 4603 876 4662 certa
902 4593 1050 4686 praemia.
1102 4591 1184 4661 Haec
1209 4589 1276 4660 illis
1300 4591 1374 4663 vol·

173 4716 342 4799 ventibus,
368 4717 501 4787 tandem
527 4717 604 4787 vicit
629 4717 758 4787 fortuna
782 4718 831 4787 rei
857 4717 1009 4810 publicu.
1060 4720 1175 4810 ltaque
1202 4715 1243 4800 Q.
1270 4716 1373 4787 Fabio
