3582 5594
499 707 546 774 80

498 917 568 977 arte
593 905 728 976 modum
754 903 914 974 statuisse.
966 903 1128 973 Praeterea
1160 903 1354 972 transvorsis
1384 902 1557 972 itineribus
1582 901 1698 970 cotidie

499 1043 605 1102 eastm
630 1055 779 1114 movere,
807 1033 897 1102 iuxta
922 1054 962 1101 ac
987 1031 1015 1100 si
1041 1031 1151 1101 hostes
1177 1029 1344 1112 adessent,
1375 1031 1464 1102 vallo
1490 1041 1589 1123 atque
1616 1030 1698 1098 lossa

389 1195 394 1218 ·
497 1156 646 1236 munire,
681 1156 812 1248 vigilias
837 1155 970 1226 crebras
994 1177 1120 1248 ponere
1155 1166 1187 1225 et
1212 1177 1268 1224 eas
1293 1154 1362 1247 ipse
1389 1178 1462 1224 cum
1490 1154 1608 1246 legatis
1633 1155 1699 1223 cir-

498 1280 641 1360 cumire;
669 1279 747 1350 item
772 1280 805 1348 in
832 1281 964 1372 agmine
991 1280 1024 1348 in
1051 1277 1166 1371 primis
1192 1279 1302 1360 modo,
1332 1278 1429 1348 modo
1454 1279 1487 1347 iu
1515 1277 1699 1368 postremis,

496 1426 585 1496 saepe
611 1404 644 1474 in
671 1403 782 1473 medio
811 1403 943 1485 adesse,
983 1427 1024 1473 ne
1056 1405 1220 1499 quispiam
1251 1405 1366 1475 ordine
1399 1402 1626 1493 egrederetur,
1665 1413 1701 1471 ut

496 1551 574 1597 cnm
600 1527 704 1619 signis
730 1528 917 1620 frequentes
943 1528 1144 1612 incederent,
1180 1529 1276 1600 miles
1308 1529 1419 1598 cibum
1445 1539 1478 1597 et
1501 1549 1594 1597 arma
1618 1550 1701 1619 por-

495 1661 590 1721 taret.
633 1653 682 1722 lta
698 1651 905 1745 probibendo
931 1676 950 1722 a
976 1652 1103 1723 delictis
1119 1654 1224 1744 magis
1250 1675 1352 1747 quam
1377 1651 1574 1722 vindicando
1601 1673 1700 1720 exer-

495 1775 599 1844 citum
625 1774 718 1845 brevi
743 1773 956 1845 confirmavit.

570 1921 663 1970 xnvr.
705 1900 834 1969 Interea
850 1899 1011 1989 lugurtba
1028 1902 1085 1971 ubi
1103 1925 1177 1997 quae
1194 1902 1346 1975 Metellus
1372 1901 1491 1991 agebat
1516 1897 1700 1970 annuntiis

495 2023 640 2116 accepit,
673 2023 771 2093 simul
797 2023 838 2093 de
864 2024 1052 2096 innocentia
1078 2026 1148 2096 eius
1174 2027 1294 2097 certior
1318 2027 1434 2096 Romae
1460 2026 1583 2105 factus,
1611 2023 1700 2091 diffi-

496 2147 577 2217 dere
603 2147 670 2217 suis
695 2147 795 2218 rebus
820 2171 859 2217 ac
885 2159 954 2218 tum
981 2149 1114 2220 demum
1140 2174 1253 2221 veram
1280 2150 1479 2220 deditionem
1507 2149 1616 2218 lacere
1643 2171 1700 2216 co-

496 2280 591 2340 natus
616 2281 674 2340 est.
725 2271 830 2363 Igitur
854 2271 982 2363 legatos
1008 2272 1049 2342 ad
1082 2273 1253 2344 consulem
1288 2295 1363 2344 cum
1395 2271 1563 2364 suppliciis
1590 2271 1698 2348 mittit,

493 2394 554 2488 qni
588 2395 815 2465 tantummodo
846 2395 908 2488 ipsi
942 2396 1120 2489 liberisque
1154 2397 1254 2467 vitam
1286 2406 1451 2490 peterent,
1491 2395 1556 2464 alia
1588 2396 1700 2464 omnia

495 2519 656 2589 dederent
680 2519 802 2612 populo
828 2521 989 2590 Romano.
1033 2521 1096 2592 Sed
1118 2523 1251 2592 bletello
1276 2522 1342 2590 iam
1369 2530 1463 2590 antea
1489 2519 1701 2612 experimen·

495 2644 536 2712 tis
562 2644 730 2734 cognitum
757 2653 837 2725 erat,
865 2665 969 2734 genus
990 2645 1209 2716 Numidarum
1236 2645 1385 2726 infidum,
1416 2644 1549 2734 ingenio
1572 2644 1699 2723 mobili,

496 2790 656 2838 novarum
688 2791 801 2838 rerum
835 2767 966 2838 avidum
998 2791 1080 2838 esse.
1132 2771 1246 2862 ltaque
1280 2768 1405 2858 legatos
1437 2767 1539 2837 alium
1565 2767 1609 2838 ab
1635 2768 1700 2837 alio

496 2892 643 2962 divorsos
669 2894 860 2984 aggreditur
891 2917 930 2963 ac
965 2894 1124 2986 paulatim
1156 2893 1357 2983 temptando,
1397 2901 1570 2985 postquam
1599 2914 1701 2984 opor-

495 3028 591 3086 tunos
616 3016 679 3086 sibi
704 3017 878 3107 cognovit,
915 3018 1019 3087 multa
1051 3017 1239 3110 pollicendo
1273 3017 1465 3110 persuadet,
1505 3016 1550 3086 uti
1577 3019 1701 3108 lugur-

496 3139 587 3210 tham
613 3163 766 3211 maxume
791 3140 922 3222 vivum,
961 3141 1011 3210 sin
1039 3141 1073 3210 id
1099 3164 1216 3233 parum
1246 3141 1416 3233 procedat,
1456 3153 1609 3212 necatum
1637 3142 1701 3211 sibi

497 3264 677 3334 traderent:
706 3277 851 3334 ceterum
868 3264 996 3357 palam,
1024 3286 1098 3357 qnae
1124 3288 1166 3334 ex
1192 3265 1359 3335 voluntate
1378 3265 1495 3346 forent,
1521 3265 1594 3354 regi
1610 3289 1702 3335 nun-

495 3388 570 3458 tiari
596 3387 696 3458 iubet.
749 3387 878 3457 Deinde
904 3388 974 3479 ipse
999 3387 1115 3480 paucis
1144 3388 1260 3457 diebus
1298 3389 1422 3458 intento
1454 3398 1552 3480 atque
1577 3389 1702 3459 infesto

435 3581 436 3584 ,
495 3511 641 3582 exercitu
673 3511 705 3580 in
732 3510 921 3581 Numidiam
950 3511 1115 3603 procedit,
1151 3512 1208 3581 ubi
1234 3523 1347 3584 contra
1383 3512 1462 3582 belli
1498 3512 1615 3582 faciem
1646 3524 1702 3583 tu-

493 3636 590 3728 guria
615 3636 714 3728 pleua
739 3634 927 3718 bominum,
954 3659 1074 3728 pecora
1099 3635 1307 3728 cultoresque
1334 3636 1367 3706 in
1396 3637 1485 3726 agris
1510 3648 1623 3705 erant:
1659 3661 1703 3706 ex

494 3760 623 3855 oppidis
649 3770 680 3829 et
705 3758 888 3852 mapalibus
913 3759 1059 3852 praefecti
1084 3761 1173 3851 rogis
1206 3761 1294 3830 obvii
1321 3760 1557 3853 procedebant,
1593 3761 1702 3852 parati

495 3885 695 3954 frumentum
722 3883 815 3961 dare,
855 3893 1075 3952 commeatum
1101 3893 1254 3974 portare,
1287 3893 1452 3975 postremo
1485 3885 1597 3953 omnia
1623 3908 1702 3976 quae

494 4010 737 4102 imperarentur
763 4009 883 4078 facere.
927 4011 1042 4100 Neque
1065 4008 1217 4078 ldetellus
1243 4007 1364 4078 iccirco
1390 4008 1499 4078 minus
1524 4009 1582 4078 sed
1606 4011 1704 4102 pari-

495 4143 545 4202 ter
570 4155 609 4202 ac
634 4132 661 4201 si
687 4131 795 4202 hostes
821 4131 982 4214 adessent,
1017 4130 1145 4200 munito
1174 4131 1306 4222 agmine
1338 4131 1507 4213 incedere,
1546 4132 1611 4201 late
1639 4155 1704 4202 ex-

494 4259 625 4351 plorare
650 4256 773 4338 omnia,
799 4255 857 4325 illa
875 4253 1049 4325 deditionis
1067 4255 1161 4347 signa
1186 4255 1326 4326 ostentui
1351 4255 1486 4326 credere
1513 4268 1546 4324 et
1570 4257 1704 4326 insidiis

493 4384 605 4453 locum
632 4389 800 4473 temptare.
851 4381 965 4472 ltaque
992 4378 1062 4472 ipse
1094 4403 1170 4449 cum
1201 4380 1362 4471 expeditis
1390 4379 1592 4462 cohortibus,
1620 4381 1702 4450 item

494 4507 697 4578 brnditorum
730 4515 762 4573 et
793 4503 1036 4595 sagittariorum
1067 4503 1191 4574 delecta
1225 4526 1326 4573 mmo
1351 4504 1440 4596 apud
1465 4504 1590 4597 primos
1617 4515 1701 4586 erat,

492 4631 528 4700 in
563 4643 728 4724 postremo
762 4631 801 4700 G.
831 4630 956 4701 blarius
994 4630 1120 4720 legatus
1159 4653 1235 4701 cum
1271 4629 1435 4722 equitibus
1471 4630 1623 4712 curabat;
1666 4630 1702 4698 in

493 4767 670 4849 utrumque
696 4755 780 4826 latus
806 4753 999 4826 auxiliarios
1034 4753 1161 4847 equites
1192 4753 1332 4825 tribunis
1358 4753 1527 4845 legionum
1553 4764 1585 4823 et
1609 4778 1703 4849 prae-
