3702 5600
1364 662 1429 732 531

230 877 269 917 vr.
291 857 339 916 26.
362 855 569 934 magnitudine
591 855 683 932 paulo
705 854 896 916 antecedunt.
923 856 984 918 (lie.
1008 855 1117 915 Parad.
1147 858 1173 916 3.
1196 856 1244 916 tin.
1274 858 1386 920 bistrio
1407 863 1436 921 si

229 966 322 1044 paulo
344 982 378 1024 se
400 968 503 1024 rnovet
523 965 610 1024 extra
632 981 797 1024 numerum.
818 981 912 1042 neque
932 981 1123 1042 opere—pro
1144 982 1201 1042 per
1216 967 1435 1045 negligentiam

229 1072 349 1131 librarii
371 1071 495 1130 omisso.

311 1195 336 1236 c.
358 1180 406 1237 93.
436 1178 591 1238 adversm
607 1176 806 1252 praelientibus
824 1175 895 1236 Bas.
917 1180 949 1236 et
968 1193 1073 1236 omnes
1095 1177 1163 1237 tere
1183 1179 1256 1238 libri
1277 1181 1436 1256 meliores;

230 1286 260 1346 in
281 1285 488 1345 deterioribus
510 1301 645 1344 seorsum
665 1285 787 1360 legitur,
810 1284 892 1358 quod
914 1300 1020 1343 omnes
1044 1285 1229 1361 interpretes
1251 1285 1361 1363 cupide
1381 1305 1436 1346 ar-

230 1393 398 1468 ripuerunt,
426 1391 508 1478 quod
529 1388 623 1468 Ligus
645 1391 721 1450 talia
742 1390 864 1449 nonnisi
885 1389 914 1448 in
937 1407 1047 1449 aversa
1069 1395 1158 1466 parte
1179 1392 1300 1452 castelli
1320 1392 1437 1454 audere

230 1500 374 1576 potuerit.
404 1498 465 1557 Sed
486 1499 615 1574 primum
635 1500 789 1558 structura
810 1495 947 1570 offendit,
970 1499 1038 1556 erat
1059 1498 1141 1556 enim
1162 1498 1322 1559 dicendum
1345 1517 1436 1559 ocor·

230 1623 293 1664 sum
315 1605 563 1680 spretiontibns:
591 1609 653 1664 tarn
673 1604 806 1664 lectione
827 1604 977 1662 bonorum
997 1603 1148 1663 librorum
1167 1602 1289 1681 Liguris
1309 1607 1439 1668 audacia

229 1713 328 1788 magis
348 1713 537 1786 declaratur,
560 1711 692 1786 deniqne
714 1712 742 1769 si
764 1710 859 1769 verba
880 1727 940 1769 non
957 1709 1065 1784 procul
1083 1712 1169 1769 recte
1190 1712 1436 1789 interpretamur,

230 1819 283 1877 vix
304 1818 417 1892 aliquis
439 1818 561 1893 dixerit,
587 1819 699 1877 nullam
721 1816 827 1894 Liguri
852 1818 930 1877 tanti
953 1816 1101 1876 facinoris
1127 1817 1315 1895 suscipiendi
1336 1820 1437 1880 iacul-

231 1929 323 1984 tatem
346 1924 452 1984 suisse.
474 1925 576 2000 mrpido
595 1924 728 2002 difficilia
747 1924 878 2000 fomnrsdi
896 1925 1022 1982 aninum
1040 1925 1126 1982 vortit
1144 1922 1214 1982 Bas.
1229 1924 1327 1984 Paris.
1342 1925 1437 1985 berra

231 2030 278 2102 (in
300 2031 361 2090 Par
381 2051 397 2091 a
420 2049 457 2090 m.
475 2036 500 2090 t.
522 2029 660 2101 ndeordt)
682 2035 714 2091 et
734 2030 855 2108 plurimi
876 2030 965 2106 libri;
987 2029 1055 2088 alim
1077 2031 1246 2090 varietates
1268 2035 1349 2090 sunt:
1383 2049 1437 2091 nc·

231 2138 332 2213 cmdrt,
364 2137 488 2212 intendit,
521 2137 637 2212 ine-odit,
667 2140 780 2212 incasit,
814 2139 895 2211 cepit
928 2135 1045 2194 attendit
1069 2137 1169 2195 omnia
1191 2153 1347 2212 perversa.
1380 2153 1437 2214 pro

230 2243 333 2319 cupido
353 2243 444 2318 pauci
464 2243 536 2302 libri
556 2243 676 2318 cupidus
698 2243 748 2302 vel
770 2245 873 2318 aspidi,
903 2242 1053 2302 lectiones
1075 2241 1262 2318 negligentia
1285 2243 1336 2302 vel
1358 2243 1437 2303 salsa

230 2350 485 2427 interpretatione
506 2348 703 2408 librariorum
726 2355 810 2408 ortae.
846 2348 976 2410 Accedit
999 2349 1080 2424 quod
1097 2347 1214 2408 Gellius
1233 2367 1276 2408 rx.
1300 2351 1344 2408 tl.
1379 2349 1437 2409 Sa-

230 2456 351 2516 lustium
372 2455 488 2515 alicubi
509 2457 627 2515 dixisse
649 2460 762 2532 narrat,
790 2473 871 2514 more
886 2455 1019 2514 bumonm
1038 2455 1181 2530 crepidinis
1201 2459 1308 2532 tpnnro
1328 2457 1439 2516 mendi

232 2566 264 2623 et
285 2562 367 2638 qaod
388 2560 504 2622 Nonius
525 2580 554 2639 p.
577 2563 635 2622 129
664 2562 711 2621 ed.
740 2563 832 2622 Merc.
859 2562 970 2621 babet:
1011 2559 1181 2636 ,Salustius
1207 2563 1237 2622 in
1259 2562 1438 2640 lugurtbiuo

231 2669 329 2728 bello:
356 2685 456 2728 amore
476 2669 608 2728 bumana
631 2669 793 2743 cupiditatis
812 2670 919 2744 ipnnro
932 2661 1059 2727 visendi“
1078 2704 1111 2714 -
1138 2669 1219 2728 unde
1233 2669 1365 2743 luerunt,
1387 2670 1439 2744 qui

231 2779 415 2850 statuerent,
453 2776 520 2834 lraec
546 2779 654 2834 nostro
689 2774 760 2834 loco
796 2791 868 2834 esse
898 2775 1085 2852 reponendo.
1118 2776 1173 2835 scd
1205 2793 1293 2851 quam
1323 2777 1438 2836 infirma

230 2883 495 2960 grammaticorum
518 2882 559 2941 sit
580 2882 748 2941 auctoritas
776 2881 816 2940 ad
836 2880 988 2940 lectiones
1012 2881 1159 2941 bonorum
1188 2882 1336 2943 librorum
1365 2901 1439 2943 cor·

230 2990 384 3066 rigerdas,
408 2989 467 3048 iam
488 2989 601 3066 saepius
622 2987 763 3047 vidimus.
793 2987 900 3046 Omnia
921 2987 1001 3046 enim
1023 2987 1102 3046 bene
1124 2989 1304 3063 sonabant,
1328 3007 1439 3050 sensus

231 3098 311 3158 enim
333 3097 454 3156 illorum
475 3096 640 3156 verborum
661 3097 724 3154 est:
746 3093 856 3172 cupido
880 3093 1018 3154 difficilia
1040 3093 1174 3155 faciundi
1195 3095 1307 3170 effecit,
1328 3101 1360 3156 ut
1384 3095 1439 3155 Li-

230 3221 288 3280 gus
310 3207 424 3264 motata
444 3207 545 3262 mente
567 3218 678 3260 novum
700 3200 861 3260 consilium
883 3205 1017 3277 caperet.
1039 3202 1150 3261 Adbuc
1171 3203 1249 3262 enim
1271 3204 1300 3261 in
1324 3204 1439 3264 cocleis

231 3309 372 3386 legendis
394 3313 569 3386 occupatus,
599 3323 737 3382 magnum
764 3306 892 3382 aliquod
916 3306 1031 3366 audere
1058 3309 1226 3368 constituit
1259 3309 1314 3368 cir.
1353 3311 1438 3388 Virg.

232 3416 308 3476 Aen.
333 3422 358 3476 t.
381 3419 448 3475 eit.
479 3433 546 3491 quae
567 3418 601 3473 te
622 3414 745 3490 genitor
767 3413 921 3473 sententia
948 3414 1067 3473 vertiti
1095 3417 1127 3473 et
1151 3433 1181 3474 x.
1208 3417 1255 3474 ll.
1279 3415 1339 3476 Cur
1361 3433 1440 3476 nuno

232 3529 283 3585 tua
314 3525 474 3602 puisquam
512 3527 637 3582 vertere
667 3523 751 3581 iussa
780 3522 905 3598 potestl
944 3521 1046 3580 dende
1074 3521 1186 3596 insieco
1212 3522 1282 3582 Bas.
1310 3525 1341 3582 et
1367 3523 1440 3583 boni

232 3632 318 3708 libri3
351 3632 417 3689 dein
440 3628 521 3704 fleca
547 3627 657 3704 ceteri,
686 3643 753 3686 cum
774 3643 831 3703 pro
853 3625 956 3684 deinde
983 3643 1001 3685 a
1024 3627 1178 3686 nonnullis
1199 3627 1264 3686 dein
1293 3628 1439 3704 scriptum

232 3740 326 3812 esset,
352 3737 449 3812 prima
477 3734 601 3810 syllaba
632 3733 720 3793 vocis
750 3731 909 3806 sequentis
944 3731 1067 3791 excidit.
1096 3735 1127 3790 in
1156 3732 1267 3791 castelli
1292 3735 1440 3810 planitiem

228 3847 359 3918 peremit
378 3843 448 3902 Bas.
471 3841 539 3901 Par.
563 3842 674 3901 bcxa.
698 3841 754 3900 sed
776 3841 805 3900 in
826 3842 845 3900 b
868 3840 925 3918 spl.
943 3839 990 3898 ecl
1003 3844 1175 3915 perscripsit
1193 3841 1239 3901 oet
1253 3845 1438 3920 investipooit.

232 3949 287 4008 alii
316 3955 457 4024 pernotct.
487 3948 544 4008 sed
564 3951 741 4022 perscripsit
769 3946 861 4007 etiam
883 3947 951 4005 Tur.
972 3947 1128 4021 perscribit
1151 3944 1229 4005 Laid
1248 3946 1282 4007 L.
1307 3949 1440 4024 denique
1541 3983 1544 3992 Δ

232 4055 298 4128 tuis,
321 4057 372 4131 qui
394 4054 574 4114 coniiceret:
606 4056 637 4111 in
657 4051 769 4112 castelli
786 4051 934 4127 planitiem
950 4057 1103 4128 perrepsit.
1123 4053 1279 4128 persentit
1296 4052 1347 4112 vel
1365 4071 1439 4128 per-

232 4165 348 4237 scripsit
377 4179 394 4220 a
425 4161 631 4238 compluribus
660 4160 882 4236 interpretibus
909 4164 942 4219 et
964 4178 982 4219 a
1006 4177 1053 4219 me
1083 4160 1152 4236 ipso
1178 4165 1212 4219 ut
1242 4161 1369 4220 verbum
1390 4161 1439 4220 in-

233 4269 382 4330 solentius
403 4275 569 4346 receptum,
595 4267 651 4327 scd
673 4268 733 4326 iam
762 4272 876 4327 mutate
899 4269 1050 4327 sententia
1072 4266 1112 4327 ad
1136 4267 1318 4344 optimorum
1338 4266 1439 4328 libro-

233 4393 299 4436 rum
320 4377 486 4437 lectionem
506 4380 642 4450 reverto,
665 4393 733 4450 quae
754 4374 826 4434 ideo
848 4392 866 4433 a
888 4374 1026 4434 librariis
1047 4377 1192 4451 corrupta
1213 4391 1285 4434 esse
1306 4374 1438 4448 ridetur,

233 4482 315 4556 quod
334 4483 427 4560 paulo
450 4486 521 4542 anto
543 4483 677 4558 scriptor
693 4484 885 4554 narraverat,
903 4497 996 4555 prope
1015 4481 1055 4539 cd
1068 4497 1207 4538 sommum
1221 4483 1323 4539 montis
1336 4497 1439 4557 opres-

232 4605 284 4648 sus
303 4595 353 4647 est.
375 4590 437 4651 Sed
459 4591 527 4666 quis
550 4592 607 4664 est,
629 4589 682 4664 qui
703 4588 834 4646 omnium
856 4604 996 4647 errorum
1018 4604 1129 4647 causas
1148 4587 1295 4663 indagare
1316 4587 1439 4664 possiti

233 4695 297 4755 lloo
319 4696 439 4770 quidem
462 4712 521 4756 non
544 4694 667 4754 dubium
688 4697 746 4768 est,
778 4695 867 4753 tinem
888 4693 1042 4770 Iugurtha
1063 4692 1157 4754 multo
1179 4693 1278 4769 magis
1299 4693 1439 4770 interpo-

1196 4795 1257 4858 et*
