3702 5600
1344 689 1415 758 t85

208 881 277 942 dam
306 883 418 960 dilapsi
439 887 539 959 erant,
579 884 720 961 neglecta
741 883 838 960 magis
863 883 963 944 omnia
993 899 1030 942 ac
1055 883 1207 943 dissoluta
1236 879 1410 944 invenere.“

206 993 337 1068 prepter
364 1007 497 1067 sequens
523 994 591 1069 puiu
610 1027 651 1036 -
672 993 750 1070 pucd
769 991 891 1052 videtur
915 1009 986 1051 esse
1012 992 1244 1052 restituendum.
1273 996 1304 1076 et
1326 991 1416 1050 innu-

207 1097 301 1156 meris
321 1098 391 1158 aliis
405 1097 484 1157 lucis
498 1099 575 1175 quod
586 1114 643 1174 pro
662 1098 851 1175 praelegitur,
874 1098 955 1173 quod
975 1096 1221 1156 llracluenhorch.
1237 1097 1415 1156 sollemnem

209 1205 378 1265 scribarum
392 1207 511 1284 lapsum
532 1206 678 1286 appellat.
701 1207 755 1268 cir.
778 1208 817 1267 ad
831 1206 898 1266 liv.
915 1227 1020 1266 xxxvr.
1036 1209 1083 1266 33.
1100 1208 1126 1266 3.
1162 1205 1303 1266 Ceterum
1325 1223 1414 1282 quam

208 1328 291 1388 sape
322 1313 443 1373 Tacitus
466 1315 496 1374 in
518 1315 567 1374 liis
590 1315 711 1375 dicendi
732 1313 872 1375 formulis
893 1332 912 1374 a
934 1315 1053 1392 vulgari
1075 1332 1131 1373 usu
1154 1313 1329 1386 recesserit,
1353 1329 1413 1372 non

208 1421 266 1493 est,
294 1418 376 1495 quod
402 1419 540 1496 pluribus
570 1420 785 1480 demonstrem.
834 1420 901 1479 Nun
934 1420 1031 1479 minus
1067 1420 1160 1498 igitur
1191 1419 1329 1479 Latinum
1364 1421 1413 1477 est

207 1526 284 1602 quod
304 1525 394 1601 plura
421 1544 508 1603 quam
536 1545 592 1605 quo
608 1527 698 1602 plura
721 1546 773 1602 -3
805 1526 882 1586 illud
908 1531 940 1587 et
966 1527 1103 1587 codicum
1128 1528 1312 1587 auctoritate
1338 1541 1414 1584 cun-

207 1629 357 1691 firmatum
379 1637 412 1692 et
426 1631 555 1692 Salustii
575 1633 698 1711 ingenio
714 1634 955 1707 convenientius,
978 1634 1027 1708 qui
1050 1650 1116 1708 quaa
1137 1633 1325 1709 inpromptu
1343 1636 1414 1690 sunt

206 1738 325 1814 respuit
348 1743 380 1798 et
400 1740 497 1798 minus
517 1741 631 1800 usitata
653 1743 745 1816 atque
767 1741 892 1800 insolita
913 1744 1023 1818 captat.

288 1863 312 1905 c.
335 1847 383 1904 23.
416 1850 506 1905 turris
527 1845 597 1905 Bas.
618 1864 693 1906 em.
721 1865 782 1906 sec.
805 1847 952 1906 correxit.
973 1850 1028 1906 cim
1048 1846 1122 1906 dolis
1143 1846 1314 1920 iterumque
1331 1860 1413 1918 pru-

105 2001 109 2010 .
206 1954 265 2010 mic
284 1952 367 2011 modo
386 1954 576 2030 semidinem,
599 1955 650 2012 ubi
671 1955 776 2032 priore
799 1954 871 2014 loco
892 1960 944 2014 aut
963 1953 1063 2013 altero
1078 1954 1161 2012 modo
1177 1953 1300 2028 excidit,
1322 1951 1411 2013 idem.

207 2074 265 2117 non
286 2059 363 2118 mali
379 2077 469 2135 posse
489 2060 560 2119 Bas·

286 2183 311 2225 c.
333 2169 380 2225 24.
402 2165 569 2243 Scripturas
591 2169 748 2229 variantes
771 2169 799 2226 in
817 2168 882 2227 cod.
900 2167 971 2226 Bas.
990 2171 1149 2227 amiciciam
1165 2198 1201 2208 —
1217 2170 1360 2243 impurium
1377 2197 1409 2208 -

206 2289 369 2348 emmpnus.
391 2303 430 2312 -
451 2291 529 2348 eoepc
548 2291 601 2333 cce
621 2281 735 2333 cretum
755 2275 825 2334 Vat.
853 2291 911 2334 cm.
933 2275 973 2332 ud
995 2309 1033 2319 -
1055 2280 1150 2332 cestra
1175 2277 1218 2332 cis
1242 2275 1413 2332 commoneri

204 2378 274 2438 Vat.
297 2380 410 2440 omisso
433 2379 612 2457 pronomine
634 2397 700 2457 pua,
725 2380 807 2456 qnod
827 2379 897 2440 Bas.
919 2383 1030 2455 tuetur,
1059 2381 1109 2439 vel
1131 2398 1188 2457 pue
1210 2379 1291 2454 quod
1313 2378 1411 2437 estin

204 2485 291 2547 Leid.
312 2488 380 2547 l'ur.
401 2486 486 2546 Eius.
510 2487 577 2546 Par.
600 2490 656 2547 sed
677 2489 707 2546 in
728 2489 796 2547 l'ur.
818 2504 876 2564 pua
897 2488 954 2564 spl.
973 2490 1005 2547 et
1025 2488 1056 2545 in
1070 2487 1131 2546 Par
1151 2488 1319 2545 onetatum
1341 2487 1412 2542 atu

205 2594 264 2671 spl.
286 2593 371 2653 Unde
389 2599 488 2670 erant,
511 2595 562 2670 qui
578 2613 634 2672 puo
649 2595 840 2672 praeferrent,
863 2596 946 2671 quod
958 2595 1005 2654 ad
1023 2595 1171 2655 remotius
1186 2592 1299 2653 referri
1319 2592 1411 2652 vole·

205 2701 291 2774 bant,
323 2701 377 2759 sed
406 2719 473 2760 cum
495 2701 593 2761 omnis
621 2701 770 2762 orationis
794 2702 840 2761 vis
868 2703 899 2762 in
928 2703 1034 2761 verbis
1055 2705 1099 2761 vis
1121 2707 1218 2760 certa
1237 2699 1340 2778 posita
1361 2698 1409 2772 sit,

206 2807 318 2883 quippe
340 2807 426 2866 cuius
448 2824 557 2866 sensus
579 2809 634 2868 sit:
656 2808 721 2866 ecla
740 2811 784 2866 cic
800 2814 897 2867 eastra
919 2808 1096 2885 astrelipuu,
1119 2808 1145 2866 is
1168 2807 1220 2882 qui
1237 2809 1269 2864 et
1283 2805 1410 2864 verbum

205 2914 427 2973 substantivum
442 2889 534 2973 eiecit
557 2919 665 2991 etque
687 2916 820 2991 scripsit,
843 2921 950 2974 centra
972 2931 1007 2974 se
1023 2915 1121 2990 ipsum
1141 2917 1264 2991 pugnat,
1286 2914 1322 2989 si,
1344 2928 1411 2988 quaa

206 3020 313 3096 optimi
335 3019 451 3079 codicis
481 3021 666 3080 auctoritate
692 3023 870 3081 confirmata
891 3025 970 3097 sunt,
995 3021 1158 3098 impugnat
1186 3020 1254 3098 quid
1274 3026 1318 3079 cst
1337 3019 1410 3079 reli·

205 3146 290 3206 prum
312 3131 344 3187 et
363 3129 434 3188 Bas.
456 3131 488 3188 ct
508 3128 606 3188 Vatic.
634 3129 801 3188 confirmat.
822 3131 980 3188 nemetim
1002 3128 1100 3187 Vatic.

286 3252 311 3294 c.
333 3237 380 3294 25.
415 3236 472 3294 Sed
492 3235 528 3294 ab
549 3235 657 3294 lisdem
673 3232 743 3293 Bas.
765 3251 815 3294 ree
834 3236 942 3294 incidie
957 3242 1021 3294 erut
1040 3234 1109 3293 Bas.
1128 3251 1221 3311 praep.
1242 3237 1271 3292 ic
1287 3234 1409 3293 omissa.

206 3343 262 3402 sed
284 3344 411 3403 verbum
433 3345 519 3404 initio
540 3344 630 3403 lineae
652 3344 807 3420 scriptum,
834 3344 886 3403 ubi
912 3342 984 3402 talis
1011 3343 1139 3402 omissio
1168 3341 1292 3402 facilius
1318 3343 1411 3401 etiam

204 3451 272 3510 lieri
293 3452 403 3528 potuit.
431 3453 598 3526 rapiebatur
624 3451 740 3527 optimi,
768 3449 837 3510 Bas.
861 3455 893 3510 et
920 3448 1077 3509 Parisinus
1105 3449 1290 3523 confirmant,
1319 3449 1410 3508 etiam

205 3557 236 3615 iu
256 3555 392 3616 Einsied.
413 3557 536 3633 lineola,
559 3574 618 3632 qua
633 3574 670 3616 ur
686 3556 884 3632 significatur,
906 3556 1028 3634 adpicta
1047 3559 1108 3630 est,
1130 3556 1238 3634 optimi
1252 3556 1347 3633 igitur
1366 3555 1409 3614 li·

207 3664 253 3722 bri
273 3663 437 3726 lectionem
470 3668 604 3739 tuentur;
637 3663 833 3724 Latinitatem
862 3681 951 3723 nemo
973 3669 1147 3740 suspectam
1176 3663 1318 3737 habebit3
1340 3663 1408 3721 ele-

204 3771 337 3848 gantiam
360 3771 509 3830 oraticnis
537 3771 619 3846 quod
647 3771 765 3845 attinet,
792 3771 904 3829 timebat
929 3770 1029 3830 forma
1053 3770 1155 3829 activa
1176 3769 1327 3828 orationis
1348 3768 1410 3827 ini-

204 3879 247 3936 tio
269 3882 301 3937 et
323 3877 420 3936 lerma
442 3879 568 3954 passiva
588 3877 755 3953 rapiebatur
775 3877 806 3936 in
828 3877 889 3937 lina
910 3879 1024 3954 optime
1046 3876 1146 3936 altera
1166 3875 1259 3934 alteri
1275 3891 1409 3951 respon·

205 3984 266 4059 det,
294 3987 326 4042 ut
352 3984 469 4043 animus
497 3984 526 4042 in
555 3984 698 4043 diversas
727 3986 833 4060 partes
860 3982 1027 4044 distractus
1050 3985 1117 4060 ipsa
1139 3981 1288 4042 orationis
1308 3981 1410 4042 forma

205 4092 401 4167 exprimatur.
429 4092 514 4150 ducta
538 4090 608 4150 Bas.
630 4093 663 4149 at
683 4091 714 4149 in
739 4088 797 4149 line
823 4090 922 4166 lineae,
954 4092 997 4150 ita
1023 4094 1054 4148 ut
1083 4089 1206 4166 syllaba
1229 4088 1321 4148 iacile
1350 4088 1409 4148 ub·

205 4199 323 4256 scurari
343 4199 489 4274 potuerit,
510 4197 542 4256 id
565 4196 646 4271 qued
668 4196 757 4272 signo
780 4196 982 4272 significatum
1004 4211 1074 4256 esse
1095 4193 1226 4269 videtur,
1248 4194 1306 4254 sed
1325 4194 1410 4253 ductu

205 4309 312 4382 aperte
333 4304 430 4363 Paris
452 4304 536 4363 Laid.
558 4303 700 4362 conductu
720 4299 785 4360 din.
807 4303 836 4360 di
857 4303 914 4379 spl.
935 4303 1050 4363 diducta
1072 4301 1140 4360 Tur.
1159 4302 1272 4360 servat
1294 4299 1409 4360 Sensus

204 4410 286 4470 idem
307 4411 359 4486 qui
380 4412 459 4488 apud
481 4411 616 4470 Tacitum
642 4410 753 4470 Annal.
778 4429 809 4469 11.
833 4413 879 4469 11.
904 4410 1109 4486 ,distantibus
1131 4408 1210 4467 locis
1230 4407 1355 4482 invecti,
1378 4410 1410 4466 ut

203 4517 327 4578 hostem
349 4510 559 4578 diducerent.“

286 4644 312 4688 c.
334 4629 382 4687 26.
404 4635 534 4688 armatus
554 4629 625 4688 Bas.
647 4634 679 4690 ut
700 4631 830 4706 videtur,
854 4631 921 4689 Tur.
943 4628 973 4687 in
994 4626 1066 4686 Par.
1089 4645 1109 4686 u
1130 4627 1187 4704 spl.
1209 4630 1328 4686 armatis
1342 4625 1408 4686 Eiu.

206 4736 238 4794 el
259 4733 290 4792 in
312 4733 379 4793 'lnr.
400 4738 411 4792 i
432 4733 490 4810 spl.
511 4737 669 4811 utrumque
702 4737 788 4795 recte
811 4736 872 4796 dici
893 4751 981 4796 neme
1003 4753 1063 4796 ncn
1089 4735 1245 4813 intelligit,
1273 4735 1334 4794 nisi
1360 4735 1409 4794 cui
