3576 5602
1272 631 1339 704 431

134 825 247 897 curuli
283 825 334 896 ius
362 825 488 896 diceret
522 826 663 920 populo,
701 827 795 922 picus
828 829 965 900 llartius
997 829 1162 900 advolavit
1186 840 1285 924 atque
1311 831 1345 902 in

134 949 246 1043 capite
272 951 344 1023 eius
369 950 508 1020 adsedit.
547 952 671 1022 Nonius
690 977 724 1045 p.
752 950 837 1034 518,
864 951 924 1024 30.
950 958 1008 1045 cfr.
1033 956 1102 1024 Vol.
1124 956 1289 1025 dioximus
1308 953 1344 1037 5,

135 1072 173 1156 6,
200 1070 236 1143 4.
336 1075 395 1144 62.
428 1074 469 1158 Q.
505 1075 625 1145 Fabius
661 1075 840 1168 imperator
865 1078 1034 1148 Romanus
1068 1077 1158 1148 dedit
1190 1081 1232 1150 ad
1260 1080 1345 1150 Car-

136 1201 366 1293 thaginienses
392 1201 580 1294 epistolam,
617 1202 675 1273 uhi
700 1203 857 1295 scriptum
884 1205 946 1274 fuit
974 1206 1134 1298 populum
1161 1205 1345 1274 Romanum

134 1327 267 1396 misisse
293 1325 334 1398 ad
361 1345 418 1396 eos
445 1324 572 1396 hastam
598 1337 631 1395 et
656 1325 851 1407 caduceum,
878 1327 975 1419 signa
1001 1328 1068 1399 duo
1094 1329 1173 1400 belli
1199 1339 1257 1398 aut
1282 1351 1346 1420 pa·

136 1453 198 1532 cis,
227 1475 269 1522 ex
286 1452 360 1544 quis
386 1463 497 1521 utrum
520 1452 643 1522 vellent
666 1452 843 1545 eligerentr
871 1456 959 1547 quod
977 1455 1165 1547 elegissent,
1192 1452 1224 1522 id
1242 1475 1345 1523 unum

137 1586 172 1644 ut
205 1597 277 1644 osse
314 1575 450 1644 missum
486 1574 722 1646 existimarent.
780 1576 1069 1670 Carthaginienses
1106 1575 1347 1669 responderunt

136 1709 294 1768 neutrum
319 1721 390 1768 sese
417 1698 554 1790 eligere,
583 1699 640 1770 sed
667 1722 762 1793 posse
788 1702 846 1794 qui
873 1703 1057 1772 attulissent
1077 1712 1188 1772 utrum
1208 1701 1347 1771 mallent

138 1822 343 1916 relinquere,
370 1822 459 1916 quod
483 1822 698 1916 reliquissent
722 1823 754 1893 id
772 1824 836 1894 sihi
859 1846 919 1917 pro
937 1825 1042 1894 electo
1060 1825 1219 1895 futurum.
1253 1827 1346 1896 Mar-

137 1971 196 2017 cus
221 1958 334 2017 autem
360 1948 466 2017 Varro
492 1970 558 2017 non
594 1947 721 2018 hastam
752 1949 857 2040 ipsam
890 1973 999 2043 neque
1031 1951 1137 2042 ipsum
1164 1950 1346 2020 caduceum

136 2071 236 2140 missa
262 2069 352 2150 dicit,
382 2071 440 2140 sed
466 2071 548 2140 duas
573 2072 761 2152 tesserulae,
788 2071 822 2140 in
848 2095 991 2165 quarum
1017 2073 1122 2142 altera
1150 2074 1345 2156 caduceum,

138 2193 172 2262 in
199 2194 303 2263 altera
337 2193 450 2264 hastae
482 2194 698 2264 simulacrum
731 2195 865 2264 luerunt
890 2195 1004 2266 incisa.
1053 2196 1175 2265 Gellius
1202 2195 1258 2277 10,
1285 2197 1345 2269 27.

137 2321 196 2410 cfr.
229 2319 342 2386 liuius
366 2315 426 2398 21,
462 2315 517 2390 18.
569 2319 675 2388 Varro
700 2317 741 2386 de
768 2319 834 2387 vita
859 2320 894 2387 P.
920 2319 960 2387 lt.
988 2319 1046 2389 lih.
1064 2320 1096 2387 l:
1132 2329 1346 2412 posteaquam

137 2442 264 2525 Quinto
290 2440 392 2512 Fahio
418 2442 565 2512 Maximo
597 2442 767 2512 dictatore.
816 2445 941 2514 Nonius
963 2467 996 2536 p.
1019 2440 1104 2526 484,
1131 2443 1190 2515 20.
1238 2447 1347 2517 Varro

137 2565 303 2638 Hercules
328 2576 419 2637 tuam
438 2565 554 2636 fidem:
586 2577 685 2636 noctu
704 2566 902 2638 Hannibalis
928 2590 1003 2638 cum
1026 2568 1138 2659 iugavi
1164 2570 1346 2640 exercitum

136 2691 288 2773 Tutatus,
326 2673 401 2761 hoc*
421 2690 571 2761 Tutunus
608 2691 733 2761 Romae
768 2715 952 2783 nuncupor,
993 2694 1200 2786 llacpropter
1231 2716 1347 2764 omnes

136 2818 195 2910 qui
222 2817 375 2887 laborant
401 2817 565 2888 invocant
607 2820 733 2889 Nonius
752 2843 785 2911 p.
808 2816 868 2900 47,
896 2817 956 2890 32.
999 2821 1105 2890 Varro
1132 2821 1165 2889 in
1192 2821 1277 2892 libro
1301 2821 1346 2892 lll

136 2941 178 3012 de
206 2941 271 3012 vita
305 2943 419 3035 populi
445 2943 599 3023 Romani,
635 2966 702 3035 quo
735 2944 808 3013 loco
841 2945 943 3014 refert
975 2968 1075 3036 quam
1110 2959 1222 3037 gratus
1248 2946 1348 3016 luerit

136 3087 218 3157 erga
244 3064 330 3135 hene
356 3065 505 3147 meritos,
531 3065 612 3134 dicit
635 3067 807 3146 Muttines,
835 3067 922 3158 quod
950 3069 983 3137 in
1011 3069 1123 3138 Sicilia
1148 3091 1223 3139 cum
1249 3069 1347 3162 oqui-

137 3201 204 3260 tatu
230 3213 291 3259 suo
318 3189 492 3260 transierat
517 3188 558 3258 ad
585 3211 657 3268 nos,
693 3189 860 3260 civitatem
886 3191 1012 3260 Romae
1046 3191 1156 3262 datam
1182 3191 1347 3285 aedesque

137 3327 169 3385 et
195 3311 374 3407 pecuniam
400 3335 443 3380 ex
469 3312 612 3382 aerario.
662 3314 816 3382 decumus
841 3315 884 3382 ad
910 3313 973 3382 Oic.
1007 3316 1042 3382 in
1068 3315 1212 3384 Pisonem
1235 3339 1271 3408 p.
1301 3312 1346 3386 13

138 3443 238 3512 Orell.
268 3444 327 3530 cfr.
353 3440 465 3508 Liuius
482 3436 543 3517 27,
563 3436 597 3510 5.
698 3438 757 3510 63.
785 3439 961 3508 Claudiurn
987 3450 1021 3508 et
1037 3439 1239 3510 Tuditanum
1264 3460 1347 3510 con-

136 3566 223 3634 sules
258 3576 442 3657 sequuntur
477 3563 519 3647 Q.
548 3564 698 3634 Valerius
733 3575 764 3634 et
803 3567 840 3636 G.
867 3565 1036 3645 llanilius,
1080 3566 1200 3657 quihus
1232 3577 1347 3636 natum

137 3712 208 3758 esse
235 3689 278 3773 Q.
305 3689 452 3758 Ennium
481 3699 610 3780 poetam
650 3691 695 3760 ll.
723 3691 827 3759 Varro
861 3689 895 3756 in
927 3689 1103 3780 primodo
1129 3689 1234 3782 poetis
1261 3688 1348 3759 lihro

136 3813 278 3906 scripsit,
305 3835 462 3904 eumque,
497 3835 572 3882 cum
599 3789 777 3904 septimum
802 3826 836 3882 et
860 3814 1104 3904 sexagesimum
1130 3835 1255 3884 annum
1282 3812 1348 3882 ha·

136 3935 240 4015 heret,
269 3935 502 4005 duodecimum
529 3931 869 4023 [duodevicesimuml]
896 3937 1053 4006 annalem
1080 3935 1262 4026 scripsisse,
1294 3936 1347 4006 id·

137 4086 201 4156 que
228 4060 336 4154 ipsum
354 4061 500 4130 Ennium
528 4061 560 4129 in
588 4061 707 4131 eodem
733 4062 819 4133 libro
837 4062 959 4130 dicere.
1003 4064 1101 4132 Anno
1128 4059 1347 4153 deindepost

136 4187 276 4256 Romam
304 4185 473 4254 conditam
499 4185 767 4278 quingentesimo
800 4185 1046 4254 undevicesimo
1168 4184 1230 4254 Cn.
1258 4186 1347 4254 Nao-

135 4310 208 4382 vius
233 4321 331 4402 poeta
359 4310 486 4380 tabulas
520 4310 607 4401 apud
642 4311 801 4402 populum
834 4309 941 4389 dedit,
980 4330 1080 4400 quem
1108 4309 1153 4379 Μ.
1181 4309 1286 4377 Varro
1312 4307 1346 4376 in

135 4435 222 4506 lihro
239 4435 280 4504 de
308 4435 414 4528 poetis
439 4435 549 4527 primo
575 4435 739 4528 stipendia
758 4437 873 4505 secisse
893 4436 939 4506 ait
960 4433 1049 4505 hello
1068 4434 1210 4504 Poenico
1228 4434 1345 4526 primo,

135 4559 235 4652 idque
263 4560 371 4653 ipsum
398 4561 560 4630 Naevium
589 4560 699 4630 dicere
725 4560 759 4629 in
786 4583 826 4629 eo
852 4567 1011 4640 carmine,
1047 4557 1134 4652 quod
1161 4556 1201 4626 de
1228 4556 1346 4627 eodem

133 4685 223 4756 hello
241 4685 383 4777 scripsit.
428 4686 552 4754 Gellius
569 4681 624 4764 17,
643 4683 704 4764 21,
722 4681 769 4754 43
788 4707 834 4775 sq.
863 4677 921 4772 [hl.
946 4682 1094 4773 Cethego
1111 4684 1148 4751 P.
1166 4679 1346 4766 Tuditano]
