3554 5600
1273 677 1340 746 185

132 877 214 946 tium
235 875 485 957 iucunditatem,
512 877 566 946 cui
592 898 658 945 non
683 875 814 946 libidini
832 877 936 968 patuit
952 877 1123 968 flagitiosa
1142 878 1341 948 iuventutis?

131 1013 188 1070 aut
214 1022 316 1092 quam
344 1000 555 1093 turpitudinis
581 1011 692 1070 uotam
718 1023 785 1071 nou
810 1002 1017 1072 subeundam
1048 1004 1134 1073 ultro
1158 1012 1259 1094 atque
1283 1024 1341 1072 ac-

132 1124 329 1194 cersendam
356 1147 428 1194 esse
453 1125 630 1216 cogitavit?
663 1128 737 1195 Lux
761 1125 820 1194 illa
846 1149 925 1195 vero
943 1127 1094 1218 praeelari
1110 1138 1210 1219 atque
1228 1127 1342 1197 excel-

12 1343 15 1350 Υ
133 1251 230 1320 lentis
263 1251 407 1342 ingenii,
447 1275 549 1345 quam
578 1275 694 1322 omnes
729 1251 875 1322 divinam
910 1275 1043 1346 semper
1075 1264 1107 1322 et
1138 1252 1342 1344 singularem

132 1385 233 1467 atquo
260 1375 448 1446 inusitatam
474 1378 604 1470 penitus
626 1398 697 1446 esse
715 1377 972 1458 arbitrabantur,
998 1400 1108 1447 nonne
1127 1376 1212 1445 inter
1229 1375 1343 1445 foedis-

133 1500 235 1570 simas
269 1503 474 1596 voluptatum
507 1503 621 1573 sordes
652 1503 808 1573 restincta
840 1504 912 1573 estf
954 1504 1079 1575 Omitto
1110 1503 1209 1596 pestis
1243 1499 1342 1570 buius

133 1627 374 1719 impurissimus
398 1650 507 1709 voces,
546 1628 720 1697 mollitiem
752 1628 929 1708 scenicam,
967 1627 1112 1697 obtuitus
1145 1623 1342 1718 impudicos,

133 1748 313 1821 blanditias
345 1751 526 1823 muliebres
564 1764 596 1822 et
624 1775 756 1822 omnem
791 1751 935 1845 denique
965 1751 1096 1845 copiam
1121 1773 1188 1820 nou
1214 1748 1343 1819 medio-

134 1873 242 1944 crium
277 1875 433 1946 vitiorum
467 1878 530 1948 sub
565 1877 621 1946 illa
655 1877 772 1946 frontis
803 1876 929 1946 erudita
962 1877 1060 1945 simul
1095 1885 1194 1966 atque
1219 1871 1342 1963 insigni

132 1997 382 2090 pulchritudine
401 1999 664 2070 delitescentem:
690 2012 852 2093 praetereo
875 2011 1018 2068 mentem
1042 1996 1132 2069 illius
1150 1997 1223 2088 plus
1241 2016 1342 2087 quam

133 2123 382 2213 gladiatoriam,
417 2124 503 2194 sitim
540 2123 768 2194 incredibilem
800 2122 938 2193 humani
964 2123 1101 2203 cruoris,
1141 2122 1261 2193 mirum
1288 2120 1342 2188 in-

133 2247 325 2318 constantia
342 2267 460 2338 genus,
486 2248 612 2318 vultum
641 2270 729 2318 nunc
747 2247 937 2328 demissum,
964 2268 1052 2316 nuuc
1070 2247 1227 2326 alacrem,
1253 2267 1342 2313 nunc

134 2371 347 2443 anhelantem
372 2373 492 2453 scelus,
517 2395 606 2442 nuuc
632 2372 739 2462 gratia
764 2371 956 2442 meretricia
978 2371 1225 2452 florescentem
1251 2391 1344 2440 sum-

134 2519 227 2566 mum
245 2497 397 2590 pecunie
414 2496 627 2581 desiderium,
654 2517 817 2567 summam
839 2496 936 2566 simul
955 2495 1234 2588 prodigalitatem,
1261 2515 1342 2564 con-

134 2630 297 2714 temptum
329 2620 560 2694 incredibilem
598 2623 748 2694 omnium
780 2621 956 2702 bonorum,
1005 2623 1149 2714 itemque
1184 2619 1342 2689 eximiam

135 2768 210 2815 cum
237 2747 375 2816 summis
405 2758 503 2839 atque
534 2747 751 2818 ornatissimis
777 2745 904 2816 civibus
931 2745 1204 2815 familiaritatem.
1250 2743 1343 2814 Nibil

135 2869 223 2940 enim
258 2869 321 2941 fuit
354 2872 416 2942 isto
450 2883 595 2942 monstro
629 2870 836 2964 versipellius
867 2879 924 2940 aut
951 2869 1143 2940 mutabilius
1169 2867 1342 2938 bominum

134 2995 310 3076 memoria,
349 2995 393 3065 ita
425 3005 461 3066 ut
494 3019 547 3066 res
580 2995 811 3066 diversissimo
840 3016 1069 3087 sepenumero
1104 2993 1276 3064 videantur
1308 2992 1343 3062 in

135 3119 253 3190 eodem
288 3119 424 3212 iugenio
461 3131 620 3213 tanquam
646 3121 690 3189 iu
724 3120 855 3189 sentina
881 3119 1023 3211 quadam
1050 3117 1220 3189 teterrima
1244 3115 1343 3186 simul

136 3243 336 3314 redundare.

206 3391 244 3438 x.
298 3367 382 3452 ouis
406 3369 509 3461 igitur
533 3370 751 3440 dubitandum
777 3393 848 3439 esse
870 3369 1043 3462 putaverit,
1070 3368 1240 3438 hominem
1258 3387 1345 3460 prae-

136 3491 240 3562 ditum
267 3489 405 3563 buiusce
426 3493 630 3564 institutione
652 3495 738 3575 vitae,
766 3495 1021 3565 remotissimum
1047 3495 1088 3564 ab
1112 3493 1203 3562 omni
1221 3513 1343 3583 genere

136 3615 361 3699 humanitatis,
387 3618 546 3710 perfacile
563 3641 634 3688 sese
652 3620 820 3689 teterrimo
837 3619 959 3710 cuique
981 3628 1079 3711 atque
1105 3615 1344 3686 immanissimo

136 3739 276 3812 facinori
302 3741 403 3811 fuisse
429 3742 782 3814 accommodatummf
811 3745 947 3814 Fontem
974 3741 1177 3835 aperuimus,
1205 3740 1342 3819 iudices,

136 3865 285 3936 omnium
303 3865 454 3936 Catilinae
481 3889 610 3938 morum
636 3879 734 3960 atque
760 3869 868 3937 omnis
894 3867 1152 3946 consuetudinis,
1179 3865 1268 3936 unde
1294 3863 1343 3934 illi

136 3988 365 4060 demanarisse
381 3991 430 4060 vis
447 3991 509 4061 ista
525 3993 685 4084 praeclara
704 3993 918 4063 consiliorum
945 3991 1103 4062 facillime
1130 3987 1345 4081 intelligenda

137 4125 193 4183 est.
240 4117 338 4184 Nunc
369 4115 550 4187 videndum
576 4127 636 4198 est,
671 4139 763 4210 spem
790 4116 988 4187 atrocissimi
1014 4116 1148 4186 sceleris
1180 4112 1269 4185 uude
1294 4112 1345 4183 illi

136 4237 415 4310 subministratum
443 4240 543 4310 fuisse
569 4240 765 4310 iudicemus.
817 4240 902 4311 Cum
934 4239 989 4309 bic
1015 4239 1126 4332 itaque
1151 4260 1263 4306 secum
1289 4259 1346 4307 re-

138 4373 262 4456 peteret
286 4365 446 4434 memoria
474 4365 692 4435 miserandam
726 4365 945 4456 ignominiam
974 4363 1185 4434 comitiorum
1214 4371 1346 4453 turpes·

138 4511 201 4579 que
228 4489 398 4581 augustias
423 4489 555 4561 afflictae
581 4491 631 4562 rei
657 4489 841 4572 familiaris,
875 4489 1042 4584 simulque
1067 4489 1262 4568 intueretur,
1292 4484 1345 4554 vel

137 4611 197 4680 sibi
226 4612 403 4684 vivendum
439 4637 478 4684 ac
513 4615 722 4685 moriendum
758 4615 828 4684 fore
864 4636 938 4683 cum
972 4611 1174 4705 turpitudine
1205 4631 1344 4687 summa,

139 4736 190 4804 rel
220 4748 370 4808 sonatum
398 4739 526 4808 nullum
558 4761 629 4808 esse
655 4749 820 4831 oportere:
859 4736 899 4805 de
926 4735 1053 4806 ratione
1081 4736 1217 4806 tollendi
1243 4735 1346 4827 ipsius
