3610 5592
229 1647 251 1696 ฮน.
303 1625 423 1695 Omnis
444 1625 612 1706 homines,
639 1626 697 1719 qui
713 1649 785 1696 sese
802 1627 934 1698 student
967 1639 1120 1721 praestare
1146 1629 1262 1699 ceteris
1279 1630 1353 1700 ani-

158 1749 316 1830 malibus,
350 1771 480 1818 summa
504 1772 566 1842 ope
593 1750 651 1819 niti
678 1750 788 1832 decet,
822 1773 865 1820 ne
890 1751 990 1820 vitam
1015 1751 1145 1822 silentio
1169 1763 1351 1835 transeant,

157 1873 255 1943 ueluti
272 1896 411 1966 peoora,
437 1898 511 1967 quae
529 1886 645 1946 natura
664 1898 769 1968 prona
787 1885 884 1968 atque
909 1877 1016 1946 ventri
1034 1877 1220 1948 ohedientia
1246 1879 1351 1948 linxit.

156 1999 219 2070 Sed
252 2009 362 2068 nostra
394 1999 501 2068 omnis
531 2000 579 2068 vis
612 2000 784 2070 inanimo
818 2011 851 2070 et
883 2023 1021 2093 corpore
1054 2001 1115 2071 sita
1149 2013 1216 2083 esu
1251 2003 1351 2072 animi

156 2123 314 2217 imperio,
347 2123 496 2215 corporis
521 2123 653 2192 servitio
678 2123 784 2212 magis
809 2123 949 2203 utimum
984 2125 1124 2196 alterum
1157 2126 1250 2196 nobis
1277 2151 1352 2197 oum

155 2249 235 2330 diis,
270 2250 411 2319 alterum
445 2271 520 2318 cum
553 2249 660 2320 beluis
685 2272 859 2320 commune
893 2263 951 2321 est.
1003 2251 1079 2334 Quo
1112 2251 1193 2320 milri
1232 2251 1353 2322 rectius

155 2373 283 2446 videtur
324 2370 450 2465 ingenii
495 2395 594 2465 quam
626 2373 746 2444 virium
784 2374 901 2467 opibus
938 2374 1078 2466 gloriam
1118 2397 1267 2468 querere
1305 2388 1351 2456 et,

155 2499 310 2590 quoniam
336 2497 400 2567 vita
426 2497 511 2590 ipsa,
538 2521 604 2590 qua
626 2499 782 2579 fruimur,
809 2501 917 2571 brevis
943 2509 1008 2579 est,
1035 2499 1228 2570 memoriam
1251 2500 1352 2571 nostri

156 2645 253 2716 quam
287 2645 445 2694 maxumo
476 2623 610 2715 longum
636 2625 779 2696 efficere.
830 2627 914 2696 Nam
949 2624 1137 2695 divitiarum
1172 2635 1204 2694 et
1238 2625 1352 2694 lormae

155 2747 259 2836 gloria
303 2746 394 2818 llum
432 2758 530 2841 atque
573 2747 717 2840 fragilis,
756 2748 859 2818 virtus
893 2749 983 2818 clara
1023 2759 1210 2839 aeternaque
1249 2747 1353 2818 hube-

155 2882 215 2942 lur.
259 2871 325 2942 Sed
351 2871 407 2942 diu
425 2893 583 2963 maguum
609 2873 693 2942 iuter
718 2874 872 2942 mortales
898 2883 1064 2942 certamen
1083 2873 1158 2954 fuit,
1185 2873 1260 2942 vine
1278 2897 1354 2943 our-

154 2995 240 3084 poris
265 3017 310 3063 an
334 2995 453 3065 virtute
482 2995 584 3065 animi
615 3017 669 3065 res
693 2995 844 3067 militaris
878 2997 984 3086 magis
1014 2995 1217 3088 procederet.
1270 2999 1353 3068 Nom

155 3129 186 3188 et
208 3119 303 3212 prius
334 3141 434 3212 quam
470 3119 608 3212 incipias
641 3120 805 3200 consulto,
840 3131 872 3189 et
903 3121 959 3191 ubi
985 3121 1189 3191 consulueris
1223 3133 1352 3190 mature

154 3243 236 3313 laeto
266 3267 351 3336 opus
375 3255 437 3313 est.
488 3245 535 3314 lta
569 3257 745 3338 utrumque
774 3267 833 3338 per
866 3267 901 3314 se
934 3245 1103 3336 indigens,
1137 3245 1277 3316 alterum
1302 3247 1354 3316 al-

154 3367 253 3438 terius
280 3369 405 3439 auxilio
430 3380 517 3460 eget.

223 3513 261 3562 n.
312 3491 418 3582 lgitur
442 3490 536 3560 initio
560 3513 658 3582 reges
692 3485 780 3580 (nam
810 3493 844 3561 in
876 3495 969 3562 terris
1007 3515 1128 3562 nomen
1156 3493 1284 3584 imperii
1321 3493 1352 3562 id

154 3615 296 3706 primum
322 3610 410 3703 fuit),
436 3614 559 3685 divorsi
585 3637 662 3706 pars
688 3615 873 3706 ingenium,
906 3615 962 3684 alii
989 3639 1109 3708 eorpus
1134 3618 1352 3688 exercebant:

155 3739 251 3808 mam
277 3749 347 3808 tum
365 3737 431 3808 vita
451 3737 623 3808 homiuum
640 3737 712 3806 sine
729 3737 908 3830 eupiditate
925 3737 1129 3828 agitabatur,
1156 3763 1214 3809 sua
1232 3741 1353 3833 cuique

154 3863 227 3932 satis
253 3861 439 3955 placebant.
481 3863 597 3931 Postea
623 3883 701 3933 vero
727 3885 827 3955 quam
853 3863 887 3931 in
913 3863 992 3934 Asia
1018 3864 1139 3957 Cyrus,
1167 3865 1200 3932 in
1226 3865 1353 3934 Graeoia

155 3984 397 4056 lacedemonii
432 3996 463 4054 et
490 3985 709 4056 Athenienses
746 4007 875 4078 cupere
910 3986 1023 4067 urbes,
1063 3987 1213 4056 nationes
1262 3989 1353 4058 subi-

155 4128 251 4197 gere,
284 4106 467 4178 lubidinem
501 4107 692 4178 dominandi
720 4130 852 4178 causam
878 4107 957 4178 belli
991 4108 1128 4190 habere,
1163 4133 1353 4182 maxumam

154 4232 294 4320 gloriam
328 4233 364 4301 in
396 4255 553 4302 maxumo
588 4233 727 4325 imperio
764 4244 899 4326 numm,
935 4245 1003 4304 tum
1038 4235 1170 4304 demum
1204 4236 1353 4327 periculo

154 4367 249 4448 etque
281 4357 425 4446 negotiis
455 4369 660 4449 compertum
695 4369 743 4427 est
773 4358 808 4428 in
842 4357 932 4428 bello
967 4359 1146 4450 plurimum
1181 4358 1351 4450 ingenium

154 4503 259 4570 nosse.
311 4481 411 4562 Quod
444 4481 472 4550 si
502 4504 619 4572 regum
654 4493 751 4572 atque
785 4483 1020 4575 imperatorum
1052 4476 1156 4552 adimi
1191 4485 1293 4554 virtus
1318 4485 1352 4552 in

154 4627 232 4696 paee
267 4607 312 4676 ita
347 4617 382 4676 ut
416 4607 449 4676 in
485 4607 574 4678 bello
605 4609 747 4690 valeret,
791 4609 987 4700 aequabilius
1020 4622 1118 4700 atque
1153 4608 1353 4679 constantius

154 4753 223 4800 sose
257 4753 312 4801 res
347 4729 501 4804 lrumanae
534 4731 707 4814 heberent,
744 4755 854 4825 neque
891 4731 982 4802 aliud
1016 4731 1082 4800 alio
1116 4731 1209 4814 ferri,
1245 4755 1353 4824 neque

1125 4857 1156 4922 ยน.
