3576 5602
426 623 496 691 tto
616 711 622 723 ,

421 822 481 882 hoo
502 824 589 882 certe
609 821 679 882 loco
701 820 835 884 alienum
854 825 911 898 est,
933 823 1015 899 quod
1029 829 1250 902 pereprincntes
1270 843 1329 886 non
1348 831 1419 887 sunt
1433 827 1496 886 iter
1510 825 1625 886 iacien-

421 931 470 988 tes
498 925 599 1003 (quod
619 933 653 987 ut
680 927 837 1004 significet,
860 929 945 989 notio
964 930 1025 990 loci
1049 931 1161 990 abesse
1183 947 1242 990 non
1262 929 1381 1009 potest)
1366 929 1460 1001 )sed
1479 933 1627 1009 hospites,

421 1037 552 1098 omnium
572 1051 674 1094 rerum
697 1035 809 1110 ignari.
849 1035 911 1095 Sed
939 1053 1005 1096 cum
1031 1039 1157 1096 notione
1184 1039 1365 1114 ignorantie
1387 1040 1513 1114 atque
1503 1039 1625 1098 income

420 1145 513 1204 multo
541 1143 651 1204 melius
672 1145 815 1205 convenit
834 1145 961 1204 verbum
984 1149 1160 1222 occuper-e,
1194 1148 1276 1222 quod
1300 1151 1348 1206 est
1369 1145 1515 1224 conficere
1535 1151 1625 1222 atque

419 1253 578 1313 macoma.
600 1251 661 1312 Cic.
676 1251 742 1310 lliv.
762 1253 793 1312 in
807 1251 896 1312 Verr.
919 1270 943 1313 o.
960 1255 1006 1312 14.
1028 1255 1106 1331 quod
1125 1271 1190 1313 mm-
1203 1258 1319 1329 cmperit
1332 1256 1505 1314 Hortensius
1522 1271 1625 1314 maun·

420 1361 550 1438 quodque
578 1362 752 1436 ucnmpere,
780 1360 932 1436 eapedire,
961 1361 1117 1420 ciccum.
1156 1361 1224 1420 Tac.
1258 1359 1358 1420 Germ.
1386 1365 1433 1420 15.
1462 1377 1524 1420 nen
1550 1359 1623 1419 mut-

420 1476 476 1532 tum
514 1471 676 1544 venetius,
714 1470 781 1546 plue
815 1487 872 1546 per
909 1475 995 1530 otum
1028 1475 1197 1548 aucupum,
1236 1472 1322 1531 dediti
1356 1489 1456 1530 somno
1499 1468 1621 1544 meoque.

419 1577 524 1656 Agric.
546 1578 592 1636 35.
614 1579 764 1652 traneiyile
783 1593 847 1636 curn
871 1576 1106 1652 expeditionibus.
1137 1575 1170 1636 G.
1193 1579 1240 1636 19.
1270 1576 1361 1636 cernel
1382 1594 1449 1635 cum
1469 1592 1522 1650 cpe
1542 1579 1621 1632 cole·

419 1701 475 1762 pue
500 1688 607 1743 umoris
633 1677 829 1762 occupetur!
880 1684 1045 1745 Consilium
1081 1686 1161 1745 enim
1189 1687 1325 1746 auctoris
1359 1684 1418 1744 luit
1447 1683 1620 1753 ostendere,

420 1794 534 1868 quanto
556 1790 703 1851 dedecori
725 1791 767 1850 sit
787 1792 853 1851 vita
874 1791 1070 1852 immanitatis
1093 1795 1125 1852 et
1145 1793 1316 1852 litterarum
1338 1809 1461 1870 expers.
1490 1790 1619 1849 Primum

418 1899 512 1976 igitur
533 1900 650 1976 turpem
672 1901 764 1958 tantae
786 1899 981 1959 immanitatis
1004 1916 1125 1958 causam
1148 1899 1299 1976 significat
1318 1899 1426 1959 verbis
1448 1897 1536 1956 dediti
1550 1911 1619 1955 cen-

420 2007 458 2064 lm'
478 2011 564 2082 cipue
581 2019 702 2076 somne,·
728 2004 791 2062 tum
816 2003 941 2062 eosdem
971 2021 1028 2064 non
1050 2003 1141 2063 aliter
1163 2021 1251 2080 quam
1271 2005 1508 2081 peregrinantes
1529 2017 1618 2078 agere

418 2110 542 2185 iudicat,
564 2109 615 2183 qui
635 2107 761 2166 inscitie
781 2107 829 2166 rei
847 2107 986 2184 publicae,
1008 2113 1041 2168 ut
1062 2108 1180 2184 alienae,
1203 2110 1295 2169 nullis
1317 2109 1481 2187 iunguntur
1501 2107 1618 2179 officiis,

418 2233 519 2293 neque
546 2215 712 2274 commodis
742 2213 854 2274 civium
874 2213 1052 2276 inserviunt.
1095 2215 1244 2276 Similiter
1264 2216 1381 2276 Plinius
1404 2233 1461 2276 eos
1490 2217 1617 2286 accusa,

418 2322 470 2398 qui
491 2321 626 2381 honores
648 2319 784 2396 petituri,
806 2319 925 2379 ltaliam
947 2337 1006 2380 non
1031 2338 1087 2397 pro
1116 2323 1217 2398 patria
1245 2323 1301 2381 sed
1326 2338 1383 2398 pro
1405 2321 1546 2398 hospitio
1567 2323 1617 2379 ant

417 2428 549 2502 stabulo,
585 2427 672 2502 quasi
694 2427 938 2504 peregrinantes,
969 2427 1111 2486 habeant.
1158 2427 1220 2488 Sed
1248 2427 1501 2503 quemadmodum
1527 2441 1617 2503 pere·

416 2538 496 2614 grini
515 2537 545 2596 in
567 2536 654 2596 cives
675 2539 813 2611 peccant,
840 2552 966 2610 quorum
987 2535 1147 2595 commoda
1168 2535 1242 2594 ninii
1272 2535 1312 2594 ad
1333 2553 1368 2595 se
1389 2535 1548 2612 pertinere
1566 2549 1618 2609 pu·

416 2645 488 2716 tant,
510 2643 552 2701 ita
573 2641 712 2701 homines
738 2640 855 2700 indocti
885 2646 916 2700 et
941 2641 1048 2700 inculti
1074 2641 1104 2700 in
1135 2641 1315 2700 serietatem
1344 2640 1470 2716 generis
1490 2637 1617 2712 humani,

417 2765 514 2825 quam,
536 2751 678 2822 quantum
701 2747 731 2804 in
754 2746 791 2804 iis
814 2749 870 2820 est,
899 2744 1080 2805 dissolvunt.
1121 2745 1205 2804 lianc
1232 2747 1328 2824 igitur
1348 2746 1509 2804 levitatem
1531 2749 1617 2818 atque

415 2854 556 2915 inertiam
578 2851 672 2909 multo
693 2851 865 2910 accuratius
887 2850 1015 2910 verbnm
1035 2855 1198 2926 erumpere
1219 2851 1370 2928 exprimit,
1398 2852 1481 2927 quod
1503 2868 1544 2910 ne
1563 2866 1613 2908 ac-

415 2963 530 3021 tionem
551 2959 672 3034 quidem
688 2957 790 3018 habet.
820 2955 933 3017 Contra
954 2962 1081 3017 tronmre
1101 2960 1128 3018 si
1146 2960 1276 3035 positum
1293 2961 1387 3032 esset,
1410 2959 1505 3017 etiam
1522 2957 1615 3035 signi-

415 3066 588 3126 ficationem
604 3062 745 3122 vocabuli
758 3066 978 3138 praeminentes
989 3064 1172 3140 inverterem
1186 3080 1286 3138 nequo
1301 3064 1368 3122 sine
1380 3065 1526 3140 apposito
1541 3079 1614 3140 qno-

415 3173 584 3234 clamidem
606 3172 685 3248 quod
706 3171 818 3230 silem
839 3175 965 3230 transire
987 3172 1158 3249 exprimere
1181 3188 1275 3248 posse
1300 3172 1432 3232 videtur.
1463 3171 1514 3232 Ad
1535 3179 1614 3231 unn-

414 3285 511 3359 eipere
531 3280 671 3357 proximo
693 3279 812 3338 accedit
837 3283 1036 3353 transultare,
1065 3277 1120 3339 cir.
1148 3278 1264 3338 Seneca
1285 3277 1362 3356 Epp.
1386 3281 1432 3339 19.
1462 3285 1550 3339 cilcan
1565 3295 1616 3354 per

415 3389 567 3448 obscurum
588 3387 786 3444 commitere.
813 3383 889 3444 Stet.
912 3383 985 3442 Silv.
1006 3403 1046 3442 rv.
1068 3387 1096 3443 2.
1118 3387 1165 3444 12.
1188 3385 1302 3444 steriles
1327 3389 1542 3444 amrmemus
1561 3401 1613 3442 un-

413 3509 477 3552 noa.
515 3490 564 3549 ld.
579 3489 671 3549 Theb.
692 3508 733 3548 ιιι.
756 3491 823 3549 ate.
851 3489 953 3566 Vipilee
974 3492 1055 3566 opert
1076 3493 1268 3549 ammittere
1288 3495 1395 3548 metes.
1438 3488 1519 3550 Plio.
1541 3491 1612 3568 lipp.

413 3619 454 3660 rx.
475 3601 503 3659 6.
537 3599 625 3657 Omne
645 3598 699 3656 too
719 3602 827 3672 tenpus
848 3599 922 3656 inter
940 3597 1100 3675 pupillares
1121 3605 1149 3656 et
1172 3597 1282 3657 libellos
1298 3598 1509 3658 iucundissime
1526 3602 1613 3677 pciele

414 3708 568 3766 transmisi.
591 3703 698 3764 (iraece
719 3691 845 3784 διάγειν.

496 3830 520 3872 c.
533 3813 559 3872 3.
570 3817 715 3890 aemulor.
727 3811 797 3870 Bas.
806 3829 824 3870 1.
837 3815 868 3870 et
875 3811 998 3888 plurimi
1009 3811 1089 3871 libri.
1101 3813 1131 3872 in
1140 3813 1237 3874 Paris.
1252 3833 1279 3874 a.
1291 3819 1322 3874 et
1332 3815 1400 3874 Tur.
1411 3816 1538 3875 variam
1550 3816 1612 3876 loc-

415 3922 467 3981 tio.
488 3921 617 3996 sequitur
637 3915 671 3976 L.
692 3917 789 3976 Paris.
806 3915 972 3977 ellinsied.
996 3918 1063 3978 Tur.
1086 3915 1213 3995 Guelph.
1241 3925 1266 3980 i.
1289 3924 1316 3982 2.
1339 3923 1366 3981 3.
1383 3923 1411 3980 t.
1427 3926 1455 3980 5.
1499 3919 1612 3982 Charo.

414 4047 442 4106 p.
471 4029 537 4086 192.
563 4043 651 4101 quam
678 4025 800 4100 quidem
829 4024 991 4086 lectionem
1023 4026 1182 4086 meliorem
1212 4024 1322 4102 liabeo,
1353 4027 1435 4100 quod
1463 4026 1612 4088 Salustius

413 4135 498 4197 nullo
520 4135 582 4194 alio
604 4133 674 4193 loco
696 4122 919 4193 coniunctivum
944 4151 1011 4193 cum
1037 4135 1095 4193 hac
1121 4133 1273 4210 particula
1296 4135 1454 4195 coniunxit
1475 4137 1531 4196 cir.
1553 4133 1612 4195 Cat

414 4246 461 4304 20.
483 4245 531 4302 21.
554 4245 601 4300 31.
623 4243 672 4301 te.
694 4243 742 4300 52.
764 4239 827 4317 lug.
851 4241 878 4300 6.
902 4246 949 4300 11.
973 4245 1020 4300 13.
1036 4243 1082 4303 16,
1101 4244 1147 4300 20.
1162 4244 1211 4301 25.
1228 4243 1277 4301 26.
1292 4244 1339 4301 29.
1355 4244 1403 4302 31.
1420 4246 1468 4302 33.
1489 4246 1538 4303 38.
1560 4261 1612 4303 ea·

413 4351 544 4426 demque
566 4354 614 4409 est
636 4352 716 4409 ratic
739 4349 1099 4428 priorumtemporum,
1127 4368 1193 4427 quae
1220 4367 1279 4411 uno
1303 4355 1418 4412 mntem
1446 4352 1519 4414 loco
1541 4371 1613 4414 con-

413 4460 578 4519 iunctivum
599 4458 699 4517 habet
729 4456 792 4534 lug.
815 4456 926 4517 3.1am
949 4458 1008 4518 hoc
1030 4459 1150 4534 quidem
1172 4459 1243 4518 loco
1266 4463 1385 4536 tempus
1406 4477 1555 4537 presens,
1584 4463 1611 4520 in

413 4567 526 4624 ceteris
548 4564 614 4624 iere
636 4565 832 4642 praeteritum,
863 4564 919 4622 sed
946 4565 976 4624 in
1002 4563 1065 4642 lug.
1088 4567 1127 4624 38
1156 4565 1261 4624 itidem
1288 4582 1426 4642 praesens
1455 4569 1611 4629 indicativi

413 4673 491 4733 adeo
514 4675 544 4734 in
566 4675 706 4733 oratione
728 4672 853 4748 obliqua
880 4672 1012 4749 positum
1035 4678 1096 4748 est;
1125 4677 1157 4732 et
1183 4675 1298 4748 nescio,
1320 4691 1357 4733 an
1379 4673 1504 4734 Salustii
1526 4677 1611 4751 inge·
