3702 5600
1380 631 1452 699 517

244 833 350 909 optimi
371 831 444 892 libri
465 837 616 908 tueantur,
643 830 747 906 ntique
769 829 978 905 reponendum
998 833 1056 889 est.
1099 828 1174 888 inde
1195 827 1373 888 necessario
1396 845 1451 887 se·

245 938 356 1014 quitur,
378 938 470 998 etiam
491 938 630 998 Numidae
651 953 723 996 esse
745 935 949 995 scribendum.
977 933 1045 993 Etsi
1066 935 1195 994 alteram
1214 933 1298 992 illam
1314 935 1452 993 structu-

243 1061 309 1102 ram
323 1044 453 1104 Numidis
466 1047 604 1119 -mopir
621 1043 711 1119 pedes
731 1059 816 1120 quem
837 1058 921 1100 enno
942 1047 1001 1100 luto
1022 1047 1095 1114 eunt,
1120 1057 1181 1100 non
1202 1039 1451 1100 contemnendam

244 1150 332 1211 duco.
363 1149 398 1208 Si
419 1151 486 1226 quis
509 1153 565 1224 est,
588 1151 640 1226 qni
660 1152 714 1210 boc
734 1149 802 1208 mibi
823 1155 910 1208 tutum
931 1154 974 1206 est
994 1146 1104 1207 Latine
1126 1147 1185 1206 dici
1208 1151 1310 1224 neget,
1332 1147 1362 1205 in
1384 1147 1451 1207 eius

243 1258 375 1335 gratiam
397 1257 457 1316 duo
477 1256 549 1316 loca
570 1256 724 1316 adscribo.
749 1255 822 1314 Cres.
840 1255 874 1315 B.
891 1254 924 1312 G.
946 1273 977 1312 ιι.
992 1256 1040 1313 28.
1074 1253 1164 1328 „Cum
1183 1253 1353 1312 victoribus
1375 1253 1451 1312 nihil

244 1364 430 1441 impeditum,
452 1365 542 1424 victis
564 1364 639 1423 nibil
662 1369 758 1423 tntum
780 1356 1031 1422 arbitrarentur.“
1080 1361 1141 1422 Cic.
1162 1379 1219 1439 pro
1242 1363 1333 1421 domo
1356 1379 1379 1421 c.
1403 1364 1450 1420 te.

248 1488 331 1548 „qnae
354 1473 487 1532 maiores
509 1471 606 1531 nostri
629 1470 832 1548 religionibus
862 1475 927 1530 tuta
954 1470 1044 1530 nobis
1065 1472 1097 1530 et
1119 1473 1225 1529 sancta
1247 1485 1318 1528 esse
1340 1468 1451 1528 volue-

243 1581 315 1638 runt
335 1571 411 1638 etc.“
428 1577 544 1646 tPlure
566 1578 683 1637 addere
704 1594 764 1637 non
787 1594 864 1653 opus
886 1579 943 1637 est.

325 1702 350 1745 c.
373 1687 421 1744 tt.
449 1701 583 1761 acapnum
607 1689 692 1760 etque
713 1700 758 1759 cp.
786 1684 828 1744 ita
855 1683 963 1760 optimi
983 1683 1067 1758 libri;
1094 1688 1122 1742 et
1141 1701 1185 1758 op.
1215 1683 1327 1756 ceteri,
1358 1682 1451 1756 idque

161 1865 165 1876 δ
244 1792 274 1852 in
295 1791 470 1852 recentiore
493 1791 621 1866 quadam
644 1791 779 1850 editione
806 1807 985 1866 expressum
993 1809 1000 1864 ;
1033 1806 1156 1850 causam
1184 1788 1299 1849 frustra
1322 1805 1450 1864 quaeras.

244 1900 377 1959 variatio
394 1899 536 1958 delectat.
562 1898 656 1974 ilique
672 1897 805 1974 plerique
823 1895 895 1955 Bas.
910 1896 1008 1956 Paris.
1030 1897 1139 1957 aede.
1158 1898 1188 1957 in
1210 1897 1243 1956 P.
1259 1915 1276 1956 a
1296 1897 1399 1974 ulique
1419 1900 1452 1956 et

243 2006 330 2082 ispl.
353 2022 391 2064 ιιι.
410 2020 473 2064 sec.
494 2009 584 2062 vetus
606 2003 783 2078 corruptela
802 2019 873 2061 esse
888 2001 1022 2076 videtur,
1045 2001 1129 2078 quod
1147 2003 1228 2062 oculi
1252 2001 1452 2062 scribentium

243 2111 283 2172 ad
313 2127 447 2186 sequens
478 2109 660 2170 vocabulum
688 2110 918 2169 aberraverant.
954 2112 984 2167 in
1009 2113 1102 2184 spatio
1128 2125 1234 2168 omnes
1263 2106 1330 2168 l'ere
1361 2107 1450 2182 libri;

243 2217 495 2295 propositionem
522 2216 628 2276 delent
655 2215 792 2276 nonnulli
813 2217 1016 2293 interpretes,
1049 2216 1130 2290 quod
1158 2214 1352 2275 intervallum
1375 2215 1451 2274 sim-

243 2324 319 2402 plici
341 2325 479 2385 ablativo
509 2324 585 2384 satis
607 2323 805 2400 significetur,
833 2322 1029 2382 immemores
1055 2322 1102 2380 illi
1127 2325 1157 2380 tn
1181 2325 1275 2397 spatio
1300 2321 1451 2381 hocloco

243 2448 305 2491 non
326 2429 523 2490 intervallum
544 2429 726 2508 significare.
749 2430 806 2490 sed
827 2429 895 2489 lere
915 2431 997 2489 idem
1019 2447 1090 2490 esse
1108 2419 1190 2504 ‹fnod
1210 2433 1288 2488 erbo
1305 2429 1360 2488 cir.
1375 2428 1450 2488 Gaes.

243 2537 278 2598 B.
298 2536 332 2597 d.
354 2557 394 2598 vr.
417 2538 456 2595 36
479 2537 508 2595 in
534 2535 657 2594 milibus
678 2553 823 2613 passuum
843 2537 951 2596 tribus.
973 2537 1058 2596 etde
1081 2540 1220 2614 ternpore
1238 2535 1298 2596 Cic.
1320 2537 1393 2612 Top.
1413 2537 1451 2596 1⁰

245 2645 273 2704 si
293 2643 375 2704 tilius
396 2649 486 2704 natus
508 2645 593 2702 esset
612 2642 766 2702 indecem
785 2643 949 2704 mensibus.
964 2643 1012 2704 ott
1024 2649 1131 2718 prosto
1147 2645 1240 2720 facerit
1251 2642 1321 2702 Bas.
1338 2642 1406 2702 Par.
1424 2661 1449 2702 c.

243 2750 331 2812 Leid.
357 2753 428 2811 Tur.
452 2752 565 2829 fuerim
594 2749 678 2810 llius.
708 2750 788 2825 quod
811 2750 970 2810 commode
992 2751 1053 2810 dici
1079 2753 1209 2827 poterat.
1238 2753 1346 2810 contra
1372 2750 1450 2810 alius

245 2859 348 2920 editor
361 2859 462 2935 forent
480 2861 588 2916 contra
610 2855 740 2915 omnium
761 2856 910 2915 librorum
931 2857 1106 2916 testimonia
1123 2857 1261 2934 scripsit3
1284 2873 1351 2932 qnae
1370 2857 1451 2917 idem

244 2969 352 3026 contra
370 2967 463 3043 fuerit
483 2963 633 3040 disputat,
658 2967 748 3022 acuta
770 2963 826 3022 sed
848 2979 908 3022 non
930 2980 1018 3038 vera;
1050 2963 1079 3022 in
1105 2964 1199 3024 iussis
1228 2963 1307 3022 onim
1338 2965 1450 3041 saepius

244 3078 383 3151 tempore
411 3073 568 3150 praeterito
596 3075 721 3132 utuntur
742 3070 843 3131 Latini
862 3089 920 3149 pro
941 3071 1053 3132 laturo.
1091 3073 1130 3133 Ut
1149 3073 1244 3150 igitur
1266 3073 1378 3132 dicitur
1397 3073 1452 3132 loc

242 3180 352 3257 sermm
372 3180 445 3254 colo,
473 3180 528 3238 boc
546 3180 665 3255 secer-ir,
692 3179 734 3237 ita
756 3179 850 3238 otiam
870 3178 900 3237 lu.
921 3177 941 3236 l.
963 3176 1100 3238 Salustio
1128 3178 1268 3254 perlecto
1290 3179 1334 3238 uti
1354 3178 1451 3254 licuit,

244 3291 279 3346 ut
299 3285 417 3345 Metelli
440 3285 555 3344 iussum
580 3284 697 3343 maiore
722 3301 789 3344 cum
810 3283 841 3342 vi
868 3284 1101 3361 exprimeretur.
1135 3283 1192 3344 sed
1217 3301 1255 3343 no
1281 3302 1358 3361 opus
1380 3286 1451 3361 qui-

245 3394 315 3453 dem
336 3397 386 3453 est
405 3391 445 3451 ad
466 3390 546 3450 bano
566 3390 1044 3467 interpretationemconingere.
1077 3391 1113 3450 ld
1134 3391 1213 3450 enim
1229 3391 1374 3451 Metellus
1394 3392 1452 3450 inn-

244 3499 376 3578 peravit‚
405 3505 438 3560 ut
459 3517 564 3560 omnes
591 3499 636 3558 illi
658 3500 688 3558 in
711 3515 778 3559 eum
802 3499 902 3559 locum
918 3503 1110 3575 pervenerint,
1138 3505 1300 3574 antequam
1323 3500 1391 3576 ipsc
1414 3517 1451 3560 eo

245 3605 382 3667 accedat.
406 3607 453 3666 lta
465 3605 636 3682 perlectum
659 3605 816 3683 propriam
834 3622 919 3664 suam
940 3605 1000 3664 vim
1016 3608 1127 3666 tuetur.
1142 3605 1219 3683 quod
1229 3604 1359 3664 Numidia
1370 3623 1451 3682 proe-

244 3719 362 3788 ceperot
377 3712 447 3773 llas.
469 3714 537 3772 Tur.
559 3717 712 3789 praeterea
733 3710 840 3770 Nacar.
876 3709 1019 3771 Commel.
1039 3711 1160 3772 Fabric.
1181 3712 1308 3789 Tegern.
1330 3729 1369 3771 ex
1389 3713 1452 3772 Pa-

244 3820 352 3880 risinis
374 3819 469 3894 boa;
492 3819 586 3879 lectio
609 3817 798 3877 hauddubie
819 3817 1028 3878 memorabilis
1048 3821 1081 3877 ct
1102 3835 1140 3878 ex
1163 3821 1270 3878 vetere
1292 3818 1378 3878 sonte
1393 3835 1453 3896 pe-

245 3926 316 4000 tita;
338 3926 451 4001 quippe
467 3941 555 3999 quam
568 3923 674 4000 optimi
687 3923 761 3982 libri
774 3923 965 3999 confirmant3
986 3924 1043 3984 sed
1059 3923 1252 3984 recentiores
1264 3924 1452 4000 interpretes

244 4029 279 4088 id
299 4027 407 4089 Latino
428 4028 490 4088 dici
511 4045 605 4105 posse
626 4034 746 4106 negant.
779 4045 868 4088 nomo
889 4034 990 4089 autem
1020 4029 1114 4089 credo
1145 4029 1324 4104 offenderet,
1354 4030 1382 4089 si
1403 4032 1453 4088 in-

245 4137 394 4196 dicaverat
417 4136 470 4196 vel
491 4136 640 4195 indiceret
660 4137 806 4212 scriptum
834 4139 926 4196 esset.
955 4135 1011 4196 clr.
1032 4135 1117 4214 Virg.
1140 4136 1215 4195 Aen.
1240 4155 1292 4196 mr.
1313 4137 1381 4195 tbi.
1403 4139 1453 4196 irr-

245 4244 342 4304 dicere
362 4246 429 4319 iter3
458 4247 489 4306 et
507 4243 632 4304 Sueten.
659 4243 782 4303 Nerone
809 4261 833 4302 c.
859 4246 908 4303 27.
934 4244 1090 4304 indicebat
1110 4243 1313 4304 familiaribus
1341 4261 1454 4303 coeuas.

245 4351 275 4410 A
286 4369 345 4426 qua
354 4349 608 4427 quidemdicendi
619 4351 738 4410 ratione
743 4353 906 4426 precipere
914 4350 1006 4427 plane
1016 4349 1173 4410 diversum
1182 4367 1254 4410 csse
1263 4367 1350 4410 nemo
1363 4351 1453 4410 dixe-

245 4461 296 4520 rit.
307 4459 478 4537 praecipere
493 4461 572 4519 enim
588 4462 637 4520 est
648 4459 765 4534 aliquid
775 4460 927 4536 imperare
936 4461 1058 4519 adiecta
1068 4459 1273 4520 admonitione
1284 4461 1337 4519 vel
1351 4459 1454 4537 expli-

246 4568 382 4644 catioue5
407 4567 502 4644 igitur
526 4567 604 4645 quod
618 4572 802 4642 preceperat
820 4566 887 4626 lere
908 4567 988 4626 idem
1010 4570 1066 4642 est,
1090 4567 1187 4642 quod:
1215 4566 1298 4625 edire
1318 4583 1369 4625 eos
1389 4569 1454 4652 ioe-

245 4682 333 4736 eerot.
360 4675 416 4736 sed
437 4676 489 4736 vel
519 4677 583 4736 tum
604 4692 686 4752 prena
709 4675 821 4735 dictum
842 4675 953 4734 malim.
984 4675 1056 4735 inde
1083 4675 1160 4736 satis
1182 4678 1267 4734 recto
1289 4673 1454 4750 colligitur,
