3554 5600
1293 667 1354 736 l'll

145 868 241 938 omni
278 867 411 961 reliqna
445 868 512 938 vita
548 867 749 949 conferatur,
791 867 905 937 animo
938 865 1072 959 quidem
1106 888 1182 936 meo
1216 875 1359 959 superet,

146 1016 225 1062 cum
253 992 400 1062 universi
425 1013 482 1062 vos
513 990 722 1085 populusque
747 994 916 1062 Romanus
942 992 1098 1083 frequens
1123 990 1265 1061 adventu
1285 1012 1361 1060 meo

145 1118 336 1209 gratulatus
362 1127 421 1186 est.
460 1115 556 1186 Tanti
582 1138 636 1184 me
662 1117 828 1208 lngacem,
855 1115 1098 1185 mercenarium
1123 1127 1299 1208 patronum
1325 1112 1360 1183 hi

146 1241 408 1312 estimaverunt.
450 1263 496 1310 ιν.
533 1243 650 1331 Neque
677 1240 812 1311 hercule
842 1238 965 1309 mirum
993 1249 1052 1320 cst,
1081 1238 1110 1307 si
1139 1260 1203 1329 ego
1228 1259 1360 1330 semper

147 1365 251 1434 iustas
277 1365 431 1436 omnium
462 1364 624 1434 amicitias
650 1362 846 1434 existimavi.
889 1364 960 1434 Non
995 1363 1085 1432 enim
1115 1363 1173 1432 nni
1206 1362 1360 1455 privatim

146 1492 327 1563 ancillatus
353 1513 426 1562 snm
453 1513 561 1584 neque
591 1514 645 1561 me
678 1491 814 1561 addixi:
851 1490 908 1562 sed
939 1501 1100 1584 quantum
1135 1489 1276 1582 quisque
1309 1486 1359 1557 rei

146 1617 296 1708 pnlslicae
329 1614 468 1696 studuit,
507 1623 634 1686 tantum
667 1615 752 1686 mihi
782 1615 845 1687 luit
869 1625 925 1686 aut
948 1615 1077 1686 amicus
1102 1625 1158 1684 aut
1191 1611 1357 1682 inimicus.

145 1743 221 1831 Ego
247 1740 337 1811 nihil
361 1741 436 1833 plus
460 1740 552 1811 volui
578 1740 688 1811 valere
721 1763 823 1832 quam
856 1763 995 1834 pacem:
1034 1739 1130 1809 multi
1155 1738 1358 1831 privatorum

146 1863 309 1934 audacias
334 1864 552 1934 nutriverunt.
590 1865 665 1954 Ego
690 1863 776 1934 nibil
800 1863 896 1934 timui
922 1863 987 1932 nisi
1012 1863 1118 1955 leges:
1146 1861 1239 1932 multi
1266 1883 1358 1931 arma

147 2009 207 2057 sua
242 1987 357 2058 timeri
386 1989 572 2059 voluerunt.
623 1989 697 2079 Ego
723 2010 907 2079 numquam
932 1986 1021 2057 volui
1053 1986 1236 2081 quidquam
1262 2008 1358 2079 posse

147 2114 210 2182 nisi
236 2137 301 2207 pro
327 2113 440 2184 vohis:
467 2112 562 2183 multi
588 2136 631 2182 ex
656 2113 760 2194 vobis,
785 2112 934 2205 potentia
959 2112 1045 2193 freti,
1071 2111 1106 2180 in
1131 2133 1188 2180 vos
1213 2109 1282 2180 suis
1306 2110 1359 2180 vi-

147 2238 241 2308 ribus
269 2238 365 2308 abusi
390 2247 475 2308 sunt.
524 2239 639 2330 ltaque
665 2260 732 2307 non
761 2247 809 2307 cst
840 2237 975 2319 mirum,
1009 2236 1038 2306 si
1064 2235 1187 2306 nullius
1213 2233 1358 2304 amicitia

146 2385 226 2432 usus
253 2385 341 2444 snm,
378 2361 436 2454 qui
466 2384 532 2430 non
558 2371 718 2453 perpetuo
743 2361 960 2454 reipublicae
986 2360 1112 2430 amicus
1139 2358 1213 2440 luit:
1248 2380 1357 2450 neque

148 2508 202 2554 me
227 2485 378 2579 paenitet,
415 2485 443 2554 si
468 2496 525 2555 aut
549 2483 672 2576 petenti
698 2484 832 2554 Vatinio
860 2505 918 2553 reo
944 2483 1165 2576 patrocinium
1190 2481 1357 2575 pollicitus

147 2631 233 2690 snrn,
271 2618 330 2680 aut
358 2609 461 2679 Sextii
494 2607 706 2679 insolentiam
736 2609 896 2701 repressi,
935 2619 991 2678 aut
1020 2607 1132 2678 Bibuli
1162 2606 1357 2699 patientiam

147 2733 295 2826 culpavi,
327 2743 385 2803 ant
408 2731 581 2803 virtutihus
607 2731 855 2812 cesaristam:
894 2731 946 2800 hee
972 2731 1063 2800 enim
1088 2730 1202 2802 laudes
1228 2730 1358 2822 egregii

148 2857 229 2928 civis
257 2866 292 2927 ct
316 2856 424 2927 unica
449 2867 537 2927 sunt.
572 2855 656 2940 Quas
678 2855 706 2924 si
730 2864 767 2924 tn
792 2853 875 2925 mihi
900 2866 936 2925 nt
960 2855 1040 2924 vitia
1065 2854 1194 2938 obiicis,
1221 2855 1358 2924 temeri-

147 2994 195 3053 tas
220 2995 281 3053 tua
306 2980 580 3074 reprehendetur,
606 3003 673 3049 non
699 3001 775 3049 mea
798 2979 878 3049 vitia
901 2979 1134 3072 culpabuntur.
1178 2979 1278 3048 Plura
1303 2977 1357 3046 di-

148 3131 272 3189 cerem,
307 3107 336 3175 si
366 3105 453 3200 apud
483 3105 566 3175 alios
599 3103 683 3174 mihi
709 3112 794 3173 esset
818 3103 1006 3185 dicendum,
1040 3105 1153 3172 Patres
1179 3101 1357 3195 conscripti

148 3255 214 3302 non
246 3231 338 3325 apud
371 3253 445 3311 vos,
485 3252 568 3322 quos
603 3250 666 3321 ego
698 3227 799 3298 habui
834 3228 984 3298 omnium
1010 3227 1178 3297 actionum
1205 3249 1356 3299 mearum

147 3359 343 3428 monitores.
386 3357 451 3427 Sed
483 3357 539 3426 ubi
570 3378 683 3426 rerum
717 3353 903 3424 testimonia
930 3354 1060 3435 adsunt,
1094 3353 1175 3446 quid
1200 3376 1282 3445 opus
1308 3363 1357 3422 est

147 3482 280 3553 verbis?
321 3504 353 3551 r.
379 3481 488 3562 Nunc,
515 3479 557 3550 ad
582 3491 613 3549 te
639 3489 675 3550 ut
697 3489 856 3560 revertar,
883 3478 1015 3560 Salusti,
1042 3487 1236 3570 patremque
1262 3487 1356 3547 tuum

146 3618 364 3699 preteream:
404 3604 462 3699 qui
497 3604 524 3672 si
558 3626 742 3696 numquam
776 3603 810 3672 in
844 3603 910 3672 vita
944 3624 1004 3672 sua
1038 3601 1204 3694 peccavit,
1243 3611 1355 3671 umen

147 3732 310 3802 maiorem
338 3728 494 3799 iniuriam
520 3728 569 3797 rei
595 3728 738 3821 publicae
765 3727 874 3797 lacere
900 3749 966 3796 non
992 3727 1108 3819 potuit,
1139 3748 1240 3817 quam
1266 3725 1355 3818 qnod

147 3865 181 3924 te
206 3857 309 3926 talem
335 3853 442 3924 lilium
459 3853 587 3945 genuit.
626 3854 743 3945 Neque
769 3862 803 3922 tu
829 3853 857 3920 si
883 3851 1010 3945 quain
1036 3850 1178 3943 pueritia
1200 3849 1354 3942 peccasti,

147 4003 308 4073 exequar,
342 4002 385 4050 ne
406 3988 578 4072 parentem
604 3988 696 4048 tuum
722 3977 838 4047 videar
864 3997 1033 4056 accusare,
1066 3975 1125 4068 qui
1148 3997 1188 4044 eo
1205 3983 1354 4068 tempore

148 4125 311 4174 summam
346 4103 394 4174 tui
430 4113 623 4196 potestatem
663 4101 799 4180 habuit:
837 4099 894 4171 sed
928 4101 1062 4195 qualem
1096 4098 1356 4169 adolescentiam¹

148 4229 268 4318 egeris.
314 4229 387 4298 Hac
413 4227 500 4298 enim
528 4226 763 4306 demonstrata,
798 4224 895 4295 facile
922 4224 1137 4316 intelligetur,
1167 4244 1269 4314 quam
1293 4243 1355 4314 pe-

147 4354 264 4422 tnlanti
289 4352 434 4446 pueritia
460 4363 527 4422 tam
553 4351 739 4444 impudicus
770 4359 803 4418 et
830 4371 955 4442 procax
988 4347 1183 4418 adoleveris.
1236 4347 1354 4414 Postea

148 4500 249 4570 mam
275 4476 447 4546 immensa
473 4475 562 4567 gulae
588 4473 841 4567 impudicissimi
867 4472 1016 4566 corporis
1035 4479 1179 4566 quastus
1200 4467 1354 4538 sufficere

148 4624 215 4671 non
232 4601 349 4695 potnit,
375 4611 410 4670 et
434 4610 512 4670 setas
538 4611 593 4670 tua
619 4598 686 4669 iam
712 4597 754 4668 ad
780 4620 820 4669 ea
841 4598 1007 4691 patienda,
1034 4618 1109 4690 qnae
1130 4594 1226 4666 alteri
1243 4594 1353 4663 lacere

149 4727 360 4806 collibuisset,
397 4724 603 4795 exoleverat:
642 4721 875 4815 cupiditatibus
905 4721 1042 4792 infinitis
1078 4718 1279 4800 efferebaris,
1315 4727 1352 4788 ut
