3526 5604
1229 636 1295 704 271

104 847 181 928 lore,
212 846 239 914 si
265 843 378 936 copias
411 862 486 911 suas
512 863 588 910 cum
615 839 677 910 ad·
726 837 790 906 lroc
807 836 909 906 habet
931 834 1029 905 fides:
1058 837 1208 907 Aeneam
1226 856 1302 903 eum

104 960 679 1057 veuisconiunxisset)cumquacog-
728 973 821 1054 patre
859 960 900 1030 ad
934 962 1065 1030 ltaliam
1103 958 1242 1028 venisse
1273 967 1305 1026 et

108 1095 242 1162 novisset
265 1093 416 1163 Aeneam
447 1100 480 1158 et
507 1087 679 1160 Anchisen
729 1098 862 1180 propter
892 1087 1021 1154 invasos
1056 1105 1154 1174 agros
1191 1095 1304 1152 contra

110 1217 191 1284 bello
232 1214 342 1307 patrio
379 1206 531 1305 [patriai]
569 1211 680 1302 pulsos
729 1210 885 1282 Latinum
894 1211 1112 1300 Turnumque
1127 1229 1306 1299 pugnasse,

111 1362 179 1407 cum
204 1337 388 1408 simulacris
405 1336 543 1405 deornm
563 1355 682 1402 erran·
731 1336 764 1404 in
792 1357 858 1426 quo
880 1333 1008 1424 proelio
1036 1333 1134 1424 periit
1158 1332 1305 1401 Latinus.

113 1461 272 1530 tessedem
290 1482 471 1554 quaerere:
500 1457 682 1528 amicitiam
732 1460 860 1529 Servius
877 1459 921 1527 od
943 1459 1019 1526 Aeo.
1043 1456 1076 1537 1,
1099 1453 1183 1526 271.
1226 1455 1308 1526 Cato

114 1585 237 1655 loedere
259 1583 382 1653 'inisse
422 1582 499 1652 dato
538 1581 682 1651 invicem
732 1581 822 1663 dicit,
834 1581 1216 1660 iuxtaLaurolavinium,
1231 1601 1308 1649 cum

115 1707 328 1789 imeiurando,
348 1720 684 1802 utcommunesquo-⁸
733 1709 868 1776 Aeneae
889 1705 969 1775 socii
993 1705 1134 1797 praedas
1158 1713 1308 1794 agerent,

118 1855 175 1922 que
199 1832 306 1901 hostes
328 1830 494 1900 amicosne
512 1830 682 1899 haherent.
735 1830 899 1922 proelium
919 1829 1143 1908 commissum,
1184 1829 1218 1897 in
1243 1849 1310 1918 quo

119 1957 221 2047 ltaque
233 1967 386 2048 coeptum
405 1953 590 2022 aTroianis
609 1976 685 2022 mu·
734 1953 873 2024 Latinus
894 1954 1021 2023 occisus
1034 1963 1092 2033 est,
1111 1954 1243 2021 Turnus
1256 1951 1312 2021 fu-

120 2079 177 2148 niri
204 2079 323 2160 locum,
359 2099 460 2170 quem
486 2078 617 2144 Aeneas
643 2098 687 2144 ex
736 2079 794 2170 git.
813 2076 1227 2156 Serviusoddcn.l,620.
1250 2077 1312 2146 Se-

121 2201 241 2271 nominc
284 2201 397 2272 uxoris
433 2222 532 2282 suae,
575 2199 687 2271 Latini
738 2202 870 2294 quenda
884 2211 933 2270 est
949 2201 1057 2294 potius
1078 2201 1177 2284 Livii,
1199 2201 1315 2271 Sisen-
1416 2179 1418 2188 ¹

122 2327 201 2416 regis
236 2325 341 2408 filiae,
381 2347 468 2416 quae
507 2323 575 2393 iam
610 2337 687 2393 ante
737 2349 800 2396 nae
822 2337 855 2394 et
881 2323 1014 2394 Catonis
1041 2325 1218 2394 auctoritas
1242 2379 1248 2393 .
1273 2377 1312 2392 ..

124 2449 303 2541 desponsata
352 2451 465 2518 Turno
515 2447 689 2519 Herdonio
738 2451 820 2520 Cato
842 2449 931 2518 enim
959 2449 993 2517 in
1017 2449 1213 2539 Originibus
1235 2449 1317 2519 dicit

126 2573 230 2652 luerat,
263 2572 441 2644 Lavinium
471 2571 690 2662 cognomina-
737 2557 898 2642 Troianos
933 2596 953 2642 a
986 2573 1104 2641 Latino
1150 2573 1316 2664 accepisse

126 2695 175 2764 rit
218 2699 260 2768 At
290 2719 370 2766 vero
398 2697 552 2767 Amatam
578 2695 688 2766 Latini
739 2719 868 2786 agrum,
884 2697 941 2788 qui
958 2696 1317 2766 estinterLaurentum

127 2821 364 2909 regisunorem,
384 2819 687 2911 cumindignofer-
739 2831 771 2889 et
799 2831 906 2889 castra
928 2820 1081 2889 Troiana.
1126 2821 1189 2889 llic
1216 2820 1317 2888 ctiam

129 2957 172 3012 ret
184 2946 366 3024 Lauiniam,
385 2945 558 3036 repudiato
574 2947 600 3013 T
603 2966 688 3013 urno
737 2945 873 3013 modum
912 2945 986 3036 agri
1016 2955 1255 3014 commemorat
1286 2951 1320 3011 et

130 3068 312 3138 consobrino
329 3089 401 3148 suo,
424 3067 567 3136 Troiano
585 3066 688 3135 adra-
744 3069 824 3138 dicit
840 3091 916 3137 eum
926 3068 1080 3138 habuisse
1096 3068 1213 3160 iugera
1221 3067 1319 3137 DCC.

131 3213 185 3260 nae
216 3193 421 3270 collocatam,
464 3193 614 3261 Turnum
652 3191 692 3260 ad
744 3189 1320 3272 ServiusodAen.1l,316.Aeneas,

132 3314 446 3396 armaconcitavisse‚
462 3337 605 3406 eumque
617 3338 695 3383 mox
745 3327 781 3385 ut
792 3316 875 3385 Cato
885 3315 975 3394 dicit,
1001 3315 1153 3386 simulac
1171 3317 1262 3388 venit
1277 3316 1320 3386 ad

134 3450 232 3507 coacto
257 3440 454 3509 Rutulorum
480 3437 629 3507 exercitu
646 3450 697 3506 te·
746 3439 889 3519 ltaliam,
910 3439 1081 3510 Lauiniam
1095 3440 1221 3532 accepit
1235 3463 1323 3512 uxo-

134 3562 262 3632 tcndisse
292 3563 326 3632 in
353 3555 480 3651 agrum
494 3564 696 3632 Laurentem
747 3587 829 3664 repr,
856 3574 989 3655 propter
1004 3563 1092 3654 quod
1107 3563 1238 3634 Turnus
1256 3565 1325 3634 ira-

134 3697 164 3754 et
181 3687 331 3758 adsersus
358 3709 435 3756 eum
459 3685 614 3756 Latinum
636 3707 697 3778 pa·
748 3699 798 3756 tus
826 3697 893 3756 tam
921 3687 955 3754 in
980 3688 1135 3757 Latinum
1164 3710 1265 3779 quam
1290 3689 1324 3756 in

135 3809 204 3878 riter
236 3834 309 3880 cum
335 3814 452 3882 Aenea
487 3832 697 3903 progressum
749 3809 1002 3880 Aeneambella
1028 3811 1181 3903 suscepit,
1215 3814 1326 3884 alle-

138 3931 209 4002 inter
225 3929 422 4026 proelianlcs
436 3937 697 4004 circumventum
748 3935 857 4003 zentio
882 3935 1066 4025 impetratis
1096 3935 1230 4005 auxiliis
1258 3984 1324 4002 ...

137 4057 346 4152 occisumque.
382 4062 531 4129 Aurelios
550 4059 699 4128 Victorde
750 4057 815 4127 Sed
833 4056 941 4150 primo
956 4057 1045 4127 bello
1063 4056 1161 4149 periit
1176 4058 1326 4126 Latinus.

139 4181 427 4272 ciperem&
518 4185 573 4253 to.
588 4182 700 4251 Primo
750 4182 877 4250 Servios
906 4183 950 4249 od
974 4182 1051 4250 Aen.
1075 4179 1109 4262 6,
1137 4179 1220 4252 760.

140 4309 251 4395 proelio
267 4308 484 4401 interemptus
505 4307 642 4377 Latinus
656 4317 704 4374 est

140 4429 168 4496 in
200 4455 271 4502 arce
307 4427 419 4522 [odel]
457 4433 533 4502 inde
568 4431 625 4502 ubi
659 4431 790 4499 Turnus
816 4433 966 4500 Aeneam
1000 4430 1080 4500 vidit
1112 4430 1328 4521 superiorem,

140 4554 280 4626 llezentii
306 4525 497 4648 imploravit
521 4555 696 4626 auxilium.
724 4555 875 4625 Secundo
901 4555 1029 4647 proelio
1048 4557 1178 4624 Turnus
1204 4553 1331 4622 occisus

142 4691 184 4746 cst
212 4691 242 4748 et
269 4681 375 4752 nihilo
398 4680 507 4750 minus
543 4683 672 4750 Aeneas
715 4689 829 4772 postca
867 4702 935 4748 non
973 4680 1167 4772 comparuit.
1222 4677 1332 4746 Tertio
