3576 5602
463 608 535 678 iis

462 807 544 867 iuter
572 805 698 866 vocales
727 805 886 866 intrudere
920 804 1002 882 apud
1027 809 1152 864 veteres
1180 803 1239 864 init
1264 801 1460 864 usitatissimi
1483 800 1573 862 moris
1597 799 1643 860 cir.

461 915 624 990 6666666666,
639 910 773 984 comneni,
786 910 926 986 66666666,
941 909 1104 984 explanant,
1119 909 1297 970 otimnieir.
1309 907 1391 968 liest
1406 925 1429 967 s.
1438 925 1466 966 v.
1475 923 1534 984 666.
1546 926 1574 985 p.
1588 911 1645 967 166.

462 1020 528 1080 Oli.
549 1021 582 1082 et
595 1018 707 1079 Strnve
728 1017 768 1078 de
789 1016 822 1076 L.
843 1017 929 1078 Decl.
951 1022 984 1078 et
998 1016 1084 1093 Couj.
1102 1036 1132 1096 p.
1154 1019 1224 1078 2⁰6.
1245 1024 1275 1076 66
1293 1023 1324 1077 ui
1344 1021 1395 1077 est
1416 1032 1531 1092 quoque
1545 1017 1574 1074 in
1588 1015 1645 1073 l’ur.

461 1127 546 1190 Laid.
567 1145 594 1189 e.
615 1129 645 1188 k.
659 1129 718 1189 666
731 1127 888 1188 Victorius
902 1133 988 1205 66666
1001 1126 1112 1202 666666;
1135 1126 1228 1187 multo
1245 1126 1370 1204 plurimi
1384 1131 1484 1185 autem
1496 1123 1566 1182 libri
1579 1139 1646 1181 con·
1758 1147 1759 1162 1

460 1235 647 1296 iunctionem
668 1231 819 1306 omittunt,
841 1231 933 1307 idque
953 1235 1048 1292 recte.
1084 1232 1216 1292 Primum
1238 1231 1318 1291 enim
1338 1230 1490 1307 asyndeta
1507 1228 1583 1306 apud
1596 1226 1646 1286 Sa·

460 1341 587 1402 lustium
615 1338 866 1414 frequentissima
892 1342 970 1413 sunt,
1000 1342 1063 1400 tum
1090 1339 1189 1398 verba
1214 1345 1245 1399 ui
1260 1337 1340 1414 pont
1363 1367 1404 1385 -·
1426 1339 1505 1416 secto
1522 1340 1559 1396 rit
1581 1335 1647 1394 nihil

461 1448 535 1508 novi
563 1445 680 1507 addunt
705 1443 762 1504 666
788 1444 866 1503 nihil
892 1443 978 1504 61666
1004 1460 1094 1520 quam
1126 1445 1262 1521 priorem
1290 1445 1472 1504 sententiam
1498 1441 1646 1520 explicant.
1759 1469 1760 1484 1

543 1570 568 1613 c.
589 1553 618 1612 6.
641 1551 806 1610 6666666666
826 1549 989 1610 initioBas.
1007 1570 1027 1612 ι.
1049 1550 1112 1611 Sed
1127 1568 1220 1628 supra
1232 1551 1344 1611 lineam
1358 1551 1493 1626 6666666,
1509 1548 1585 1625 quod
1597 1564 1646 1606 ve-

460 1677 526 1722 rum
540 1663 597 1720 666.
619 1658 749 1718 latitare
770 1657 850 1717 enim
863 1675 889 1718 c.
902 1674 1013 1732 accus,
1042 1658 1125 1733 quod
1139 1659 1290 1735 poeticum
1306 1665 1362 1734 est,
1383 1663 1527 1736 argentea
1543 1656 1646 1714 66666

460 1769 553 1826 aetate
572 1784 593 1827 a
612 1765 816 1842 scriptoribus
832 1765 915 1842 iungi
930 1769 1061 1843 emptum
1081 1769 1139 1826 est.
1155 1767 1256 1828 simile
1270 1767 1368 1828 Taciti
1382 1766 1532 1827 annalium
1543 1765 1647 1824 initium
1760 1753 1761 1798 l

460 1878 516 1935 ι.1.
527 1873 703 1950 6666666666
712 1871 783 1932 Β66.
796 1876 822 1930 1.
834 1873 891 1932 666
900 1871 998 1931 Greci
1013 1871 1191 1949 scriptores,
1205 1872 1373 1952 Dionysius
1382 1871 1646 1933 llaliramassensis

460 1997 480 2040 6
500 1982 547 2040 to.
569 1979 681 2041 Strabo
697 1998 727 2039 v.
743 1981 770 2038 3.
783 1963 977 2060 Ἀβοριγῖνες
991 1979 1162 2054 eodemque
1176 1980 1266 2039 modo
1281 1978 1387 2056 Steplr.
1403 1979 1478 2056 Byr.
1492 1979 1545 2038 666
1555 1965 1646 2056 Ἀβω-

461 2088 585 2170 6666666,
606 2075 815 2166 Ἀβωριγῖνοι
836 2101 902 2160 quae
918 2083 1089 2160 laudantur,
1116 2084 1197 2163 apud
1219 2085 1333 2146 nullum
1354 2088 1532 2160 scriptorem
1552 2083 1647 2158 666666,

462 2198 495 2254 66
517 2193 686 2270 6666666666
706 2191 775 2252 Tac.
796 2192 907 2252 Annal.
928 2211 969 2252 xi.
993 2194 1039 2253 lt.
1060 2190 1128 2252 Liv.
1150 2198 1176 2252 1.
1198 2196 1224 2252 2.
1245 2193 1323 2254 Ptin.
1345 2193 1380 2252 N.
1401 2193 1437 2252 ll.
1458 2213 1498 2253 rv.
1520 2196 1565 2253 31.

543 2316 569 2359 c.
591 2301 619 2360 8.
641 2300 718 2357 sicui
743 2296 928 2373 epoBas.1.
951 2314 1010 2358 666
1031 2301 1123 2358 nouo.
1145 2299 1304 2359 confirmat
1324 2297 1460 2358 6666666
1488 2303 1518 2358 66
1544 2297 1647 2358 Parisi-

461 2421 526 2480 nus,
552 2403 644 2478 idque
671 2403 739 2462 6666
763 2403 977 2479 6666666666.
1018 2402 1095 2464 Ν66
1122 2405 1153 2465 66
1179 2404 1250 2464 Bas.
1276 2423 1296 2464 1.
1324 2409 1504 2464 constanter
1531 2404 1593 2464 iere
1613 2403 1649 2462 ita
1762 2424 1763 2430 ¹

462 2514 609 2590 scriptum
629 2512 732 2584 video,
753 2511 805 2570 ubi
826 2511 946 2604 vocalis
969 2513 1116 2587 sequitur,
1137 2513 1177 2572 66
1198 2513 1354 2573 vitandum
1375 2512 1500 2572 hiatum.

544 2619 794 2678 c.1ti.nctiooes
817 2619 893 2694 serre
917 2624 946 2677 ct
963 2619 1064 2694 populi
1089 2622 1125 2678 ei.
1166 2619 1310 2680 omissum
1338 2623 1469 2696 66666666
1493 2619 1524 2678 66
1551 2617 1648 2676 Base

462 2728 495 2786 et
514 2724 545 2783 iu
566 2722 651 2782 Leid.
677 2721 710 2798 L,
738 2724 841 2799 credo,
868 2725 940 2799 quia
967 2725 1049 2785 oculi
1075 2725 1194 2786 librarii
1219 2726 1259 2786 ab
1288 2725 1375 2784 initio
1401 2725 1492 2802 primi
1517 2721 1647 2784 vocabuli

461 2832 501 2891 ad
523 2847 655 2904 sequens
677 2830 870 2904 aberrarunt,
891 2833 921 2890 in
943 2835 975 2891 et
994 2835 1026 2892 oi
1045 2832 1077 2891 in
1091 2832 1179 2894 codd.
1210 2833 1260 2892 ubi
1281 2833 1363 2892 nulla
1383 2837 1498 2909 puncta
1517 2835 1589 2906 6666,
1608 2829 1649 2888 ia-

462 2935 522 2997 cile
550 2934 784 2998 confunduntur.
816 2938 1013 2998 Adiectivum
1035 2940 1115 2999 enim
1136 2940 1235 2999 omitti
1255 2957 1315 3000 non
1336 2957 1430 3016 posse
1444 2957 1502 3016 per
1518 2955 1553 2998 66
1570 2937 1649 3014 patet

461 3047 577 3106 misceri
597 3061 654 3121 per
674 3060 812 3104 rasuram
836 3045 866 3104 in
886 3042 960 3104 Bas.
978 3064 998 3106 r.
1019 3063 1089 3105 nam
1109 3045 1251 3123 primitus
1275 3049 1397 3106 6666666
1423 3045 1568 3122 scriptum
1587 3042 1649 3101 erat

541 3152 674 3225 contupio
702 3150 758 3226 spl.
780 3167 829 3210 uin
849 3166 886 3209 m.
909 3167 970 3210 seo.
992 3150 1062 3212 Bas.
1084 3171 1103 3212 1.
1124 3153 1259 3229 priorem
1285 3152 1531 3213 terminationem
1553 3153 1582 3210 66
1598 3147 1650 3207 166-

462 3259 529 3318 6666
556 3255 667 3333 probat
698 3259 730 3315 et
750 3261 857 3316 nostro
884 3257 956 3317 loco
978 3256 1094 3318 Nonius
1124 3261 1226 3318 tuetur
1246 3275 1276 3334 p.
1299 3259 1366 3318 169.
1393 3259 1527 3318 Accedit
1553 3255 1650 3317 itarius

462 3363 639 3424 Victorinus
660 3382 689 3441 p.
704 3366 794 3440 eice,
821 3366 873 3440 qui
893 3369 1026 3442 coniopio
1048 3368 1130 3442 apud
1157 3383 1262 3427 omnes
1285 3365 1352 3426 iere
1374 3371 1499 3426 veteres
1521 3366 1650 3442 seriptum

462 3485 535 3528 esse
555 3467 678 3545 6666666,
699 3475 732 3528 66
752 3475 913 3546 poetarum
937 3471 1092 3532 licentiam
1120 3471 1219 3549 primo
1241 3472 1356 3532 iecisse
1383 3475 1528 3547 66666666,
1558 3473 1650 3549 postea

462 3574 555 3636 etiam
571 3553 733 3652 6666666666
748 3575 809 3636 (lici
824 3577 964 3653 coepisse.
986 3583 1093 3638 contra
1109 3577 1267 3639 Charisius
1288 3596 1319 3655 p.
1339 3581 1380 3638 56
1403 3579 1592 3656 „contagium
1603 3591 1651 3634 66·

462 3685 546 3743 66666
571 3681 668 3758 magis
693 3685 926 3759 usurpaverunt,
949 3683 1006 3742 666
1024 3683 1176 3744 Salustius
1198 3687 1396 3760 6666666666
1415 3673 1648 3744 661666666666ι

462 3805 522 3864 quo
546 3803 655 3847 errore
676 3789 790 3863 nescio,
813 3805 881 3848 nam
903 3789 981 3850 satis
1004 3788 1151 3866 frequens
1172 3789 1254 3868 apud
1274 3789 1452 3850 Ciceronem
1474 3795 1610 3869 66666666,
1627 3789 1653 3848 66

461 3898 544 3975 6666
565 3899 664 3976 66666
686 3896 831 3958 Catonem
855 3897 976 3972 legitur.

543 4023 568 4064 o.
589 4023 619 4063 6.
641 4021 723 4082 poem
744 4008 774 4062 io
795 4007 865 4064 Ario
885 4004 1054 4066 ductaverat
1067 4005 1138 4066 Bas.
1158 4026 1178 4065 1.
1201 4025 1239 4066 m.
1260 4023 1306 4084 pr.
1328 4006 1385 4066 666
1398 4023 1437 4065 6.
1452 4006 1585 4066 secunda
1597 4003 1651 4062 vir·

460 4110 562 4188 gulam
583 4111 722 4187 adpinxit
742 4090 820 4184 Ario,
841 4117 876 4170 ut
896 4128 953 4188 pro
975 4113 1151 4173 accusativo
1171 4114 1356 4190 haberetur3
1383 4113 1506 4173 scilicet
1530 4109 1653 4190 6666616-

461 4221 596 4282 brarium
618 4237 692 4280 vera
714 4219 857 4280 dictionis
879 4225 1039 4281 6666666666
1063 4221 1182 4282 wetere
1202 4221 1396 4299 significatio,
1425 4238 1516 4297 qnam
1538 4239 1557 4280 a
1577 4215 1652 4278 Salu-

461 4328 522 4388 stio
543 4332 718 4404 usurpatam
741 4329 773 4386 et
793 4331 899 4386 sancte
921 4332 953 4388 et
975 4327 1100 4403 antique
1124 4329 1237 4389 6666666
1258 4328 1365 4389 statuit
1384 4328 1588 4397 Quintilianus
1601 4339 1653 4382 666

463 4436 491 4494 3.
513 4436 561 4493 ti.
592 4435 630 4492 Ut
651 4433 745 4510 igitur
766 4433 932 4493 obscenum
953 4434 1039 4510 illud,
1061 4435 1090 4494 in
1113 4434 1198 4510 quod
1220 4433 1274 4493 illa
1296 4435 1420 4495 6666666
1440 4436 1524 4494 66666
1546 4433 1653 4494 detorta

462 4540 570 4616 iuerat,
592 4539 772 4616 molliretur,
794 4539 943 4600 librarius
964 4544 994 4600 in
1015 4542 1113 4602 Acium
1134 4541 1280 4616 correxit,
1308 4545 1415 4602 contra
1440 4557 1556 4602 morem
1578 4537 1653 4598 Selu-

462 4646 524 4721 stii,
546 4649 626 4724 6666
648 4665 738 4724 quem
759 4647 833 4708 6666.
855 4665 957 4709 caere
978 4666 1116 4726 praeesse
1143 4649 1305 4726 significat
1328 4646 1383 4710 cir.
1406 4665 1430 4708 o.
1456 4652 1501 4708 17.
1525 4649 1573 4708 19.
1603 4644 1653 4717 lug.
