3526 5604
1262 623 1335 694 353

117 823 149 892 ei
177 821 319 916 publice
344 821 381 892 lit
406 832 438 892 et
463 821 534 891 dies
552 845 571 890 c
592 821 728 891 nomine
755 821 825 890 eius
853 821 886 890 in
912 822 1012 892 fastos
1032 821 1172 895 additus.
1215 824 1337 895 Gellius

117 946 153 1027 6,
171 946 208 1027 7,
231 947 257 1018 5
278 970 344 1039 sqq.
387 947 437 1018 Fl.
466 947 575 1039 Caper
599 945 641 1016 da
668 946 844 1016 Latinitate
871 946 986 1028 Miror,
1013 947 1130 1040 inquit,
1157 947 1190 1018 id
1216 948 1337 1019 dixisse

117 1071 297 1152 Tironem,
325 1047 531 1159 [sua'aetate
556 1069 702 1161 coepisse
728 1069 792 1138 dici
820 1069 1014 1141 adverbium
1040 1072 1233 1160 novissime]
1260 1096 1336 1144 cum

116 1195 278 1267 Valerius
296 1194 410 1266 Antias
436 1193 522 1264 libro
543 1191 692 1264 secundo
709 1195 816 1264 Mater
837 1216 913 1265 cnm
931 1195 1109 1265 novissime
1124 1207 1335 1288 aegrotasset,

117 1322 244 1414 inquit,
267 1321 395 1392 vovisse
415 1322 530 1390 fertur.
566 1321 733 1390 Charisius
750 1319 785 1403 2,
806 1317 863 1402 14,
885 1317 966 1393 134.
993 1325 1052 1414 cfr.
1068 1323 1189 1392 Gellius
1204 1320 1262 1404 10,
1275 1321 1334 1394 21.

117 1444 152 1513 5.
179 1445 320 1517 Celeres
346 1444 426 1516 dicti
451 1455 538 1525 suut,
573 1453 609 1514 ut
633 1445 784 1539 plerique
810 1445 971 1528 scribunt,
998 1468 1018 1515 a
1041 1447 1211 1518 celeritate
1233 1447 1336 1518 mini·

117 1570 209 1639 sterii
240 1617 308 1639 ...
336 1578 372 1638 ut
396 1589 476 1637 vero
500 1568 654 1637 Valerius
680 1567 796 1639 Antias
822 1568 878 1649 ait,
916 1568 949 1639 id
976 1591 1097 1640 nomen
1124 1592 1143 1638 a
1169 1571 1335 1663 praelecto

117 1715 178 1764 sno
215 1693 353 1781 babent.
404 1694 583 1784 Dionysius
614 1693 720 1763 Natis.
749 1692 785 1776 2,
823 1690 879 1764 13.
985 1694 1021 1764 d.
1056 1695 1178 1787 Raptus
1202 1694 1336 1766 tradunt

117 1816 177 1886 alii
204 1841 274 1887 non
301 1816 375 1909 plus
401 1816 538 1908 triginta
564 1837 704 1885 numero
730 1815 772 1885 ab
796 1815 901 1908 iisque
919 1817 1028 1886 curias
1045 1817 1238 1910 appellatas,
1266 1818 1335 1888 Va·

117 1941 223 2011 lerius
251 1950 363 2011 antem
389 1940 505 2011 Antias
531 1939 729 2032 quingentas
755 1940 871 2032 viginti
898 1952 1036 2032 septem,
1063 1942 1145 2012 luba
1170 1953 1335 2012 sescentas

117 2067 291 2158 octoginta
310 2077 375 2135 tres
390 2065 537 2156 virgines
556 2066 656 2135 luisse
674 2067 831 2136 scribunt.
870 2067 1057 2137 Plutarchus
1068 2069 1204 2138 Romulo
1223 2066 1279 2151 13,
1297 2067 1332 2140 4.

118 2190 152 2257 7.
178 2190 288 2260 lulius
314 2189 481 2260 Modestus
507 2190 547 2259 de
574 2191 667 2259 seriis
787 2192 915 2270 Antias,
947 2193 1063 2284 inquit,
1090 2193 1332 2284 Agonaliorum

117 2326 326 2407 repertorem
349 2315 491 2384 Numam
516 2313 717 2406 Pompilium
741 2315 855 2383 relert.
893 2316 1074 2384 Macrobius
1096 2315 1226 2386 Sutura.
1248 2314 1279 2396 1,
1297 2313 1331 2386 4.

118 2437 151 2506 8.
177 2436 326 2522 Quando
353 2447 461 2507 autem
498 2437 605 2528 primo
637 2437 867 2508 intercalatum
898 2440 940 2509 sit
968 2440 1059 2509 varic
1091 2440 1244 2510 refertur.
1290 2443 1332 2511 Et

116 2561 231 2630 blacer
267 2559 403 2653 quidem
435 2559 584 2630 Licinius
615 2561 686 2630 eius
720 2561 768 2630 rei
801 2561 967 2653 originem
1003 2563 1145 2633 Romulo
1173 2564 1331 2654 assignat,

116 2684 236 2755 Antias
269 2684 356 2754 libro
387 2683 534 2753 secundo
570 2686 714 2755 Numam
746 2687 947 2779 Pompilium
978 2709 1149 2758 sacrorum
1175 2711 1274 2758 causa
1300 2688 1331 2758 id

118 2806 286 2878 iuvenisse
304 2806 482 2878 contendit.
514 2808 695 2876 Macrobius
712 2808 843 2878 Sutura.
861 2809 893 2889 1,
910 2807 967 2881 13.
1068 2810 1102 2880 9.
1129 2811 1167 2879 ln
1185 2810 1331 2881 secundo

116 2932 262 3003 Antiatis
293 2931 379 3001 libro
410 2983 477 3000 ...
503 2931 577 3000 talis
603 2932 784 3025 perscripta
816 2944 866 3002 cst
889 2933 1013 3003 sabula.
1064 2935 1207 3006 Numam
1235 2935 1330 3006 illum

117 3079 246 3149 regem,
274 3078 349 3127 cum
376 3057 576 3148 procurandi
602 3057 748 3127 fulminis
774 3059 944 3129 scientiam
970 3082 1035 3129 non
1064 3060 1202 3130 haberet
1226 3073 1330 3131 essct·

117 3203 181 3272 quc
213 3182 266 3252 illi
302 3181 425 3274 cupido
457 3180 632 3262 noscendi,
669 3182 815 3272 Egeriae
845 3184 974 3254 monitu
1014 3194 1119 3254 castos
1154 3184 1327 3256 duodecim

117 3303 255 3375 iuvenes
280 3306 369 3398 apud
396 3327 517 3399 aquam
545 3305 669 3375 celasse
695 3329 770 3376 cum
793 3306 945 3387 vinculis,
972 3318 1009 3376 ut
1033 3330 1109 3378 cum
1135 3309 1269 3380 Faunus
1296 3319 1329 3378 ct

116 3432 256 3502 Nartius
293 3432 391 3502 Picus
428 3431 469 3500 ad
500 3431 533 3501 id
566 3431 716 3501 locorum
749 3432 917 3501 venissent
949 3431 1102 3504 baustum
1140 3427 1230 3522 (num
1260 3433 1327 3503 illis

116 3555 264 3648 aquandi
298 3556 460 3625 sollemne
496 3554 559 3624 itcr
592 3553 658 3624 buc
693 3550 767 3643 tuit>
807 3554 1017 3635 invaderent,
1050 3556 1326 3647 constringerent,

115 3680 326 3772 colligarent.
366 3677 431 3747 Sed
446 3700 513 3771 quo
538 3699 591 3746 res
619 3677 692 3747 fieri
719 3677 903 3770 expeditius
925 3687 1046 3770 posset,
1071 3699 1188 3768 regern
1206 3678 1327 3771 pocula

116 3823 179 3874 nou
218 3823 318 3896 parva
351 3822 444 3870 mero
477 3799 554 3869 vino
580 3799 755 3893 mulsoque
780 3802 964 3893 complesse
993 3801 1148 3892 circaque
1174 3822 1325 3870 accessus

117 3925 214 3996 lautis
240 3923 434 3995 insidiosam
460 3922 606 3995 venturis
631 3924 822 4016 opposuisse
849 3925 1027 3994 fallaciam.
1070 3925 1149 3994 lllos
1170 3947 1265 3994 mure
1282 3925 1323 3996 de

115 4050 210 4120 solito
238 4049 373 4121 bibendi
400 4047 600 4142 appetitione
633 4058 801 4141 comcptos
835 4049 877 4118 ad
908 4048 1051 4142 hospitia
1079 4059 1158 4118 uota
1182 4048 1322 4118 venisse.

117 4173 178 4243 Sed
210 4198 288 4244 cum
324 4175 510 4268 liquoribus
549 4173 695 4244 odoratis
731 4173 947 4245 offendissent
979 4175 1160 4264 fragrantia
1192 4176 1322 4266 pocula,

117 4301 347 4372 vetustioribus
373 4299 600 4392 anteposuisse
624 4323 679 4369 res
704 4323 816 4382 novas,
846 4300 1004 4371 invasisse
1029 4299 1180 4380 aviditer,
1206 4300 1323 4370 dulce-

116 4423 192 4495 dine
217 4425 361 4518 potiouis
386 4437 497 4518 captos
525 4424 674 4494 hausisse
703 4425 778 4516 plus
809 4425 924 4506 nimio,
955 4422 1194 4493 obdormivisse
1220 4424 1322 4492 factos

117 4569 244 4638 graves.
289 4549 372 4618 Tum
400 4549 450 4618 bis
477 4570 574 4617 senos
601 4549 789 4618 incubuisse
816 4547 942 4640 sopitis,
968 4547 1121 4617 iniecisse
1146 4548 1321 4618 madidatis

115 4675 232 4756 vincla,
267 4677 523 4768 expergitosque
556 4675 631 4745 illos
661 4677 769 4744 statim
800 4675 1011 4768 perdocuisse
1037 4696 1164 4765 regem,
1200 4674 1320 4764 quibus

1132 4799 1171 4856 '23
