3610 5592
734 669 829 715 xxvtl

176 847 210 903 et
236 843 400 921 abruptum
425 844 574 903 sermonis
594 860 700 920 genus,
727 845 809 920 quod
838 845 968 906 otiosum
991 845 1127 906 fortasse
1148 847 1297 904 lectorem
1317 846 1377 904 mi-

174 967 233 1010 nus
255 949 344 1025 lallit,
375 949 547 1010 audientem
575 951 754 1027 transvolat,
776 968 833 1010 nec
854 951 924 1010 dum
944 955 1104 1029 repetatur
1125 953 1293 1028 exspectat.
1316 950 1379 1011 alio

175 1055 246 1116 loco
271 1075 302 1115 x.
336 1059 361 1114 1.
393 1059 461 1115 1⁰2.
487 1057 615 1116 eandem
649 1058 867 1132 „immortalem
889 1058 973 1116 illam
1010 1057 1140 1118 Salustii
1162 1051 1376 1117 velocitatem“

176 1159 264 1238 dixit,
291 1165 480 1237 eandemque
502 1164 541 1222 ob
563 1181 686 1224 causam
707 1163 872 1224 Salustium
891 1168 965 1240 post
984 1162 1104 1223 Livium
1123 1163 1285 1240 legendum
1307 1181 1379 1224 esse

175 1269 293 1328 iudicat
332 1268 405 1329 lust
438 1269 488 1328 0r.
518 1269 554 1328 ll.
584 1274 611 1330 5.
641 1273 688 1331 19.
736 1269 820 1347 „Ego
853 1271 985 1347 optimos
1011 1271 1133 1346 quidem
1159 1273 1191 1330 et
1217 1273 1319 1331 statim
1348 1276 1380 1332 ct

175 1391 307 1452 semper,
335 1373 393 1434 sed
421 1377 523 1436 manen
544 1393 649 1437 eorum
670 1377 918 1438 candidissimum
946 1394 1094 1453 quemque
1120 1381 1151 1438 et
1171 1379 1300 1438 maxime
1321 1397 1378 1438 ex-

175 1481 312 1558 positum
340 1481 443 1557 velim,
471 1487 504 1542 ut
524 1481 643 1543 Livium
670 1503 688 1543 a
715 1485 820 1573 pueris
841 1485 939 1562 magis
962 1501 1050 1559 quam
1072 1484 1244 1561 Salustium,
1278 1490 1308 1545 ct
1329 1485 1379 1545 bic

174 1588 316 1648 historiae
336 1589 436 1650 maior
456 1593 505 1649 est
525 1594 641 1667 auctor,
663 1591 708 1650 'ad
731 1608 820 1666 quem
841 1595 942 1651 tamen
964 1591 1193 1668 intelligendum
1216 1593 1274 1651 iam
1300 1609 1376 1668 pro-

176 1693 260 1754 iectu
282 1711 361 1771 opus
382 1694 454 1755 sit.“
477 1695 532 1756 cir.
552 1715 581 1754 x.
607 1700 632 1755 1.
655 1699 722 1758 101.
773 1699 833 1771 „At
860 1714 918 1757 uon
940 1698 1072 1757 historia
1093 1698 1239 1758 cesserim
1263 1695 1378 1757 Graecis

174 1817 230 1860 nec
245 1817 405 1878 opponere
418 1801 589 1879 Thucydidi
603 1801 768 1862 Salustium
783 1797 922 1862 verear.“
946 1804 1117 1879 iterumque
1132 1821 1198 1864 aum
1214 1821 1281 1864 cum
1295 1804 1377 1863 Thu-

174 1907 288 1984 cydide
307 1912 472 1985 comparat,
495 1909 545 1968 ubi
566 1926 681 1985 pravos
701 1911 881 1985 imitatores,
902 1911 1042 1988 praecisis
1057 1911 1302 1970 conclusionibus
1318 1910 1376 1968 ob-

173 2029 295 2088 scuros,
313 2013 477 2074 Salustium
492 2020 524 2075 et
537 2016 745 2093 Thucydidem
759 2035 907 2095 superare
926 2018 986 2076 sibi
1001 2017 1102 2076 videri
1116 2018 1224 2077 statuit
1238 2036 1266 2076 x.
1281 2019 1309 2075 2.
1328 2020 1375 2076 17.

172 2120 329 2196 quomodo
357 2124 449 2181 etiam
469 2122 608 2183 Velleius
629 2124 810 2184 Paterculus
831 2123 996 2184 Salustium
1022 2123 1210 2200 Thucydidis
1238 2123 1377 2184 aemulum

173 2226 253 2286 dixit
274 2247 306 2286 ιι.
330 2229 378 2288 36.
421 2227 482 2288 Sed
503 2230 532 2288 in
555 2247 613 2305 qua
635 2247 669 2289 re
690 2230 829 2289 historici
851 2231 948 2290 virtus
970 2246 1060 2305 quam
1078 2231 1207 2290 maxime
1222 2235 1373 2303 versatur,

175 2333 265 2392 fldem
287 2333 367 2408 dico,
391 2335 469 2395 banc
490 2352 611 2412 quoque
632 2337 753 2397 laudem
769 2336 905 2396 Salustio
921 2337 1064 2396 tribuunt.
1092 2336 1138 2396 lta
1159 2336 1239 2412 apud
1254 2335 1376 2396 Vibium

174 2438 377 2515 Sequestrem
396 2440 462 2501 Lib.
486 2443 524 2501 de
546 2443 725 2519 huminibus,
747 2443 827 2521 apud
848 2441 1064 2519 Hieronymum
1086 2442 1125 2501 de
1145 2441 1202 2502 loc.
1216 2441 1376 2502 Hebraicis

176 2545 250 2622 llpp.
273 2546 308 2606 T.
330 2565 373 2605 m.
395 2565 423 2625 p.
445 2549 511 2606 202.
535 2552 566 2606 et
583 2547 733 2609 lsidorum
746 2549 849 2626 origg.
870 2568 934 2608 xm.
950 2551 998 2608 21.
1014 2548 1167 2610 Salustius
1183 2555 1290 2610 auctor
1304 2568 1375 2610 cer-

175 2653 312 2712 tissimus
340 2653 454 2712 dicitur
482 2657 514 2714 et
533 2653 644 2716 Festus
666 2655 806 2715 Avienus
834 2656 865 2714 in
896 2673 949 2714 ora
971 2655 1121 2716 maritima
1147 2656 1213 2717 baec
1233 2657 1315 2717 canit
1336 2657 1375 2717 de

176 2757 328 2820 Salustio:
351 2777 397 2819 vs.
421 2761 459 2819 32
481 2777 546 2836 sqq.

422 2867 617 2943 loterrcyeatr',
638 2871 664 2926 at
684 2873 771 2942 tenea,
792 2869 914 2928 Meobci

419 2976 495 3034 Simo
516 2979 580 3052 quia
600 2980 677 3034 essct
695 2977 829 3052 equoris.
850 2976 1026 3035 Salustium·

425 3082 532 3142 Noram
552 3083 584 3141 id
602 3083 722 3158 dentiam
743 3083 819 3141 dicto
838 3088 866 3140 et
886 3085 949 3141 eiua
969 3083 1098 3143 omnibus

420 3187 616 3248 Prteiuds'eote
636 3193 815 3249 auctoritatis
835 3191 942 3262 ducier,

419 3295 482 3353 Noa
503 3296 659 3355 eteoclem
666 3316 673 3370 ;
695 3296 735 3354 cd
754 3300 816 3356 eiua
836 3300 925 3372 icitur
945 3296 1078 3372 inclytum

420 3401 645 3478 descriptionem
667 3404 741 3481 (quo
761 3404 891 3462 locormn
909 3403 1067 3480 formulam

421 3507 629 3586 lmcya'nernque
649 3526 809 3584 eapreaaor
829 3510 941 3586 efficere
961 3510 1020 3569 atili

420 3615 458 3674 Et
476 3619 605 3675 veritatis
621 3633 705 3691 pene
724 3619 755 3674 in
776 3617 888 3676 comme
908 3617 985 3676 dedit

420 3723 531 3797 Lepore
551 3723 671 3799 linque)
693 3723 780 3782 molto
800 3741 897 3784 renam
918 3727 1075 3783 iunximus.

175 3826 237 3887 Sed
266 3829 305 3886 ab
334 3828 505 3905 Augustino
528 3829 567 3888 de
591 3828 653 3888 [liv.
675 3829 734 3889 Dei
753 3847 772 3888 1.
794 3833 822 3890 5.
845 3831 1015 3890 nobilitatae
1040 3831 1182 3890 veritatis
1209 3829 1375 3890 historicus

176 3938 209 3992 et
226 3932 281 4011 Ep.
307 3953 337 3992 v.
359 3935 398 3993 ad
418 3935 634 4010 Marcellinum,
655 3936 865 3996 nobilissimos
880 3937 1047 3997 historicus
1067 3937 1248 4014 appellatur.
1282 3936 1375 3996 lmmo

175 4039 325 4100 llartialis
346 4059 414 4101 eum
435 4042 574 4102 omnibus
588 4041 734 4102 Romanis
756 4043 912 4103 historicis
933 4042 1156 4121 praeterendum
1179 4060 1250 4103 csse
1267 4043 1375 4104 statuit

176 4143 232 4204 clr.
253 4145 321 4205 Lib.
343 4164 404 4205 xrv.
424 4145 528 4226 Epigr.
551 4165 626 4208 cxcr.

338 4253 391 4312 llic
410 4257 472 4330 erit,
493 4261 525 4314 ut
540 4257 689 4330 perhibent
708 4255 855 4315 doctorum
876 4257 967 4315 cordo
986 4259 1124 4332 virorum,

416 4361 536 4436 Crispus
556 4362 685 4421 Romaene
701 4366 816 4436 primus
837 4365 868 4420 in
888 4363 1018 4422 historic.

177 4463 314 4540 lleuique
338 4472 372 4526 ut
398 4467 541 4528 Romanas
569 4469 719 4530 facundie
747 4469 1005 4529 obtrectatoribus
1034 4468 1208 4543 gravissimi
1238 4467 1376 4528 censoris

176 4588 328 4650 opponam
357 4575 511 4651 iudicium,
540 4575 662 4637 Tacitus
689 4577 756 4652 ipse
777 4575 942 4635 Salustium
970 4590 1072 4634 rerum
1094 4575 1293 4635 Romanarum
1317 4575 1375 4634 llo-

176 4679 383 4740 rentissimum
408 4685 563 4742 auctorem
588 4683 759 4760 appellavit
780 4683 857 4741 Ann.
880 4700 921 4740 nr.
943 4683 990 4756 30,
1019 4682 1105 4741 cuius
1135 4681 1255 4757 quidem
1284 4682 1375 4741 testi·
