3526 5604
1190 679 1195 686 ·
1279 656 1350 726 313

145 863 210 918 toro
228 847 264 932 2,
281 847 341 930 67,
359 849 443 922 270.
481 853 522 924 Ut
548 852 594 922 eit
619 853 653 922 in
678 851 815 924 historia
840 873 901 926 sua
926 854 964 924 C.
987 855 1146 926 Fannius.
1190 856 1297 927 Cicero
1314 857 1351 928 io

144 973 246 1042 Burro
269 970 330 1056 87,
356 971 442 1044 299.

625 1265 871 1276 -———.--

560 1503 647 1589 Xill
695 1503 935 1590 tutatum

219 1716 251 1784 t.
287 1716 373 1785 Nam
403 1725 477 1808 post
507 1717 644 1787 annales
677 1715 868 1809 pontificum
896 1715 1120 1788 maximorum
1239 1715 1268 1785 si
1293 1727 1351 1786 aut

143 1839 183 1909 ad
204 1837 344 1910 Fabium
372 1892 407 1909 ..
427 1893 435 1909 .
461 1850 520 1910 aut
540 1840 583 1911 ad
599 1841 787 1911 Venonium
808 1841 920 1910 venias
938 1851 1000 1910 ete.
1019 1863 1118 1934 supro
1130 1864 1165 1933 p.
1182 1839 1268 1922 251,
1290 1839 1348 1912 11.

142 1967 176 2034 2.
202 1963 325 2034 Fabius
350 1964 461 2034 Pictor
479 1963 538 2034 lib.
558 1965 572 2034 1
599 1977 632 2034 et
652 1963 846 2034 Vennonius
871 1964 968 2034 solito
996 1962 1208 2056 institutoque
1234 1984 1349 2055 egres·

142 2109 212 2156 sam
226 2084 350 2173 Uliam,
359 2081 540 2178 Vestalem]
554 2087 718 2180 virginem
732 2097 794 2156 ete.
811 2110 910 2180 supro
918 2111 953 2180 p.
964 2085 1050 2168 252,
1064 2084 1125 2157 25.
1225 2087 1259 2157 3.
1286 2087 1349 2158 Di·

143 2211 216 2281 risit
249 2204 396 2302 [Servius
412 2205 552 2302 Tullius]
585 2211 776 2280 universum
801 2231 921 2301 agrum
947 2211 981 2280 in
1008 2223 1129 2304 partes,
1164 2221 1199 2280 ut
1223 2210 1347 2282 Fabius

141 2347 259 2404 auctor
283 2346 332 2404 est
355 2336 463 2406 XXVI
491 2385 553 2404 ...
580 2330 694 2427 [moro
707 2357 743 2427 p.
766 2332 852 2416 253,
875 2331 939 2422 30]
966 2346 1001 2405 ut
1022 2335 1193 2405 Venonius
1215 2334 1350 2406 tradidit

142 2459 172 2528 in
198 2459 308 2530 XXXI
332 2457 447 2540 tribus,
479 2457 527 2530 ita
551 2467 587 2528 ut
620 2480 695 2528 oum
724 2458 860 2528 urbanis
892 2459 1043 2530 tribubus
1069 2461 1220 2552 expletus
1247 2461 1348 2532 inerit

141 2583 209 2652 iam
234 2593 305 2654 tum
330 2583 452 2653 XXXV
480 2582 626 2654 tribuum
651 2604 826 2665 numerus,
867 2583 924 2676 qni
960 2584 1138 2654 etiamnum
1171 2608 1276 2678 nsque
1305 2585 1348 2655 ad

140 2705 224 2778 baec
247 2717 359 2779 nostra
384 2719 533 2802 tempora
557 2720 741 2802 permanet.
790 2709 871 2780 Cato
897 2734 976 2781 vero
1002 2713 1092 2782 testis
1126 2724 1269 2804 unoque
1295 2711 1349 2782 lo-

140 2834 304 2926 cupietior
314 2833 458 2927 partium
475 2855 652 2904 numerum
668 2855 737 2904 non
756 2832 883 2904 debuit.
921 2836 1100 2928 Dionysius
1111 2837 1219 2907 Helie.
1236 2833 1272 2918 4,
1290 2833 1347 2908 15.

140 2962 198 3051 cfr.
216 2959 358 3030 Niebuhr
386 2958 404 3031 1
428 2983 464 3053 p.
483 2957 569 3031 435.
669 2960 704 3030 b.
731 2962 780 3032 Ao
804 2961 944 3030 moleste
971 2962 1041 3032 fero
1062 2961 1217 3033 Vennoni
1243 2960 1348 3032 histo-

139 3081 223 3152 riam
249 3105 303 3152 me
329 3105 397 3154 non
423 3082 558 3154 habere.
607 3083 712 3154 urceo
740 3086 785 3155 od
809 3086 946 3155 Atticum
966 3084 1023 3168 12,
1051 3083 1085 3157 3.

603 3409 847 3418 *—

438 3643 523 3730 ΧΠ.
571 3643 792 3731 tttmttts
815 3644 1051 3730 biii'ss’b'l'bli.

214 3860 246 3927 t.
273 3859 442 3929 vetustior
467 3859 609 3928 Sisenna
626 3859 689 3930 tuit
711 3859 855 3930 Caelius.
909 3861 1041 3929 Velleius
1059 3857 1094 3941 2,
1112 3857 1148 3942 9,
1165 3856 1199 3928 6.
1224 3858 1346 3928 Fannii

138 3995 249 4054 autem
275 3995 382 4054 aetate
407 3983 601 4053 coniunctus
626 3982 800 4076 Antipater
824 3983 924 4076 paulo
950 3983 1078 4054 inflavit
1103 3981 1345 4064 vehementius,

138 4105 319 4201 habuitque
344 4108 431 4178 vires
464 4115 609 4199 agrestes
641 4106 699 4176 iile
727 4107 863 4200 quidem
894 4119 993 4200 atque
1019 4104 1169 4176 horridas
1195 4105 1266 4175 sine
1292 4104 1346 4174 ni-

138 4243 208 4302 tore
234 4255 274 4302 ao
298 4235 474 4327 palaestra.
500 4234 558 4305 sed
584 4244 694 4304 tamen
722 4233 902 4304 admonere
927 4233 1075 4327 reliquos
1095 4231 1202 4325 potuit
1226 4241 1263 4300 ut
1288 4252 1346 4300 ac-

137 4357 283 4427 curatius
312 4356 505 4427 seriberent.
548 4357 654 4446 Cicero
683 4359 866 4449 dolonibus
894 4354 988 4438 1,2,
1015 4354 1051 4426 6.
1100 4355 1277 4426 Paululum
1310 4377 1345 4424 se

137 4481 244 4551 erexit
267 4491 301 4551 et
324 4481 451 4552 addidit
475 4483 632 4554 historiae
656 4485 819 4554 maiorem
853 4507 971 4553 sonum
1006 4483 1096 4553 voeis
1126 4483 1176 4552 vir
1200 4481 1345 4574 optimus

138 4605 247 4677 Crassi
263 4607 436 4679 familiaris
453 4609 638 4700 Antipater.
682 4609 791 4680 Ceteri
812 4631 879 4678 non
901 4617 1115 4700 exornatores
1135 4629 1259 4688 rerum,
1286 4606 1344 4676 sed

138 4733 364 4804 tantummodo
389 4745 573 4804 narratores
596 4735 739 4805 fuerunt.
782 4735 850 4816 Est,
879 4735 985 4826 inquit
1010 4735 1158 4816 Catulus,
1185 4745 1221 4803 ut
1246 4732 1342 4810 dicis:
