3526 5604
446 671 516 739 310

445 883 495 941 cet
520 871 744 965 appellatione
770 873 840 950 ᾰπό
860 885 922 950 τοῦ
940 881 1052 963 καίειν,
1080 871 1170 964 quod
1196 882 1244 941 est
1269 871 1462 944 incendere.
1508 875 1640 945 Indead

445 1018 518 1065 eam
544 997 657 1065 ltaliae
684 1017 790 1076 oram,
817 1017 905 1086 quae
930 993 972 1064 ab
998 993 1134 1063 arbusto
1164 995 1313 1065 eiusdem
1340 998 1474 1087 generis
1500 1001 1640 1068 Laurens

445 1121 610 1212 appellata
636 1130 696 1200 est,
728 1118 847 1188 Latino
872 1129 1033 1208 regnante
1058 1129 1250 1210 pervectum
1280 1142 1355 1190 cnm
1383 1132 1477 1213 patre
1502 1121 1640 1192 Anchise

446 1243 582 1336 filioque
609 1254 670 1312 etc.
698 1243 847 1312 Aurelius
871 1243 972 1311 Victor
992 1244 1031 1311 de
1052 1246 1135 1333 erip.
1161 1268 1193 1334 p.
1211 1245 1251 1312 R.
1273 1243 1329 1326 10,
1356 1243 1392 1316 4.
1494 1247 1527 1315 l.
1551 1247 1641 1316 Nun·

446 1368 600 1437 dinatum
624 1369 790 1460 originem
815 1367 950 1460 quidam
968 1367 1111 1436 Romulo
1136 1369 1314 1460 assignant,
1341 1393 1443 1463 quem
1464 1371 1641 1439 communi-

446 1614 611 1684 uuudiuas
637 1635 769 1706 quoque
796 1613 955 1682 adiecisse
981 1627 1254 1698 commemorant,
1288 1617 1373 1686 sicut
1390 1617 1571 1688 Tuditanus
1594 1619 1640 1688 ai-

447 1739 566 1808 hrmat.
604 1739 786 1808 Macrobius
802 1733 984 1816 Saturni
1015 1736 1072 1808 16.
1172 1739 1206 1808 5.
1235 1739 1379 1822 Quidam
1404 1763 1473 1811 non
1499 1741 1559 1812 duo
1584 1743 1641 1811 tri-

446 1865 551 1935 hunos
577 1865 693 1958 plebis,
720 1876 755 1934 ut
773 1863 890 1934 Cicero
917 1864 1005 1943 dicit,
1031 1863 1090 1934 sed
1115 1866 1264 1958 quinque
1292 1867 1563 1937 traduntcreatos
1576 1879 1640 1936 tum

447 2013 529 2071 esse,
556 1991 702 2081 singulos
729 2013 771 2057 ex
796 1988 937 2080 singulis
964 1989 1133 2060 classibus.
1177 1993 1260 2060 Sunt
1276 2001 1398 2072 tamen,
1426 1991 1484 2084 qui
1508 1993 1639 2062 eundem

447 2114 541 2184 illum
568 2115 709 2184 duorum
735 2135 911 2184 numerum
938 2135 1038 2205 quem
1055 2113 1172 2184 Cicero
1197 2126 1330 2206 ponant,
1357 2116 1446 2187 inter
1471 2141 1549 2210 quos
1575 2119 1640 2188 Tu-
1740 2095 1741 2100 ¹

446 2235 577 2306 ditonus
603 2249 634 2306 et
660 2238 859 2330 Pomponius
886 2237 1012 2307 Atticus
1038 2237 1218 2329 Livinsque
1249 2250 1371 2309 noster.
1417 2240 1508 2310 Idem
1538 2242 1639 2312 hicet
1740 2241 1741 2310 l

445 2361 628 2431 Tuditanus
665 2360 827 2439 adiciunt,
863 2371 928 2429 tres
962 2371 1133 2451 praeterea
1167 2361 1210 2431 ah
1245 2361 1311 2430 illis
1345 2362 1474 2432 duohus
1507 2365 1639 2454 collegas
1740 2401 1741 2438 t

447 2497 573 2555 creatos
600 2508 682 2554 esse.
734 2487 875 2555 Nomina
900 2484 1062 2566 duorum,
1102 2486 1160 2578 qui
1185 2485 1285 2577 primi
1310 2487 1413 2555 creati
1438 2500 1529 2569 sunt,
1565 2488 1640 2558 haec

447 2611 638 2680 traduntur:
666 2613 705 2680 L.
733 2609 876 2678 Sicinius
903 2610 941 2677 L.
968 2609 991 2676 f.
1018 2609 1167 2690 Velutus,
1195 2611 1233 2679 L.
1260 2609 1416 2680 Albinius
1441 2611 1479 2682 C.
1498 2613 1520 2680 1.
1537 2614 1640 2682 Pater-

446 2735 552 2804 cuius.
587 2737 741 2804 Asconius
762 2735 805 2803 ud
823 2735 885 2804 Cic.
900 2755 963 2826 pro
980 2733 1167 2824 Corneliop.
1187 2728 1235 2802 76
1249 2733 1345 2802 Orell.
1448 2737 1483 2804 6.
1510 2737 1639 2820 Quando

447 2872 558 2929 autem
596 2861 702 2954 primo
737 2860 967 2929 intercalatum
1001 2859 1042 2927 sit
1073 2859 1164 2928 varie
1198 2860 1435 2929 refertur...
1468 2860 1639 2931 Tuditanus

447 2985 547 3052 refert
571 2984 657 3053 libro
682 2985 777 3052 tertio
804 2983 1056 3074 magistratuum
1082 2982 1298 3066 decemviros,
1329 2983 1388 3074 qui
1414 2984 1530 3053 decem
1554 2985 1640 3054 tahn·

447 3107 488 3178 lis
514 3109 595 3177 duas
622 3108 831 3188 addiderunt,
867 3107 908 3176 de
934 3106 1162 3176 intercalando
1188 3108 1347 3200 populum
1379 3130 1526 3198 rogasse.
1575 3109 1640 3177 bio-

448 3233 571 3300 crobius
597 3232 726 3300 Satura.
757 3232 788 3310 1,
819 3227 874 3301 13.
977 3233 1011 3299 7.
1039 3229 1137 3312 Quod
1171 3229 1250 3299 satis
1276 3229 1410 3300 celebre
1437 3241 1487 3300 est
1512 3233 1552 3301 de
1577 3231 1640 3302 Ati·

449 3355 493 3424 lio
520 3357 659 3447 Regulo,
687 3359 719 3427 id
747 3357 936 3450 nuperrime
963 3357 1104 3448 tegimus
1124 3356 1284 3448 seriptum
1309 3357 1344 3425 in
1364 3357 1519 3428 Tuditani
1542 3359 1638 3428 libris:

449 3479 614 3567 Regulum
641 3493 773 3572 captum
799 3480 841 3549 ad
867 3501 917 3559 ea,
944 3502 1031 3571 qnae
1057 3479 1092 3547 in
1117 3493 1234 3549 senatu
1255 3481 1380 3549 Romae
1406 3481 1489 3551 dixit
1513 3482 1639 3552 suadens

448 3624 490 3670 ne
516 3603 635 3693 captivi
668 3625 746 3671 eum
772 3601 1100 3692 Carthaginiensibus
1134 3613 1419 3695 permutarentur,
1456 3604 1490 3673 id
1519 3625 1639 3698 quoqne
1740 3597 1741 3652 l

448 3725 624 3807 addidisse,
652 3749 814 3797 venenum
837 3727 900 3796 sibi
919 3727 1210 3818 Carthaginienses
1235 3728 1377 3810 dedisse,
1403 3752 1471 3799 non
1496 3749 1641 3822 praesen-
1740 3775 1741 3824 3

448 3851 568 3920 tarium
594 3851 651 3920 sed
677 3851 840 3921 eiusmodi
864 3853 953 3945 quod
979 3863 1120 3921 mortem
1147 3854 1182 3922 in
1208 3852 1296 3923 diem
1313 3855 1488 3946 proferret,
1514 3877 1553 3923 eo
1569 3875 1639 3923 eou-
1740 3831 1741 3902 Ῐ

448 3975 522 4044 silio
549 3986 583 4044 ut
609 3975 731 4044 viveret
755 3976 891 4068 quidem
913 3977 1083 4067 tantisper,
1109 3977 1220 4069 quoad
1238 3976 1331 4047 fieret
1347 3980 1555 4070 permutatio,
1578 3987 1639 4070 post

448 4113 559 4170 autem
592 4113 763 4192 grassante
797 4103 920 4171 sensim
952 4124 1080 4171 veneno
1106 4105 1353 4173 contabesceret
1473 4103 1639 4173 Tuditanus
1740 4109 1741 4120 ¹

448 4237 557 4296 autem
590 4249 706 4297 somno
737 4227 795 4297 diu
827 4227 1031 4320 prohibitum
1057 4239 1156 4322 atque
1186 4229 1230 4298 ita
1255 4231 1322 4299 vita
1346 4229 1510 4322 privatum
1535 4229 1638 4304 reiecti

448 4352 547 4444 idque
572 4351 630 4422 ubi
657 4354 781 4422 Romae
808 4353 975 4443 cognitum
1003 4365 1062 4434 est,
1089 4353 1309 4434 nobilissimos
1337 4356 1521 4426 Poenorum
1545 4351 1639 4444 capti·
1740 4435 1741 4452 ,

448 4499 504 4546 vos
530 4477 645 4548 liberis
662 4477 784 4568 Reguli
809 4499 830 4547 a
855 4489 971 4546 senatu
998 4478 1125 4546 deditos
1152 4489 1184 4547 et
1209 4477 1251 4547 ah
1278 4477 1329 4547 his
1354 4479 1388 4547 in
1411 4479 1554 4549 armario
1573 4497 1639 4545 mn·

447 4601 570 4672 ricihus
588 4601 736 4695 praefixo
751 4603 920 4673 destitutos
934 4578 1118 4696 eademque
1139 4605 1303 4673 insomnia
1316 4607 1480 4675 cruciatos
1494 4605 1637 4674 interisse.
1740 4587 1741 4652 ἐ

449 4727 568 4795 Gellius
589 4727 622 4804 6,
646 4723 679 4794 4.
783 4726 816 4796 8.
844 4727 1010 4796 Grandem
1025 4751 1158 4820 quoque
1172 4728 1334 4820 pecuniae
1351 4729 1420 4797 vim
1435 4729 1469 4797 in
1489 4723 1638 4817 triumpho
