3702 5600
438 622 514 690 tot

435 835 533 879 rerum
553 819 605 880 bic
625 820 789 880 verborum
810 818 887 880 ordo
908 819 1016 897 optimi
1034 821 1182 893 cuimque
1201 817 1274 878 libri
1294 817 1479 877 auctoritate
1494 815 1642 876 detendi-

435 929 492 986 tur.
520 927 702 986 motabantur
721 926 768 986 sic
792 927 899 1003 optimi
919 927 1001 1002 libri,
1028 929 1060 986 et
1085 925 1224 1003 quamvis
1250 924 1352 984 multae
1380 924 1552 984 varietates
1575 925 1644 982 lec·

436 1033 549 1094 tionum
565 1033 595 1091 io
611 1031 818 1093 deterioribus
830 1033 918 1092 libris
934 1033 1037 1109 insint,
1053 1039 1154 1092 nmen
1167 1032 1250 1091 bene
1266 1047 1301 1091 se
1311 1029 1399 1090 locus
1410 1030 1515 1092 babet.
1538 1033 1644 1088 malm

434 1139 629 1216 aequaturi,
655 1155 756 1215 usquo
783 1143 874 1215 Μοίρι·
899 1139 1060 1218 significat,
1089 1139 1146 1199 sed
1170 1139 1300 1216 proprio
1323 1155 1414 1197 sensu
1432 1135 1645 1214 accipiendum

434 1249 491 1307 est
513 1247 622 1307 eodem
635 1262 728 1306 seusu
743 1245 824 1306 intra
839 1245 861 1306 l.
876 1247 923 1306 83.
939 1253 1033 1306 mnan
1046 1263 1105 1306 non
1118 1246 1222 1305 debere
1235 1249 1346 1304 borota
1356 1262 1413 1320 pro
1428 1247 1516 1304 certis
1530 1251 1645 1302 malon

435 1354 467 1413 et
487 1353 597 1414 iterum
618 1354 638 1413 l.
653 1355 673 1414 l.
694 1371 733 1413 on
754 1353 908 1414 mobilitate
927 1357 1035 1430 inponit
1050 1369 1153 1428 pacem
1174 1359 1259 1430 omne
1279 1351 1381 1410 bellom
1402 1357 1515 1410 metm
1528 1350 1641 1408 selibra

435 1459 562 1520 Romani
582 1460 677 1534 igitur
696 1459 796 1520 tradas
817 1459 888 1518 illas
909 1460 995 1537 pacis
1017 1459 1214 1520 condiciones
1244 1461 1437 1535 acceperuut,
1468 1459 1539 1532 quia
1568 1475 1645 1535 gra-

433 1565 505 1626 vior
525 1565 617 1625 etiam
638 1568 736 1625 metus
757 1566 866 1626 mortis
889 1566 1060 1642 videbatur,
1095 1580 1155 1641 quo
1179 1563 1302 1640 quidem
1323 1563 1387 1623 illis
1408 1564 1644 1624 condicionibus

433 1673 571 1750 acceptis
592 1671 810 1732 liberabantur.

515 1795 540 1838 c.
562 1781 610 1839 39.
647 1783 820 1856 pocrtoerot
848 1776 918 1838 Bas.
950 1777 1019 1838 Par.
1052 1781 1217 1856 posuerat
1246 1777 1313 1838 liin.
1346 1779 1414 1838 Tur.
1441 1777 1527 1838 Laid.
1556 1779 1644 1855 prius

433 1885 567 1944 orationi
594 1883 773 1945 Salustiunae
806 1885 904 1962 magis
933 1885 1084 1960 convenit,
1122 1883 1253 1944 ultorum
1280 1883 1447 1944 Ciceronis.
1480 1889 1644 1959 utrumque

432 1991 526 2068 igitur
546 1989 656 2050 Latius
678 1992 740 2051 dici
759 1995 890 2069 poterat,
913 1992 969 2051 sed
992 1992 1067 2052 illud
1088 1993 1121 2051 et
1141 1993 1326 2051 auctoritate
1349 1993 1489 2052 codicum
1511 1997 1545 2051 ot
1565 2009 1643 2052 cou-

433 2097 527 2158 stauti
557 2096 684 2157 Salustii
710 2116 765 2157 usu
789 2098 1007 2158 confirmatum.
1051 2097 1117 2157 Nou
1147 2099 1226 2157 enim
1254 2098 1346 2175 plane
1371 2099 1480 2158 eadem
1509 2099 1572 2158 loci
1594 2103 1645 2158 est

432 2203 522 2277 ratio,
545 2220 633 2279 quern
655 2220 747 2282 supra
768 2206 975 2279 tractavimus,
1005 2204 1093 2264 Catil.
1121 2206 1167 2264 le.
1186 2205 1348 2279 probtbtbrs
1376 2211 1442 2264 erut
1460 2205 1643 2264 conwtuun

428 2315 536 2385 petere,
565 2310 642 2387 quod
668 2314 744 2369 intro
775 2311 913 2388 teptttnror
940 2311 1002 2370 dtas
1022 2310 1157 2388 profiteri
1179 2315 1340 2389 nepubertt
1353 2341 1391 2349 -
1407 2311 1438 2371 ln
1462 2311 1548 2372 Laid.
1570 2313 1645 2388 post

432 2416 599 2476 constabat
618 2416 686 2476 baec
706 2415 823 2476 addita:
849 2422 944 2476 onom
960 2418 1055 2494 sodor
1075 2417 1153 2495 qood
1171 2423 1319 2494 peptperot
1341 2437 1404 2478 orm
1425 2420 1566 2495 loporltto
1583 2418 1642 2491 fir-

432 2539 508 2582 mum
528 2525 627 2600 sicque
654 2524 765 2599 fuctum
788 2523 955 2598 perdurare
976 2524 1120 2584 tetartaeo
1138 2541 1192 2584 nec
1212 2543 1267 2600 no,·
1298 2543 1365 2601 quea
1387 2527 1510 2601 quidem
1534 2525 1642 2602 glossa

431 2627 585 2704 praeterea
607 2631 709 2688 exstat
735 2629 766 2687 in
789 2627 858 2687 Seu.
879 2629 984 2689 Viuar.
1011 2629 1111 2691 tiocli.
1133 2636 1161 2692 3.
1194 2633 1302 2693 lleuss.
1324 2632 1414 2692 Bam.
1441 2635 1468 2691 3.
1498 2631 1583 2691 Gorl.
1610 2633 1640 2690 in

431 2735 569 2812 margine
591 2739 661 2794 suut
682 2736 797 2812 scripta
818 2735 849 2794 in
871 2733 982 2796 Fabric
1002 2754 1021 2794 n
1044 2737 1186 2797 Acadern
1209 2738 1311 2799 Struv.
1334 2737 1434 2798 Guell.
1457 2741 1486 2798 2.
1509 2729 1642 2799 streete

431 2857 488 2918 pro
510 2841 619 2918 glossa
640 2840 801 2902 habentur.
827 2843 958 2902 camdus
978 2843 1078 2902 modtr.
1104 2845 1156 2904 bio
1176 2847 1340 2905 vorborum
1364 2845 1441 2906 ordo
1464 2849 1523 2920 est,
1551 2864 1641 2922 quern

431 2946 505 3006 libri
526 2948 689 3024 exbibent3
722 2948 814 3008 modia
841 2949 971 3010 omnibus
995 2951 1167 3028 typothetae
1194 2969 1302 3012 onore
1323 2953 1354 3011 in
1375 2953 1479 3028 aliqua
1503 2952 1641 3012 editione

431 3070 619 3131 expressum.
640 3057 736 3114 anbno
757 3055 878 3115 ardebat
898 3072 1003 3116 omnes
1024 3059 1094 3118 boni
1109 3059 1188 3117 libri.
1203 3061 1316 3118 unimus
1331 3059 1515 3134 deteriores,
1537 3057 1640 3117 Struv.

430 3160 487 3219 ino.
509 3157 614 3220 Frauc.
638 3160 739 3220 Guell.
760 3163 787 3220 t.
812 3163 857 3220 lo.
885 3160 971 3222 Laid.
996 3163 1024 3222 b.
1048 3163 1075 3223 d.
1099 3180 1126 3223 e.
1151 3163 1219 3223 tl.
1244 3181 1280 3222 ro.
1301 3163 1398 3223 Paris.
1420 3164 1449 3222 b.
1471 3181 1495 3223 c.
1517 3162 1590 3223 Bas.
1611 3167 1639 3222 t.

431 3283 498 3326 cunr
518 3270 677 3343 auumque
699 3273 784 3328 recte
814 3269 876 3329 dici
900 3271 1007 3346 possit,
1038 3270 1207 3330 auotoritas
1237 3270 1325 3330 codd.
1348 3269 1441 3329 valet
1484 3269 1547 3330 Sed
1569 3277 1641 3330 suut

431 3373 545 3449 utique,
576 3375 626 3450 qui
653 3391 692 3434 ne
719 3375 849 3435 aliorum
875 3375 1018 3435 iudicium
1043 3377 1142 3436 secuti
1168 3394 1239 3437 osse
1264 3378 1433 3452 videantur,
1460 3377 1544 3452 quod
1563 3377 1638 3436 mibi

431 3479 553 3555 quidem
580 3498 641 3542 uon
668 3482 766 3542 minue
792 3483 894 3558 magni
923 3483 1035 3558 ingenii
1062 3499 1134 3542 esse
1160 3485 1284 3543 videtur
1311 3501 1399 3558 quarn
1421 3483 1449 3543 si
1471 3485 1542 3559 quis
1570 3487 1638 3561 ipse

430 3602 511 3645 nova
543 3587 681 3663 quaedam
703 3589 873 3666 excogitet,
902 3590 941 3649 ad
967 3589 1158 3648 alienissima
1184 3589 1375 3649 delabantur.
1407 3587 1464 3647 uod
1487 3589 1547 3650 hoc
1567 3589 1638 3650 looo

430 3697 544 3754 αιιιιιιιιι
578 3696 676 3756 miuus
707 3697 798 3757 etiarn
834 3697 961 3775 probari
991 3699 1106 3774 potest,
1145 3699 1226 3774 quod
1257 3699 1288 3758 et
1313 3699 1343 3757 iu
1372 3699 1421 3772 iis,
1450 3714 1518 3772 quae
1547 3702 1637 3756 ante-

430 3801 550 3877 cedunt,
572 3805 657 3863 notio
680 3802 811 3863 subiecti
833 3805 922 3880 inest,
948 3807 980 3862 ct
1001 3821 1068 3879 quae
1088 3811 1266 3881 sequuntur,
1286 3821 1346 3864 nou
1368 3805 1407 3864 ad
1429 3805 1560 3864 animum
1581 3803 1638 3863 sed

430 3904 590 3983 adipsum
611 3909 768 3968 consulem
789 3913 861 3968 sunt
880 3909 1053 3970 referenda.

510 4029 535 4072 c.
557 4015 604 4074 bb.
630 4015 745 4074 laterior
765 4013 835 4074 Bas.
861 4015 929 4076 Par.
952 4015 1017 4076 Ein.
1042 4019 1110 4078 lor.
1130 4016 1216 4077 Laid.
1238 4019 1270 4078 et
1291 4017 1444 4092 meliores,
1467 4017 1560 4093 idque
1582 4018 1633 4076 al·-

429 4118 490 4178 teri
504 4119 630 4180 lectioni
643 4124 754 4181 intereo
768 4121 1002 4200 praeterendum.
1037 4123 1153 4192 Quodsi
1168 4126 1246 4184 enim
1266 4141 1342 4184 vera
1356 4130 1435 4200 sunt,
1458 4142 1525 4199 quae
1541 4141 1637 4202 nuper

430 4225 469 4284 de
490 4226 667 4287 discrimine
688 4228 798 4288 harum
819 4231 1038 4306 particularum
1060 4232 1221 4309 proposita
1243 4235 1321 4304 sunt„
1355 4231 1402 4306 „in
1430 4235 1545 4290 ὺιιειὲιιι
1567 4231 1636 4289 uui-

429 4332 523 4390 tatem
538 4333 686 4408 temporis
708 4334 820 4408 inesse,
843 4351 903 4411 qua
924 4337 991 4395 duae
1013 4354 1064 4397 ros
1088 4337 1304 4397 contineantur
1323 4336 1352 4395 b.
1375 4353 1401 4394 o.
1427 4335 1558 4395 alteram
1572 4352 1636 4394 reor

428 4433 458 4494 in
480 4435 561 4494 idem
582 4441 701 4514 ternpus
721 4439 868 4516 incidere,
899 4442 1011 4517 inquo
1039 4443 1137 4502 altera
1159 4445 1276 4521 agatur,
1301 4446 1413 4501 interm
1435 4446 1537 4502 autem
1559 4442 1635 4502 duas

428 4558 480 4600 res
502 4558 686 4621 componere
715 4563 774 4606 uno
797 4546 827 4606 iu
849 4550 988 4624 tempore
1010 4542 1212 4626 apparentes“
1240 4547 1295 4607 cfr.
1317 4547 1413 4622 lland,
1446 4549 1633 4609 Tursollinus

429 4645 497 4705 sive
519 4647 558 4707 dc
578 4650 739 4726 particulis
760 4650 879 4712 Latinis
895 4651 1111 4714 Commentarii
1125 4654 1194 4714 Vol.
1213 4673 1255 4715 ιιι.
1287 4653 1400 4732 Lipsiae
1416 4657 1502 4716 1836.
1524 4674 1553 4734 p.
1567 4659 1632 4715 tel.
