3582 5594
1317 641 1363 710 63

154 829 240 898 mari
258 851 363 923 prope
380 829 505 900 Cirtam
518 832 676 925 oppidum
695 833 866 925 utriusque
883 833 1047 906 exercitus
1065 835 1212 905 consedit
1237 849 1270 907 et
1286 839 1365 931 quia

152 951 221 1020 dici
248 963 437 1024 extremum
453 965 534 1037 erat,
560 957 712 1048 prelium
736 979 804 1026 non
822 957 1000 1049 inceptum.
1040 957 1104 1029 Sed
1130 960 1188 1031 ubi
1215 961 1364 1054 plerum-

152 1100 220 1170 qne
245 1079 352 1148 noctis
368 1080 539 1171 processit,
566 1081 708 1152 obscuro
724 1081 824 1151 etiam
850 1092 920 1151 tum
937 1083 1079 1166 lumine,
1106 1085 1226 1156 milites
1243 1088 1364 1178 lugur-

152 1198 238 1269 tlrini
265 1201 363 1292 signo
388 1202 464 1273 dato
489 1213 595 1272 castra
620 1203 763 1274 hostium
789 1204 966 1286 invadunt;
992 1207 1206 1278 semisomnos
1231 1211 1362 1303 partim,

152 1326 237 1395 alios
263 1349 358 1396 mma
383 1337 547 1398 sumentes
561 1329 676 1421 fugant
693 1329 912 1422 funduntque.
953 1331 1123 1403 Adherbal
1149 1357 1224 1404 cum
1249 1335 1363 1426 paucis

152 1450 322 1541 equitibus
347 1450 470 1521 Cirtam
495 1452 658 1545 profugit,
693 1462 726 1522 et
748 1454 785 1522 ni
809 1455 986 1526 multitudo
1023 1465 1210 1546 togatorum
1235 1459 1361 1540 luisset,

151 1599 227 1668 qum
254 1578 415 1648 Numidas
448 1579 658 1673 insequentes
682 1580 849 1652 moenibus
878 1580 1060 1674 prohibuit,
1094 1606 1163 1654 uno
1196 1583 1250 1653 dic
1276 1584 1361 1654 iuter

151 1699 235 1769 duos
262 1723 359 1791 reges
385 1712 528 1794 creptum
545 1715 644 1795 atque
662 1712 825 1795 patratum
843 1703 968 1775 bellum
995 1707 1088 1777 foret.
1123 1707 1228 1798 Igitur
1240 1709 1362 1800 lugur-

152 1825 206 1895 tha
233 1826 394 1919 oppidum
421 1827 651 1910 circumsedit,
678 1827 783 1898 vineis
808 1829 1018 1924 turribusque
1043 1842 1076 1901 et
1100 1831 1263 1902 machinis
1288 1856 1361 1903 om-

150 1950 245 2020 nium
263 1973 424 2042 generum
443 1973 635 2044 expugnare
652 1950 863 2043 adgreditur,
886 1975 1043 2023 maxume
1060 1955 1219 2024 festinans
1232 1966 1360 2049 tempus

151 2075 339 2164 legatorum
366 2083 580 2166 antecapere,
614 2096 696 2166 quos
731 2085 805 2144 ante
832 2075 985 2167 prelium
1011 2077 1132 2147 lactum
1159 2079 1201 2148 ab
1227 2079 1360 2150 Adher-

150 2199 225 2270 bale
240 2201 383 2268 Romam
409 2200 525 2270 missos
549 2200 730 2270 audiverat.
774 2200 838 2270 Sed
852 2212 1025 2294 postquam
1044 2217 1177 2274 senatus
1203 2205 1244 2274 de
1270 2204 1358 2276 hello

150 2347 267 2394 eornm
299 2325 446 2417 accepit,
485 2336 549 2395 tres
583 2325 810 2396 adulescentes
843 2326 877 2394 in
910 2327 1056 2396 Africam
1089 2328 1262 2420 legantur,
1300 2330 1357 2422 qni

150 2449 265 2518 ambus
283 2469 380 2540 reges
398 2448 534 2529 adeant,
560 2459 692 2518 senatus
708 2447 1046 2542 populiquellomani
1064 2451 1172 2521 verbis
1190 2454 1357 2524 nuntient:

152 2573 271 2644 «Velle
297 2585 330 2644 et
364 2597 516 2656 censere,
555 2597 612 2644 eos
644 2573 686 2644 alr
712 2574 813 2642 armis
838 2574 1021 2656 discedere,
1059 2576 1100 2645 de
1126 2579 1357 2649 controversiis

149 2698 216 2766 suis
241 2699 314 2768 iure
340 2699 574 2792 potiusquam
600 2699 689 2768 bello
714 2698 912 2791 disceptare,
939 2701 984 2769 ita
1003 2723 1105 2795 seque
1123 2703 1256 2796 illisque
1280 2705 1358 2796 dig·

149 2845 228 2892 num
256 2846 364 2894 esse.»
1078 2899 1080 2908 ,

222 2969 309 3017 xxn.
360 2950 477 3040 Legati
508 2950 543 3019 in
568 2949 716 3021 Africam
750 2959 950 3020 maturantes
988 2948 1124 3019 veniunt
1161 2973 1201 3020 eo
1238 2953 1355 3043 magis,

149 3075 236 3166 quod
263 3073 396 3157 Rome,
423 3073 502 3144 dum
527 3074 690 3166 proficisci
707 3086 836 3168 parant,
862 3074 904 3143 de
924 3073 1040 3166 prelio
1066 3075 1154 3144 lacto
1180 3085 1212 3145 et
1226 3075 1357 3169 obpug-

148 3199 280 3268 natione
306 3197 405 3268 Cirtae
431 3197 643 3278 audiebatur,
678 3197 736 3266 sed
762 3197 789 3266 is
814 3219 929 3267 rumor
954 3196 1100 3266 clemens
1126 3207 1209 3267 erat.
1261 3199 1356 3282 Quo-

148 3343 223 3391 rum
249 3319 412 3413 lugurtha
438 3333 573 3414 accepta
598 3320 747 3390 oratioue
770 3319 958 3413 respoudit:
997 3319 1088 3389 rSihi
1113 3342 1224 3414 neque
1247 3323 1355 3394 maius

149 3445 327 3538 quicquam
353 3467 461 3538 neque
487 3445 595 3514 carius
629 3444 821 3514 auctoritate
852 3454 984 3514 senatus
1019 3465 1111 3526 essc;
1145 3446 1187 3517 ab
1220 3446 1355 3517 adules-

148 3568 256 3637 centia
282 3568 328 3637 ita
352 3590 388 3638 se
405 3568 555 3650 enisum,
580 3578 617 3638 ut
633 3567 675 3636 an
691 3576 827 3660 optumo
844 3589 977 3660 quoque
995 3567 1206 3660 probaretur:
1234 3570 1353 3643 virtute

147 3714 213 3761 nou
239 3691 366 3761 malitia
391 3693 427 3760 P.
454 3691 616 3784 Scipioni,
651 3712 781 3761 summo
807 3691 896 3771 viro,
935 3690 1115 3782 placuisse:
1151 3691 1195 3760 ol)
1220 3696 1352 3766 easdem

147 3829 233 3887 artes
265 3841 284 3886 a
310 3817 468 3909 llicipsa,
502 3839 568 3887 non
594 3811 735 3910 penuria
763 3816 959 3897 liberorum,
987 3816 1022 3886 in
1047 3839 1190 3908 regnum
1215 3818 1354 3912 adopta·

146 3951 213 4010 tum
239 3963 326 4010 esse:
353 3950 500 4011 ceterum
525 3940 614 4033 quod
639 3941 736 4033 plura
754 3939 839 4010 bene
865 3949 964 4032 atque
984 3950 1117 4010 strenue
1142 3940 1284 4026 lecisset,
1312 3967 1352 4014 eo

147 4065 293 4134 animum
320 4085 418 4134 suum
443 4063 602 4133 iniuriam
625 4063 736 4134 miuus
750 4063 906 4134 tolerare:
933 4061 1158 4134 Adherbalem
1177 4062 1260 4134 dolis
1277 4065 1352 4136 vitae

146 4211 212 4259 sue
228 4189 436 4270 insidiatum
463 4187 552 4282 quod
566 4188 621 4258 ubi
635 4188 864 4280 comperisset,
891 4187 1008 4258 sceleri
1026 4187 1097 4257 eius
1115 4188 1245 4259 obviam
1272 4189 1350 4258 isse:

147 4315 305 4407 populum
330 4315 516 4384 Romanum
542 4334 651 4406 neque
677 4323 765 4382 recte
791 4335 900 4406 neque
918 4335 978 4404 pro
1003 4313 1091 4384 bono
1116 4313 1296 4393 facturum,
1323 4311 1352 4382 si

148 4437 188 4507 ab
213 4437 287 4508 iure
312 4436 463 4528 gentium
480 4459 551 4506 sese
570 4435 797 4530 prohibuerit;
824 4448 989 4529 postremo
1006 4434 1048 4505 de
1073 4435 1226 4506 omnibus
1251 4435 1351 4507 rebus

149 4561 272 4653 legatos
297 4565 437 4632 Romam
470 4561 564 4634 brevi
594 4562 807 4632 missurum.»
858 4565 907 4632 lta
941 4562 1075 4656 uulgue
1108 4562 1348 4652 digrediuntur.

149 4686 344 4758 Adherbalis
370 4687 560 4780 appellandi
586 4687 681 4780 copia
706 4708 774 4757 non
800 4687 872 4758 luit.
