3582 5594
453 546 522 614 150

450 746 610 818 mediocri
635 747 797 839 sapientia
822 767 874 816 res
900 744 967 816 bue
991 754 1104 814 vocat:
1144 765 1220 837 quae
1253 744 1395 837 quisque
1427 751 1562 836 optuma
1594 762 1657 832 po-

450 881 523 953 test,
550 869 617 941 utei
642 869 763 939 dicant.
798 871 849 940 Ae
873 868 955 938 mibi
981 869 1028 940 sie
1053 867 1199 938 videtur:
1225 867 1482 961 qualeieumque
1501 865 1604 937 modo
1622 878 1657 934 tu

451 995 625 1066 victoriam
651 994 907 1088 composuereis,
938 993 985 1063 itu
1009 994 1075 1063 alia
1100 993 1212 1063 omnia
1237 993 1359 1063 futura.

526 1119 590 1188 Sed
616 1118 693 1199 iam,
728 1141 796 1211 que
822 1118 941 1188 melius
966 1117 1165 1210 faciliusque
1198 1115 1387 1198 constituas,
1421 1117 1547 1210 paneis,
1581 1137 1659 1208 quae

453 1267 507 1314 me
532 1245 664 1314 animus
689 1255 811 1325 monet,
843 1243 969 1336 accipe.
1014 1242 1145 1314 Belium
1170 1241 1230 1311 tibi
1256 1242 1328 1324 fuit,
1363 1242 1553 1335 imperator,
1579 1263 1659 1311 eum

452 1367 588 1437 bomine
614 1368 716 1450 claro,
741 1367 872 1460 magnis
897 1367 1026 1461 opibus,
1054 1365 1151 1466 avido
1176 1367 1341 1458 potentie,
1375 1367 1503 1436 maiore
1525 1367 1660 1436 fortuna

454 1515 557 1585 quam
583 1494 762 1587 sapientia:
797 1516 899 1588 quem
923 1491 1028 1563 secuti
1053 1502 1129 1561 suut
1153 1491 1263 1584 pauci,
1294 1512 1473 1584 persuum
1500 1491 1659 1561 iniuriam

453 1616 513 1686 tibi
547 1616 695 1696 inimici;
734 1616 812 1686 item
838 1637 921 1710 quos
952 1616 1105 1686 adfinitas
1135 1627 1191 1686 aut
1218 1616 1284 1686 alia
1311 1617 1521 1688 necessitudo
1546 1619 1659 1688 traxit.

454 1740 539 1810 Nam
564 1740 729 1833 particeps
754 1739 987 1809 dominationis
1012 1762 1122 1834 neque
1154 1740 1216 1810 tuit
1240 1740 1429 1833 quisquam,
1470 1763 1598 1834 neque,
1628 1742 1660 1811 si

453 1864 522 1957 pati
547 1865 717 1958 potuisset,
752 1865 841 1936 orbis
870 1875 1033 1936 terrarum
1065 1864 1154 1935 bello
1185 1887 1365 1936 concussus
1394 1867 1488 1936 soret.
1539 1867 1661 1937 Cetera

455 1988 631 2060 multitudo
668 1988 758 2080 volgi
791 2011 885 2059 more
917 1989 1026 2079 magis
1051 2009 1151 2080 quam
1178 1987 1302 2058 indicio
1326 1999 1400 2081 post
1431 1989 1517 2060 alius
1541 1990 1661 2072 alium,

455 2114 551 2204 quasi
567 2115 827 2207 prudentiorem,
854 2116 969 2185 secuti.
1003 2117 1077 2185 *Per
1097 2115 1186 2184 idem
1212 2124 1342 2208 tempus
1366 2115 1553 2186 maledictis
1571 2117 1663 2187 inei-

455 2264 597 2333 quornm
614 2242 814 2334 occupandae
831 2242 881 2312 rei
897 2241 1039 2336 publicu
1066 2242 1100 2311 in
1125 2264 1219 2335 spem
1242 2241 1374 2312 adducti
1392 2240 1557 2320 homines,
1583 2242 1664 2335 qui·

455 2366 518 2436 bus
552 2367 664 2436 omnia
697 2367 820 2460 probro
853 2389 893 2436 ac
923 2367 1056 2436 luxuria
1090 2367 1216 2459 polluta
1246 2377 1351 2448 erant,
1391 2389 1592 2440 concurrere
1625 2368 1663 2436 in

457 2499 562 2560 castra
586 2499 659 2560 tua:
686 2501 728 2560 et·
744 2501 856 2583 aperte
881 2490 1022 2583 quieteis
1046 2499 1198 2571 mortem,
1224 2491 1371 2583 rapinas,
1396 2501 1562 2584 postremo
1587 2514 1664 2561 om-

456 2613 523 2695 nia,
550 2636 626 2707 quae
651 2625 812 2709 conruptu
837 2616 949 2686 animo
974 2614 1121 2697 lubebat,
1146 2614 1303 2684 minitari.
1342 2617 1395 2686 Ex
1416 2615 1512 2707 queis
1537 2639 1664 2708 magna

456 2763 545 2834 pars,
579 2740 637 2812 nbi
661 2763 772 2834 neque
798 2741 960 2813 creditum
985 2741 1186 2823 condonare,
1219 2761 1331 2834 neque
1356 2751 1388 2810 te
1414 2741 1542 2811 civibus
1568 2741 1665 2810 sicuti

457 2863 606 2936 hostibus
632 2867 680 2937 uti
704 2869 828 2951 vident,
862 2869 1052 2948 deduxere;
1090 2867 1187 2961 pauci
1212 2868 1373 2948 restitere,
1409 2867 1530 2959 quibus
1555 2866 1666 2936 maius

458 2993 563 3063 otium
587 2993 622 3063 in
649 2996 761 3066 eastris
786 2993 886 3088 quam
913 2995 1026 3064 Romae
1052 2995 1199 3064 futurum
1225 3003 1315 3074 erat:
1352 3003 1443 3064 tanta
1477 2993 1527 3062 vis
1554 2991 1666 3062 credi-

459 3127 568 3189 torum
600 3119 812 3213 inpendebit.
864 3119 928 3191 Sed
959 3119 1002 3189 ob
1035 3119 1168 3189 easdem
1209 3140 1326 3188 causas
1362 3117 1497 3188 inmune
1532 3116 1664 3194 dictust,

458 3241 574 3334 quanti
600 3251 633 3313 et
657 3265 758 3336 quam
783 3243 878 3315 multi
903 3244 1059 3313 mortales
1084 3253 1197 3335 postea
1222 3241 1264 3312 ad
1284 3242 1479 3335 Pompeium
1501 3240 1666 3310 discesse-

457 3365 542 3434 rint:
578 3387 685 3459 eoque
711 3389 771 3460 per
796 3390 895 3438 omne
921 3379 1051 3460 tempus
1077 3367 1157 3437 belli
1182 3366 1277 3460 quasi
1303 3387 1397 3436 sacro
1421 3375 1522 3457 atque
1548 3366 1666 3459 inspo-

457 3488 537 3558 liato
563 3490 641 3559 sano
664 3489 830 3560 debitores
854 3491 917 3560 usi.

532 3613 647 3707 Igitur,
681 3616 840 3707 quoniam
873 3615 932 3686 tibi
963 3615 1079 3685 victori
1113 3615 1155 3686 de
1181 3614 1272 3685 bello
1297 3625 1397 3706 atque
1422 3636 1504 3706 pace
1530 3613 1665 3705 agitan-

458 3736 539 3808 dum
557 3749 616 3820 est,
645 3739 709 3810 boc
730 3741 777 3811 uti
795 3741 936 3812 civiliter
954 3741 1110 3834 deponas,
1136 3741 1196 3811 illa
1223 3733 1282 3832 [ut]
1309 3763 1411 3833 quam
1426 3739 1616 3812 iustissumo
1632 3751 1666 3808 et

459 3863 614 3935 diuturna
630 3865 687 3935 sit:
713 3865 755 3938 de
780 3878 813 3936 te
839 3867 910 3960 ipso
929 3867 1085 3960 primum,
1111 3866 1170 3960 qui
1190 3890 1231 3936 ea
1249 3866 1490 3960 compositurus
1509 3887 1556 3946 es,
1583 3864 1665 3958 quid

458 4001 631 4084 optumum
655 3990 743 4061 iaetu
768 3991 821 4071 sit,
854 3991 1030 4064 existuma.
1081 3990 1247 4084 Equidem
1277 4013 1340 4082 ego
1370 3999 1488 4060 cuncta
1520 3989 1665 4082 imperia

459 4117 607 4187 crudelia
631 4117 740 4209 magis
765 4118 886 4189 aeerba
911 4141 1012 4211 quam
1038 4118 1194 4189 diuturna
1219 4117 1382 4198 arbitror:
1408 4138 1519 4208 neque
1544 4139 1665 4208 quem-

458 4263 559 4333 quam
577 4241 689 4312 multis
706 4243 921 4313 metuendum
939 4267 1022 4325 esse,
1050 4244 1131 4336 quin
1154 4242 1194 4313 ad
1222 4265 1299 4312 eum
1325 4265 1368 4311 ex
1392 4241 1505 4310 multis
1523 4240 1664 4310 formido

457 4366 600 4436 recidati
634 4391 708 4438 eam
733 4369 834 4438 vitam
860 4367 986 4438 beilum
1012 4379 1171 4439 aeteruum
1198 4378 1230 4437 et
1255 4389 1377 4461 anceps
1402 4389 1542 4458 gereret
1579 4387 1664 4458 quo-

456 4490 548 4560 niam
573 4513 684 4582 neque
709 4491 879 4573 advorsus,
909 4515 1019 4585 neque
1045 4492 1087 4562 ab
1113 4503 1208 4583 tergo
1233 4502 1289 4561 aut
1315 4490 1472 4562 lateribus
1497 4500 1587 4561 tutus
1608 4490 1662 4568 sis,

457 4637 587 4706 semper
621 4617 653 4686 iu
685 4617 833 4708 periculo
859 4627 914 4687 aut
943 4629 1032 4686 metu
1058 4618 1172 4707 agites.
1225 4618 1346 4688 Contra
1373 4617 1430 4708 qui
1462 4616 1662 4706 benignitate
