3582 5594
1327 679 1367 746 91

168 869 213 938 uti
240 883 344 961 parat.
390 870 493 960 lgitur
511 871 743 952 Bomilcarem,
772 872 829 961 qui
852 874 964 942 ltomae
991 897 1066 944 cum
1093 877 1249 966 lugurtha
1267 879 1374 949 luerat

166 1006 198 1064 et
223 995 302 1064 inde
327 995 467 1066 vadibus
492 995 575 1064 datis
602 997 690 1066 clam
707 997 747 1066 de
766 998 914 1067 Massivae
941 1021 1021 1068 nece
1048 1000 1204 1072 iudicium
1231 1005 1372 1092 fugerat,

164 1120 250 1212 quod
280 1121 311 1187 ei
339 1141 400 1211 per
424 1123 616 1189 maxumam
643 1121 821 1190 amicitiam
845 1144 1000 1192 maxuma
1018 1124 1112 1216 copia
1133 1125 1269 1197 fallendi
1291 1140 1372 1208 erat,

164 1245 276 1316 multis
305 1247 599 1338 pollicitationibus
622 1247 833 1338 adgreditur;
861 1271 901 1317 ac
927 1250 1034 1341 primo
1060 1251 1172 1332 efficit,
1199 1254 1245 1322 uti
1271 1255 1312 1323 ad
1338 1277 1372 1323 se

163 1369 378 1464 colloquendi
404 1369 512 1461 gratia
537 1371 685 1440 occultus
710 1370 840 1440 veniatt
867 1371 987 1441 deinde
1005 1373 1070 1443 lide
1092 1375 1180 1458 data,
1206 1377 1234 1445 si
1251 1379 1373 1466 lugur-

163 1495 253 1566 tbam
280 1495 394 1562 viuum
420 1503 476 1564 aut
502 1503 653 1562 necatum
680 1493 743 1564 sibi
771 1494 967 1578 tradidisset,
995 1499 1078 1580 fore,
1105 1513 1140 1570 ot
1164 1501 1214 1570 illi
1241 1513 1371 1571 senatus

163 1622 383 1714 inpunitatem
410 1631 443 1687 et
467 1640 526 1688 sua
547 1619 661 1688 omnia
687 1620 895 1699 concederet,
931 1622 1028 1693 facile
1054 1625 1206 1694 Numida
1233 1649 1372 1718 persua-

161 1743 226 1824 det,
253 1765 332 1812 cnm
359 1742 495 1833 ingenio
520 1741 635 1824 inlido,
668 1753 738 1812 tum
764 1745 935 1827 metuenti,
969 1770 1022 1827 ne,
1056 1747 1083 1816 si
1109 1769 1175 1841 pax
1201 1773 1275 1820 cum
1304 1753 1371 1821 Ro-

162 1869 268 1938 manis
294 1867 402 1946 lieret,
434 1867 503 1959 ipse
530 1889 589 1958 per
614 1865 819 1936 conditiones
844 1867 886 1937 ad
913 1869 1111 1962 supplicium
1138 1871 1333 1944 traderetur.

234 2015 317 2062 axu.
370 1994 412 2073 ls,
440 1993 498 2063 obi
523 1991 667 2085 primum
690 2004 889 2083 oportunum
916 1996 987 2075 luit,
1013 1997 1207 2087 Iugurtham
1233 2001 1368 2068 anxium

160 2141 198 2190 ac
224 2119 439 2187 miserantem
467 2116 614 2185 fortunas
638 2137 716 2184 suas
747 2115 883 2197 accedit,
918 2131 1030 2188 monet
1058 2131 1157 2211 atque
1183 2121 1369 2190 lacrumans

158 2241 353 2319 obtestatur,
388 2241 435 2308 uti
460 2238 643 2331 aliquando
669 2238 732 2309 sibi
758 2239 938 2333 liberisque
963 2215 999 2310 el
1021 2243 1111 2333 genti
1139 2244 1368 2326 Numidarum,

158 2377 295 2458 optume
314 2362 452 2442 merita,
480 2361 664 2454 provideat:
691 2361 845 2432 omnibus
867 2365 989 2456 praeliis
1015 2387 1086 2434 sese
1111 2365 1224 2447 victos,
1250 2391 1369 2458 agrum

158 2493 334 2569 vastatum,
362 2487 482 2558 multos
508 2487 661 2557 mortales
688 2498 812 2578 captos,
838 2489 974 2570 occisos,
1002 2491 1098 2580 regni
1123 2514 1202 2582 opes
1226 2493 1368 2561 commi-

157 2627 255 2686 nutas
281 2635 374 2683 esse:
410 2612 488 2682 satis
514 2632 601 2704 saepe
628 2613 695 2681 iam
722 2623 755 2680 et
778 2613 932 2683 virtutem
964 2615 1105 2685 militum
1139 2629 1172 2686 et
1202 2617 1366 2687 fortunam

158 2750 372 2833 temptatam
399 2749 515 2806 caveat
539 2759 592 2818 ne,
620 2736 679 2806 illo
704 2747 891 2820 cunctante,
919 2739 1071 2808 Numida
1096 2740 1158 2811 sibi
1182 2741 1366 2812 consulant.

158 2863 219 2932 llis
245 2873 347 2954 atque
374 2860 493 2931 talibus
525 2861 599 2931 aliis
630 2859 672 2929 ad
705 2859 906 2930 deditionem
937 2863 1025 2954 regis
1051 2863 1200 2933 animum
1226 2865 1365 2958 inpellit.

156 2987 333 3060 ffittantur
357 2985 400 3056 ad
427 2986 660 3077 imperatorem
687 2984 799 3075 legati,
826 2985 884 3076 qui
902 2985 1095 3076 lugurtbam
1117 2988 1278 3080 imperata
1295 2991 1366 3060 lae-

157 3125 269 3184 tarum
295 3109 462 3189 dicerent,
497 3131 536 3178 ac
561 3109 634 3179 sine
660 3109 730 3179 nlla
755 3108 908 3201 pactione
937 3133 1009 3179 sese
1034 3133 1243 3206 regnumque
1268 3137 1365 3184 suom

157 3239 190 3307 in
225 3235 317 3306 illius
349 3233 451 3303 fidem
483 3231 623 3302 tradere.
678 3230 832 3304 Metellus
868 3255 1009 3326 propere
1043 3245 1177 3306 cunctos
1209 3241 1364 3311 senatorii

156 3363 284 3436 ordinis
313 3383 356 3432 ex
386 3358 536 3431 bibernis
568 3360 692 3430 accersi
723 3359 830 3440 iubet,
869 3382 985 3430 eorum
1019 3371 1050 3430 et
1085 3363 1242 3446 aliorum,
1281 3390 1364 3460 quos

159 3492 295 3562 idoneos
320 3487 473 3565 docebat,
499 3487 673 3556 consilium
701 3485 808 3556 babet.
851 3490 899 3558 lta
924 3511 1016 3558 more
1041 3492 1206 3561 maiorum
1223 3515 1265 3562 ex
1282 3513 1364 3562 eon-

158 3616 223 3687 silii
248 3616 384 3687 decreto
409 3636 468 3706 per
494 3613 620 3704 legatos
648 3612 816 3703 lugurtbae
842 3613 981 3705 imperat
1009 3619 1137 3706 argenti
1164 3619 1275 3710 pondo
1299 3619 1363 3688 du-

158 3751 253 3808 centa
271 3737 377 3818 milia,
404 3736 596 3829 elephantos
622 3757 748 3816 omncs,
775 3755 937 3829 equorum
964 3751 996 3807 et
1021 3760 1187 3808 armomm
1208 3741 1363 3833 aliquan-

159 3873 238 3932 tam.
280 3861 364 3945 Ouae
390 3872 564 3954 postquam
589 3861 661 3930 sine
686 3882 781 3930 mora
807 3861 893 3930 lacta
919 3873 1005 3942 sunt,
1037 3863 1127 3932 iubet
1152 3867 1258 3934 omnis
1285 3889 1362 3958 per-

159 3987 250 4080 fugas
281 3987 407 4057 vinctos
439 3985 577 4066 adduci;
616 4009 731 4056 eorum
765 4009 887 4078 magua
921 4011 1007 4081 pars,
1047 3990 1093 4058 uti
1127 3989 1250 4060 iussum
1279 4003 1360 4072 erat,

157 4112 303 4194 adducti,
342 4113 448 4205 pauci,
487 4132 563 4181 cum
596 4109 738 4201 primum
770 4109 894 4180 deditio
920 4113 1028 4204 coepit,
1067 4113 1109 4182 ad
1134 4137 1248 4206 regem
1275 4119 1362 4187 Boc-

156 4239 254 4310 cbnm
286 4239 322 4307 in
349 4235 588 4307 Mauretaniam
620 4233 782 4304 abierant.
829 4235 934 4326 lgitur
963 4237 1133 4328 Iugurtha,
1173 4240 1229 4309 ubi
1261 4243 1361 4311 armis

155 4363 301 4456 virisque
331 4375 364 4430 et
396 4359 538 4454 pecunia
568 4359 726 4451 spoliatos
755 4371 814 4439 est,
852 4381 928 4429 cum
958 4360 1027 4453 ipse
1055 4361 1096 4430 ad
1127 4363 1358 4454 imperandum

155 4487 317 4560 Tisidium
343 4493 527 4563 vocaretur,
553 4505 667 4552 rursus
693 4481 794 4574 cepit
819 4481 953 4552 llectere
979 4485 1128 4556 animum
1153 4509 1248 4556 suum
1268 4501 1299 4556 et
1317 4513 1359 4556 ex

155 4611 244 4682 mala
275 4608 478 4679 conscientia
512 4606 613 4698 digna
649 4605 776 4674 timere.
827 4609 981 4700 Denique
1015 4610 1125 4684 multis
1157 4611 1274 4680 diebus
1300 4631 1359 4706 per

155 4735 394 4806 dubitationem
419 4733 632 4824 consumptis,
658 4755 733 4802 cum
761 4733 859 4801 modo
886 4733 981 4802 taedio
1007 4757 1118 4804 rerum
1145 4737 1357 4808 advorsarum
