3526 5604
1272 642 1343 712 359

131 838 212 909 lisse
237 840 366 910 animos
392 852 426 910 et
449 841 605 912 abnuisse
631 843 792 934 imperata
817 841 939 922 lacere,
969 843 1201 934 principesque
1227 864 1345 913 eorum

133 963 170 1032 in
196 965 427 1036 Macedoniam
461 977 494 1036 et
524 966 559 1035 in
584 967 759 1036 Dardanos
794 967 890 1036 etin
921 966 1118 1037 Thraeciam
1150 967 1192 1038 ad
1218 967 1346 1038 eondu-

132 1088 241 1158 cenda
274 1090 428 1161 mercede
455 1089 582 1172 auxilia
616 1092 792 1183 profectos.
842 1092 935 1160 Haec
966 1091 1024 1184 qui
1058 1091 1250 1161 nuntiarent
1275 1093 1344 1161 Ro-

133 1233 222 1281 mam
257 1215 298 1283 A.
325 1211 519 1285 Terentium
551 1217 735 1285 Varronem
765 1225 798 1283 et
825 1215 870 1285 hl.
897 1213 1075 1285 Claudium
1111 1213 1275 1307 Lepidum
1300 1213 1342 1282 ah

131 1333 175 1404 A.
214 1335 372 1407 Cornelio
411 1348 626 1430 propraetore
664 1360 708 1407 ex
740 1338 871 1408 Aetolia
905 1338 1020 1408 missos
1054 1359 1138 1408 esse.
1194 1336 1345 1407 Suhtcxit

131 1460 256 1531 deinde
289 1463 423 1534 lahulae
456 1464 550 1545 huic,
591 1466 716 1557 legatos
740 1466 875 1536 Aetolos
907 1465 941 1534 in
975 1475 1091 1535 senatu
1120 1464 1205 1532 inter
1235 1473 1343 1534 cetera

131 1582 197 1654 hoc
223 1609 358 1680 quoque
384 1588 602 1680 interrogatos
628 1611 711 1670 esse,
738 1589 826 1660 uude
852 1589 1022 1660 audissent
1042 1590 1256 1681 imperatores
1273 1589 1343 1657 Ro-

131 1731 248 1780 manos
275 1711 309 1780 in
327 1713 407 1783 Asia
433 1722 544 1805 captos
570 1715 613 1784 ah
634 1712 799 1783 Antiocho
824 1734 904 1804 rege
930 1721 963 1781 et
988 1712 1172 1781 exercitum
1196 1711 1343 1781 deletum

131 1855 214 1902 esse.
257 1835 393 1905 Aetolos
410 1835 630 1930 respondisse,
656 1837 698 1906 ah
724 1836 791 1908 suis
816 1837 933 1930 legatis
957 1860 993 1906 sc
1019 1837 1076 1929 qui
1102 1858 1180 1906 cum
1207 1836 1343 1906 consule

130 1960 256 2030 fuerint
280 1962 436 2032 certiores
463 1963 576 2032 laetos.
624 1964 778 2034 humoris
810 1963 908 2034 huius
940 1965 1019 2056 quia
1044 1964 1214 2033 neminem
1239 1963 1342 2032 alium

129 2098 300 2158 auctorem
334 2088 454 2171 haheo,
498 2113 607 2182 neque
639 2090 814 2161 adfirmata
847 2113 900 2160 res
926 2113 1000 2188 mea
1030 2089 1188 2182 opinione
1213 2089 1255 2158 sit
1279 2111 1341 2158 nec

128 2233 191 2304 pro
217 2234 305 2282 vana
330 2215 573 2304 praetermissa.
615 2216 727 2285 Liuius
752 2213 811 2295 37,
837 2212 897 2287 48.
998 2214 1057 2283 39.
1091 2213 1242 2285 Valerius
1269 2215 1342 2283 An-

129 2336 192 2406 tias
219 2337 262 2408 ad
288 2340 562 2431 quattuor-milia
580 2341 796 2433 captivorum,
822 2339 901 2432 quia
925 2339 1007 2408 helli
1025 2339 1131 2408 minas
1149 2339 1340 2417 timuerunt,

128 2485 171 2533 ex
198 2473 267 2533 tota
293 2463 401 2534 insula
427 2459 555 2555 [Creta]
582 2465 712 2535 reddita
732 2465 871 2557 scripsit,
899 2486 1040 2557 eamque
1066 2487 1201 2534 causam
1225 2463 1341 2543 Fabio,

127 2611 206 2658 cum
232 2610 305 2657 rem
331 2589 458 2659 nullam
484 2590 586 2660 aliam
611 2591 775 2682 gessisset,
801 2591 929 2660 navalis
955 2588 1112 2681 triumphi
1139 2588 1340 2680 impetrandi

126 2713 170 2782 ah
190 2725 307 2783 senatu
326 2713 435 2784 tuisse.
455 2715 568 2784 Livius
583 2711 644 2796 37,
662 2713 722 2795 60,
740 2712 775 2785 6.
876 2716 935 2784 lt).
962 2715 1121 2784 Claudius
1139 2713 1196 2806 qui
1212 2713 1263 2783 his
1278 2727 1339 2782 etc.

126 2859 229 2930 supro
258 2861 291 2930 p.
318 2834 402 2918 346,
429 2836 489 2909 25.
595 2840 653 2908 dl.
687 2841 723 2908 P.
756 2839 903 2932 Scipioni
932 2839 1089 2909 Alricano
1127 2849 1162 2908 ut
1186 2838 1340 2908 Valerius

126 2960 246 3032 Antias
271 2974 387 3033 auctor
412 2975 472 3043 est,
506 2963 573 3035 duo
598 2964 640 3047 Q.
668 2964 790 3034 Petillii
817 2964 907 3034 diem
939 2964 1096 3034 dixerunt
1122 2974 1184 3033 ete.
1228 2965 1341 3032 Liuius

126 3083 189 3168 38,
216 3086 277 3169 50,
305 3085 339 3158 5.
367 3083 541 3172 [Africano
558 3088 705 3176 mortno]
732 3092 771 3159 L.
798 3089 910 3182 Scipio
936 3100 970 3158 et
994 3090 1035 3158 A.
1058 3088 1220 3158 Hostilius
1246 3090 1341 3181 lega·
1440 3089 1445 3094 ’

124 3222 179 3282 tus
205 3221 238 3280 et
263 3211 301 3282 C.
329 3213 448 3283 Furius
474 3213 633 3296 damnati,
670 3238 737 3306 quo
767 3213 971 3284 commodior
996 3237 1062 3307 pax
1088 3213 1253 3283 Antiocho
1279 3214 1340 3283 da-

124 3351 231 3419 retur,
272 3337 462 3431 Scipionem
493 3361 553 3409 sex
584 3339 678 3409 milia
707 3339 816 3432 pondo
849 3339 934 3420 auri,
972 3337 1217 3432 quadringenta
1247 3349 1341 3407 octo·

124 3465 220 3556 ginta
246 3465 377 3555 argenti
404 3465 477 3557 plus
503 3466 670 3557 accepisse
702 3487 804 3556 qnam
839 3465 873 3533 in
899 3463 1067 3535 aerarium
1093 3464 1256 3543 retulerit;
1297 3468 1338 3533 A.

124 3589 310 3660 Hostilium
340 3588 508 3676 octoginta
542 3588 653 3681 pondo
691 3589 782 3669 auri,
822 3588 950 3678 argenti
983 3586 1228 3679 quadringenta
1260 3588 1338 3666 tria;

123 3716 267 3786 Furium
293 3726 504 3806 quaestorem
533 3716 605 3786 auri
633 3715 743 3808 pondo
769 3725 903 3784 eentum
930 3712 1079 3804 triginta,
1119 3713 1249 3803 argenti
1277 3711 1340 3780 du-

123 3853 233 3910 centa.
279 3842 348 3910 Has
375 3862 438 3932 ego
463 3862 609 3910 summas
635 3841 709 3910 auri
736 3852 767 3909 et
793 3840 921 3930 argenti
952 3839 1073 3908 relatas
1107 3837 1194 3929 apud
1221 3837 1340 3906 Antia-

123 3976 190 4035 tem
218 3964 343 4034 inveni.
388 3967 425 4034 ln
452 3967 490 4035 L.
519 3965 674 4057 Scipione
700 3964 814 4033 malim
843 3963 999 4056 equidem
1025 3963 1153 4032 librarii
1180 3962 1339 4031 mendum

122 4111 228 4182 quam
244 4089 454 4160 mendacium
468 4089 636 4183 scriptoris
650 4111 723 4158 esse
741 4089 774 4157 in
787 4110 917 4156 summa
931 4087 1004 4157 auri
1017 4098 1115 4178 atque
1129 4087 1259 4176 argenti
1273 4097 1338 4154 etc.

122 4216 239 4284 Livius
257 4209 316 4294 38,
336 4210 395 4294 55,
415 4211 439 4283 6
455 4235 522 4304 sqq.
549 4216 588 4283 L.
606 4212 755 4305 Scipioni
778 4211 926 4283 Asiatico
953 4213 988 4280 P.
1007 4209 1171 4304 Scipionis
1189 4208 1339 4278 Africani

121 4336 307 4432 superioris
332 4337 425 4407 lratri
459 4337 496 4407 C.
523 4338 688 4408 llinueius
713 4337 908 4427 Augurinus
935 4335 1086 4405 tribunus
1111 4333 1222 4425 plebei
1249 4334 1339 4402 mul-

121 4474 191 4532 tam
216 4461 376 4552 irrogavit
393 4484 538 4553 eumque
560 4462 603 4531 oh
622 4483 696 4530 eam
714 4483 848 4530 causam
865 4459 1004 4552 praedes
1021 4456 1189 4551 poscebat.
1227 4455 1338 4547 Scipio

121 4587 303 4658 Africanus
329 4587 438 4656 iratris
463 4587 600 4656 nomine
625 4585 668 4655 ad
695 4586 875 4676 collegium
905 4583 1114 4654 tribunorum
1139 4578 1340 4675 provocabat

119 4711 324 4804 petebatque
357 4723 393 4783 ut
426 4711 532 4783 virum
564 4712 773 4782 consularem
804 4709 1109 4801 triumphalemque
1138 4729 1158 4776 a
1187 4705 1337 4796 collegae
