3526 5604
450 673 521 744 302

447 871 609 943 aedilibus
637 873 766 952 fecisse,
796 884 1008 965 secutamque
1035 874 1181 944 fabulam
1209 876 1345 945 mixtam
1372 899 1414 944 ex
1440 876 1591 947 aediliciis
1611 891 1635 947 et

448 994 677 1067 consularibus
687 995 839 1076 comitiis,
854 998 1107 1067 convenientem
1122 1000 1238 1068 errori.
1258 1002 1368 1070 Liuius
1381 1000 1438 1081 10,
1453 999 1487 1080 9,
1500 1001 1633 1074 10-13.

447 1121 507 1192 35.
534 1122 656 1192 Contra
675 1121 859 1190 Hieronem
877 1143 991 1214 regem
1012 1123 1129 1194 CCXX
1154 1147 1254 1194 naves
1281 1127 1414 1196 effectas
1434 1127 1546 1197 diebus
1563 1131 1635 1198 xtv
1742 1171 1743 1206 2

447 1249 546 1319 tradit
559 1251 597 1318 L.
616 1248 701 1317 Piso.
744 1248 871 1317 Plinius
883 1262 949 1317 cot.
968 1251 1041 1319 bist.
1059 1249 1116 1331 16,
1135 1249 1194 1331 39,
1214 1251 1295 1324 192.
1397 1255 1456 1324 36.
1483 1253 1636 1345 Elephan·
1742 1273 1743 1342 ᾗ

451 1387 502 1445 tos
619 1374 725 1442 Roma
761 1370 842 1440 vidit
872 1372 1034 1463 plurimos
1074 1397 1162 1444 anno
1196 1378 1259 1446 Dii
1295 1377 1431 1446 victoria
1461 1381 1499 1448 L.
1529 1377 1636 1448 bletelli

446 1498 610 1593 pontilicis
647 1497 680 1565 in
721 1496 833 1565 Sicilia
868 1497 909 1565 de
944 1498 1061 1566 Poenis
1095 1510 1217 1590 captos.
1254 1500 1372 1571 CXLll
1406 1503 1498 1573 luere
1530 1515 1581 1571 aut
1608 1513 1638 1569 ut

446 1625 583 1720 quidam
615 1624 700 1694 ext
728 1675 735 1690 .
759 1673 795 1690 ..
831 1622 965 1690 Verrius
996 1645 1051 1692 eos
1076 1637 1242 1716 pugnasse
1269 1627 1302 1694 in
1333 1627 1423 1696 circo
1449 1628 1639 1697 interlectos·
1742 1611 1743 1698 f

446 1773 512 1843 que
539 1747 656 1817 iaculis
682 1744 780 1814 tradit
901 1747 940 1814 L.
968 1745 1042 1815 Piso
1076 1746 1227 1816 inductos
1258 1749 1428 1820 dumtaxat
1465 1752 1497 1821 in
1526 1753 1637 1821 circum

445 1885 559 1964 atqua,
596 1879 633 1939 ut
661 1877 866 1960 contemptus
905 1889 1021 1937 eorum
1054 1867 1268 1950 incresceret,
1322 1871 1363 1941 ab
1395 1877 1551 1964 operariis
1584 1877 1639 1945 ba·
1742 1863 1743 1888 ³

445 2009 510 2067 stas
527 1993 726 2088 praepilatas
744 1990 939 2062 habentibus
963 2015 1024 2084 per
1049 1994 1175 2063 circum
1202 2005 1304 2064 totum
1330 2007 1431 2066 actos.
1477 2000 1542 2068 Nec
1565 2001 1635 2092 quid

446 2121 567 2192 deinde
593 2120 633 2189 iis
660 2120 781 2188 laetum
808 2119 849 2186 sit
879 2129 1030 2188 auctores
1064 2121 1243 2213 explicant,
1276 2123 1332 2214 qui
1363 2145 1431 2191 non
1458 2136 1567 2214 putant
1589 2125 1638 2192 in-

446 2247 609 2316 terlectos.
660 2246 790 2314 Plinius
816 2259 882 2313 cot.
911 2245 984 2314 bist.
1011 2242 1046 2326 8,
1074 2244 1108 2327 6,
1139 2245 1196 2317 17.
1298 2249 1356 2317 37.
1384 2253 1422 2320 L.
1450 2251 1523 2320 Piso
1551 2249 1639 2319 tradit

444 2373 612 2466 Papirium
638 2375 819 2451 Masonem,
847 2373 906 2465 qui
931 2375 1058 2466 primus
1086 2373 1117 2442 in
1148 2387 1260 2442 monte
1284 2374 1414 2445 Albano
1440 2373 1639 2467 triumpharit

443 2497 485 2566 de
512 2496 632 2575 Corsis,
664 2507 770 2588 myrto
796 2509 990 2566 coronatum
1017 2495 1112 2566 ludos
1139 2497 1305 2567 circenses
1330 2510 1480 2589 spectare
1504 2497 1637 2566 solitum.

365 2628 368 2640 '
443 2623 533 2692 Avus
560 2633 727 2691 maternus
750 2621 902 2692 Africani
937 2621 1103 2713 sequentis
1130 2619 1185 2690 bic
1211 2621 1283 2690 luit.
1334 2623 1461 2691 Plinius
1486 2623 1555 2690 bist.
1579 2635 1637 2688 oct.
1742 2683 1743 2690 ,

446 2743 580 2826 15,29,
603 2742 682 2814 126.
784 2743 842 2813 38.
870 2746 917 2812 lta
943 2755 1037 2813 nocte
1063 2767 1103 2813 ac
1130 2745 1182 2814 die
1210 2744 1286 2814 bina
1304 2755 1411 2814 castra
1429 2743 1568 2813 hostium
1585 2765 1639 2810 ex-

442 2880 588 2962 pugnata
620 2868 720 2938 ductu
746 2871 785 2938 L.
812 2867 940 2938 Marcii.
988 2865 1040 2937 Ad
1066 2866 1200 2958 triginta
1227 2879 1351 2960 septem
1380 2867 1472 2935 milia
1504 2867 1636 2936 bostium

442 3015 539 3062 caesa
566 3002 680 3096 auctor
706 3003 754 3060 est
775 2990 933 3061 Claudius
960 3002 1020 3060 etc.
1049 3014 1148 3084 supra
1169 3016 1203 3084 p.
1231 2989 1304 3062 263
1330 3013 1375 3083 sq.
1404 2992 1554 3061 Valerius
1573 2994 1635 3060 An-

442 3119 502 3186 tias
524 3140 592 3188 una
613 3128 719 3186 castra
737 3115 885 3207 Magonis
908 3125 1002 3207 capta
1025 3114 1171 3194 tradidit,
1198 3127 1322 3207 septem
1349 3115 1447 3184 milia
1473 3138 1568 3184 caesa
1585 3115 1638 3183 bo-

441 3243 555 3323 stinm;
581 3242 685 3311 altero
709 3240 836 3333 proelio
855 3240 1026 3331 eruptione
1044 3249 1228 3331 pugnatum
1247 3239 1562 3320 cum-Hasdrubale,
1587 3240 1638 3307 de-

442 3391 513 3437 cem
533 3366 624 3436 milia
641 3365 761 3446 occisa,
788 3371 943 3456 quattuor
961 3361 1053 3431 milia
1071 3371 1234 3432 trecentos
1253 3362 1388 3453 triginta
1405 3374 1526 3456 captos.
1571 3363 1636 3432 Piso

442 3493 589 3584 quinque
620 3493 713 3563 milia
748 3490 932 3571 bominum,
967 3512 1043 3559 oum
1069 3491 1168 3580 Mago
1198 3489 1352 3559 cedentes
1384 3500 1513 3560 nostros
1545 3491 1636 3560 ellose

441 3625 646 3708 sequeretur,
679 3637 777 3684 caesa
809 3637 851 3682 ex
886 3612 1015 3682 insidiis
1045 3612 1169 3682 scribit.
1221 3612 1318 3705 Apud
1345 3635 1461 3682 omnes
1487 3638 1636 3706 magnum

440 3761 560 3808 nomen
587 3737 702 3808 Marcii
737 3737 829 3807 ducis
859 3745 918 3805 est.
971 3739 1012 3806 Et
1037 3759 1134 3805 verae
1167 3737 1294 3826 gloriae
1321 3735 1391 3805 eius
1418 3737 1517 3805 etiam
1543 3737 1636 3806 mira-

440 3866 515 3934 onla
541 3865 678 3945 addunt,
707 3863 873 3933 flammam
901 3864 931 3932 ei
958 3863 1162 3933 contionanti
1190 3865 1296 3932 lusam
1323 3886 1341 3931 e
1370 3863 1478 3954 capite
1500 3862 1570 3931 sine
1591 3861 1636 3952 ip·

439 3989 507 4058 sins
532 4012 630 4059 senso
657 4012 731 4058 cum
758 4010 880 4078 magno
905 4011 1027 4079 pavore
1053 3987 1334 4057 circumstantium
1365 3986 1521 4056 militum.
1571 3987 1635 4056 ltlo-
1676 4015 1678 4018 ·

440 4123 702 4204 numentumque
743 4111 900 4181 victoriae
934 4111 1004 4180 eius
1039 4110 1080 4180 de
1113 4109 1232 4180 Poenis
1267 4132 1370 4203 usque
1404 4108 1445 4178 ad
1473 4111 1633 4178 incensum

439 4235 637 4326 Capitolium
664 4235 764 4304 luisse
791 4233 823 4302 in
851 4234 974 4324 templo
1001 4232 1146 4325 clipeum
1163 4233 1324 4303 Marcium
1343 4233 1548 4325 appellatum
1565 4253 1631 4300 com

439 4360 585 4452 imagine
611 4360 841 4430 Hasdrubalis.
892 4362 1004 4429 Livius
1035 4357 1095 4438 25,
1132 4356 1190 4438 39,
1225 4357 1379 4442 ter-17.
1489 4356 1549 4429 39.
1575 4357 1634 4424 Ne·

438 4509 525 4578 queo
552 4483 632 4554 mibi
669 4496 853 4575 temperare
884 4482 1060 4576 quominus
1094 4503 1198 4551 unum
1225 4482 1415 4574 exemplum
1441 4475 1634 4574 antiquitatis

437 4606 586 4686 afferam,
613 4628 655 4674 ex
681 4629 747 4699 quo
774 4606 913 4698 intelligi
940 4606 1042 4698 possit
1066 4604 1152 4697 apud
1167 4657 1171 4666 .
1185 4605 1344 4696 populum
1374 4604 1476 4673 etiam
1503 4604 1544 4673 de
1568 4599 1633 4670 cnl-

437 4733 518 4802 tnris
545 4729 666 4820 agendi
694 4751 820 4797 morem
848 4729 958 4810 luisse,
992 4729 1203 4821 qualiterque
1230 4728 1360 4799 delendi
1387 4728 1473 4798 soliti
1502 4731 1565 4798 sint
1588 4722 1629 4793 illi
