3554 5600
1282 657 1349 728 173

139 867 277 928 senator
302 855 437 950 quidem
456 865 633 937 manserat,
658 867 774 948 postea
799 877 900 947 quam
925 877 978 926 res
1003 854 1138 948 publica
1162 856 1264 926 armis
1289 879 1352 949 op-

138 1005 257 1074 pressa
283 993 342 1064 est,
369 991 401 1051 et
425 979 514 1052 idem
540 981 691 1062 victores,
721 979 780 1072 qui
808 979 939 1049 exsules
964 978 1108 1060 reduxit,
1138 980 1172 1048 in
1199 991 1350 1050 senatum

139 1120 213 1200 post
239 1115 442 1202 questurum
471 1102 627 1173 reductus
656 1112 714 1172 est.
767 1101 877 1186 Quem
903 1102 1064 1173 honorem
1100 1103 1145 1173 ita
1169 1104 1281 1195 gessit,
1315 1117 1352 1175 ut

139 1231 225 1302 nibil
254 1233 288 1301 iu
316 1255 356 1302 eo
382 1255 451 1300 non
481 1231 598 1302 venale
630 1230 785 1302 habuerit
827 1232 921 1302 cuius
951 1231 1071 1324 aliquis
1101 1244 1207 1303 emtor
1240 1232 1349 1303 luerit.

139 1358 188 1428 lta
214 1357 319 1448 igitur
344 1356 424 1448 egit,
460 1369 497 1428 ut
521 1356 608 1426 nibil
633 1379 700 1425 non
726 1378 860 1448 aequum
884 1378 923 1425 ac
946 1379 1063 1426 verum
1089 1356 1231 1439 duxerit,
1261 1357 1349 1450 quod

140 1481 204 1573 ipsi
233 1481 345 1552 lacere
363 1481 582 1552 collibuisset:
617 1503 726 1574 neque
752 1480 849 1551 aliter
871 1481 1002 1550 vexavit
1026 1505 1065 1550 ac
1083 1481 1205 1563 debuit,
1231 1483 1351 1576 siquis

138 1605 263 1698 praedae
291 1605 364 1676 loeo
390 1605 617 1697 magistratum
642 1604 833 1697 accepisset.
878 1607 1016 1674 Peracta
1033 1615 1210 1697 quaestura,
1236 1619 1351 1699 postea

141 1752 245 1821 quarn
280 1750 404 1820 magna
434 1727 588 1818 pignora·
608 1726 654 1794 eis
687 1726 833 1807 dederet,
872 1749 949 1797 cum
979 1729 1101 1822 quibus
1134 1728 1350 1799 similitudine

141 1853 217 1924 sitae
244 1875 281 1922 se
307 1850 537 1929 coniunxerat,
565 1871 650 1918 unus
676 1849 743 1920 iam
769 1873 812 1919 ex
836 1850 895 1921 illo
919 1873 1022 1943 grege
1042 1851 1224 1923 videbatur.
1268 1853 1349 1924 Eius

140 1978 231 2046 enim
257 1975 362 2070 partis
388 1974 560 2068 exemplar
585 1985 657 2042 erat
681 1975 860 2058 Salustius,
901 1996 968 2065 quo
993 1986 1160 2069 tamquam
1187 1977 1220 2046 in
1247 1978 1349 2048 imam

140 2100 337 2192 voraginem
363 2109 466 2169 emtus
490 2097 640 2168 omnium
666 2097 823 2168 vitiorum
848 2111 1043 2170 excesserat.
1088 2099 1258 2194 Quidquid
1284 2103 1350 2172 im-

140 2227 354 2319 pudicorum,
391 2223 562 2304 cillonum,
598 2220 851 2314 parricidarum,
890 2223 1138 2314 sacrilegorum,
1162 2224 1350 2295 debitorum

141 2351 201 2420 tuit
226 2351 263 2419 iu
290 2349 384 2430 urbe,
419 2346 620 2439 municipiis,
655 2347 805 2429 coloniis,
840 2345 935 2417 ltalia
961 2357 1037 2428 tota,
1077 2347 1162 2417 sicut
1187 2348 1220 2418 in
1247 2349 1348 2432 fretis,

140 2475 370 2555 subsederant,
398 2472 543 2543 nominis
559 2471 679 2565 perditi
701 2494 741 2542 ac
762 2471 936 2551 notissimi,
963 2472 1055 2541 nulla
1073 2472 1107 2540 in
1125 2482 1217 2565 parte
1235 2473 1349 2542 castris

141 2601 219 2693 apti,
239 2599 306 2669 nisi
325 2598 459 2669 licentia
475 2598 629 2668 vitiorum
648 2608 679 2667 et
696 2596 874 2689 eupiditate
891 2620 1003 2668 rerum
1021 2621 1195 2668 novarum.
1229 2621 1288 2670 vu.
1306 2601 1351 2670 at

142 2737 382 2818 posteaquam
408 2732 530 2815 praetor
554 2721 659 2792 lactus
677 2733 736 2802 est,
763 2720 908 2790 modeste
934 2743 970 2790 se
996 2721 1097 2812 gessit
1122 2732 1154 2792 et
1180 2723 1349 2794 abstinen-

142 2863 200 2922 ter.
237 2851 359 2920 Nonne
384 2848 430 2918 ita
454 2845 658 2941 provinciam
684 2845 832 2924 vastavit,
858 2855 894 2914 ut
918 2844 1003 2915 nibil
1028 2868 1137 2938 neque
1169 2848 1256 2938 passi
1285 2849 1351 2919 sint

142 2997 251 3070 neque
278 2971 498 3066 exspectarint
522 2969 657 3062 gravius
682 2969 763 3038 socii
788 2969 891 3038 nostri
917 2969 952 3039 in
972 2968 1074 3052 bello,
1101 2992 1201 3064 quam
1219 2974 1348 3066 experti

141 3099 273 3170 suntin
302 3118 396 3190 pace,
423 3094 486 3165 hoc
507 3094 652 3165 Africam
679 3094 870 3163 interiorem
892 3091 1081 3162 obtinente?
1115 3096 1203 3165 unde
1220 3107 1347 3168 tanturn

142 3224 195 3296 bic
220 3221 387 3302 exhausit,
421 3229 581 3312 quantum
607 3219 712 3312 potuit
738 3227 794 3288 aut
819 3217 884 3287 lide
909 3217 1083 3287 nominum
1117 3219 1265 3291 transiici
1291 3234 1348 3292 aut

143 3349 174 3418 in
192 3371 295 3419 naves
312 3344 474 3417 contrudi.
512 3346 665 3423 Tantum,
693 3342 840 3434 inquam,
860 3343 971 3410 Patres
988 3341 1167 3434 conscripti
1184 3342 1346 3426 exhausit,

142 3481 304 3566 quantum
329 3469 451 3540 voluit:
484 3491 526 3536 ne
552 3489 702 3537 caussam
728 3467 862 3542 diceret,
894 3464 1042 3534 sestertio
1068 3463 1245 3537 duodecies
1271 3491 1348 3540 cum

142 3597 272 3666 Caesare
300 3592 487 3687 paciscitur.
530 3589 681 3674 Quodsi
707 3590 877 3682 quippiam
904 3610 1018 3657 eorum
1045 3589 1164 3659 salsum
1189 3603 1257 3673 est3
1293 3594 1348 3665 hic

143 3719 250 3812 palam
280 3717 407 3797 refelle,
451 3715 539 3785 unde
565 3725 611 3794 tu,
647 3715 703 3807 qui
731 3713 899 3782 modone
926 3722 1097 3804 paternam
1124 3713 1259 3804 quidem
1285 3718 1347 3788 do-

143 3867 231 3914 mum
248 3841 415 3914 redimere
440 3838 597 3932 potueris,
622 3848 757 3930 repente
783 3849 951 3932 tamquam
972 3836 1100 3906 somnio
1117 3836 1241 3920 beatus,
1268 3842 1348 3913 hor-

143 3981 190 4038 tos
214 3965 482 4062 pretiosissimos,
509 3960 623 4033 villam
649 3961 778 4031 Tiburti
804 3962 841 4032 C.
864 3962 1015 4041 Caesaris,
1041 3960 1187 4053 reliquas
1212 3988 1347 4058 posses.

143 4093 250 4163 siones
277 4088 456 4184 paraveris.
499 4087 617 4178 Neque
642 4085 751 4178 piguit
779 4107 941 4179 quaerere,
984 4112 1042 4158 cur
1078 4111 1141 4182 ego
1171 4092 1207 4159 P.
1238 4091 1347 4162 Crassi

144 4215 279 4287 domum
314 4212 485 4283 emissem:
525 4232 601 4281 cum
635 4218 675 4278 tu
704 4209 824 4279 veteris
857 4209 946 4280 villae
975 4211 1127 4283 dominus
1157 4214 1214 4296 sis,
1252 4215 1346 4285 cuius

143 4341 242 4433 paulo
276 4349 352 4408 ante
387 4336 496 4406 finerat
529 4332 664 4406 Caesari
712 4332 823 4412 Modo,
862 4334 1010 4427 inquam,
1050 4337 1248 4428 patrimonio
1278 4360 1345 4406 non

144 4487 275 4534 comeso
300 4464 359 4533 sed
385 4462 550 4541 devorato,
582 4459 703 4552 quibus
728 4456 913 4528 rationibus
938 4468 1073 4551 repente
1096 4461 1199 4530 sactus
1221 4483 1255 4530 es
1276 4472 1346 4532 mm

144 4589 283 4661 affluens
309 4598 343 4657 et
368 4598 433 4658 tam
457 4584 595 4656 beatus?
640 4585 724 4652 Nam
751 4580 825 4674 quis
851 4591 882 4650 te
903 4583 1027 4654 laceret
1046 4583 1215 4670 heredem,
1245 4609 1345 4678 quem

146 4737 185 4784 ue
210 4715 355 4784 amicum
382 4711 516 4807 quidem
543 4731 638 4780 suum
665 4709 743 4777 satis
769 4707 943 4778 honestum
969 4710 1144 4803 quisquam
1164 4712 1227 4782 sibi
1245 4713 1344 4796 ducit,
