3610 5592
1322 665 1369 734 29

160 871 252 944 saepe
279 870 322 921 ex
346 851 506 945 prodigiis
531 857 698 949 aruspices
722 857 967 949 respondissent
983 859 1072 929 bello
1090 859 1179 931 civili
1197 874 1370 934 cruentum

161 977 246 1046 lore.
297 977 403 1068 Igitur
436 979 590 1071 perlectis
623 980 758 1064 litteris,
797 1004 872 1052 cnm
905 983 996 1076 prius
1037 1006 1152 1053 omnes
1185 984 1279 1076 sigua
1312 1009 1371 1057 sua

161 1103 413 1192 cognovissent,
452 1117 584 1176 senatus
622 1105 787 1188 decernit,
813 1108 861 1178 uti
887 1108 1037 1179 abdicato
1063 1110 1255 1202 magistratu
1280 1112 1371 1181 Len-

161 1230 252 1298 tulus
293 1229 439 1323 itemque
477 1230 577 1301 ceteri
611 1230 646 1301 in
677 1231 789 1302 liberis
828 1233 983 1304 custodiis
1009 1233 1205 1305 habeantur.
1256 1235 1370 1328 ltaque

161 1355 325 1424 Lentulus
359 1358 394 1425 P.
421 1357 563 1427 Lentulo
588 1356 771 1450 Spintheri,
810 1359 964 1452 quitum
1000 1359 1105 1429 aedilis
1132 1371 1215 1442 erat,
1249 1359 1371 1430 Cethe-

160 1499 225 1568 gus
243 1476 368 1561 Quinto
385 1479 582 1562 Cornificio,
610 1480 756 1551 Statilius
774 1481 814 1552 G.
833 1481 974 1563 Caesari,
1001 1481 1159 1553 Gabinius
1176 1487 1220 1556 hl.
1240 1483 1369 1565 Crasso,

161 1601 334 1693 Caeparius
371 1596 461 1690 (nam
496 1603 523 1672 is
559 1604 659 1696 paulo
696 1616 773 1674 ante
808 1627 850 1673 ex
888 1605 968 1696 fuga
1003 1614 1160 1676 retractus
1198 1601 1278 1696 erat)
1304 1607 1368 1678 Gn.

161 1723 321 1794 Terentio
346 1725 489 1796 senatori
516 1727 697 1797 naduntnr.

236 1869 355 1917 xxvru.
405 1848 535 1919 Interea
563 1849 656 1943 pleps
690 1849 915 1920 coniuratione
940 1853 1116 1944 patefacta,
1160 1875 1234 1946 quae
1259 1853 1369 1946 primo

161 1971 283 2065 cupida
316 1995 429 2044 rernm
467 1997 628 2045 novmum
663 1959 765 2045 nimis
798 1977 887 2046 bello
918 1976 1065 2060 favebat,
1097 1987 1220 2052 mutata
1258 1990 1369 2050 mente

160 2095 315 2166 Catilina
363 2097 500 2166 consilia
541 2099 710 2180 execrari,
758 2098 953 2170 Ciceronem
991 2099 1033 2170 ad
1067 2101 1186 2171 caelum
1234 2104 1367 2184 tollere;

159 2221 262 2292 veluti
295 2245 338 2292 ex
365 2224 520 2294 servitute
553 2233 666 2316 erepta
699 2224 857 2315 gaudium
895 2236 993 2319 atque
1027 2225 1174 2296 laetitiam
1212 2227 1368 2318 agitabat.

160 2349 313 2443 Namque
351 2349 417 2420 alia
447 2350 527 2420 belli
565 2349 712 2420 facinora
745 2349 867 2443 praedae
904 2351 1009 2443 magis
1039 2374 1140 2444 quam
1174 2351 1369 2421 detrimento

161 2473 246 2554 lore;
280 2473 472 2544 incendium
498 2497 575 2544 vero
601 2474 756 2556 crudele,
791 2475 1034 2546 inmoderatum
1060 2497 1099 2545 ac
1124 2476 1187 2546 sibi
1212 2497 1368 2544 maxume

161 2597 392 2667 calamitosum
423 2599 571 2690 putabat,
606 2597 728 2690 quippe
757 2599 810 2667 cui
838 2621 954 2668 omnes
989 2599 1092 2692 copiae
1124 2600 1157 2667 in
1191 2620 1252 2668 usn
1284 2596 1369 2667 coti·

161 2721 260 2791 diano
278 2731 312 2790 et
337 2720 428 2791 cultu
453 2722 599 2814 corporis
612 2731 715 2792 erant.
765 2723 841 2792 Post
866 2745 941 2792 eum
959 2723 1047 2793 diem
1073 2723 1207 2817 quidam
1226 2722 1265 2791 L.
1284 2721 1369 2790 Tar·

162 2846 296 2940 quinins
333 2847 375 2917 ad
400 2857 549 2918 senatum
588 2847 746 2917 adductus
772 2857 852 2928 erat,
888 2869 987 2939 quem
1021 2849 1063 2918 ad
1089 2846 1264 2916 Catilinam
1289 2868 1369 2938 pro-

162 2969 364 3040 ticiscentem
389 2993 432 3039 ex
456 2969 575 3040 itinere
599 2980 775 3040 retractum
801 2970 944 3040 aiebant.
995 2973 1026 3040 ls
1063 2993 1139 3040 cum
1176 2993 1211 3039 se
1245 2969 1369 3039 diceret

162 3095 384 3164 indicaturum
409 3093 449 3164 de
475 3094 720 3173 coniuratione,
746 3093 775 3162 si
799 3092 881 3163 fides
906 3093 1039 3186 publica
1065 3094 1138 3164 data
1165 3103 1264 3174 esset,
1298 3093 1369 3162 ius·

161 3241 214 3288 sns
239 3241 259 3290 a
286 3220 423 3288 consule
452 3241 525 3311 quar
551 3219 650 3289 sciret
675 3217 824 3300 edicere,
864 3218 980 3289 eadem
1005 3219 1090 3300 lere,
1130 3241 1204 3312 quae
1234 3216 1369 3287 Voltur-

162 3343 248 3424 cius,
276 3342 318 3412 de
342 3343 464 3436 paratis
489 3341 670 3424 incendiis,
697 3340 739 3411 de
757 3333 860 3412 ¹caede
886 3344 1067 3424 honorum,
1095 3341 1136 3412 de
1161 3341 1279 3412 itinere
1305 3340 1368 3410 ho-

96 3442 100 3450 ·
162 3467 258 3536 stium
285 3479 436 3538 senatum
462 3465 575 3546 docet;
613 3473 773 3559 praterea
807 3467 1002 3536 semissem
1028 3467 1117 3537 ahl.
1144 3466 1277 3549 Crasso,
1310 3467 1367 3560 qui

163 3589 313 3662 Catilinae
339 3591 523 3671 nuntiaret,
561 3613 604 3659 ne
639 3611 715 3660 eum
740 3590 902 3659 Lentulus
928 3599 961 3658 et
985 3587 1150 3682 Cethegus
1174 3591 1299 3684 aliique
1325 3613 1367 3660 ex

164 3713 388 3785 coniuratione
413 3713 611 3806 deprehensi
635 3722 811 3797 terrerent,
847 3736 953 3807 eoque
977 3713 1085 3804 magis
1109 3723 1301 3806 properaret
1326 3713 1367 3784 ad

164 3841 277 3910 urbem
311 3837 489 3920 accedere,
523 3861 591 3932 quo
624 3847 656 3906 et
688 3849 873 3909 ceterorum
905 3838 1032 3907 animos
1057 3837 1224 3920 reliceret,
1260 3849 1293 3907 et
1316 3838 1367 3908 illi

164 3963 289 4034 facilins
316 3986 335 4033 e
360 3963 509 4056 periculo
540 3962 756 4055 eriperentur.
809 3961 873 4032 Sed
906 3962 962 4032 ubi
987 3960 1186 4054 Tarquinius
1212 3961 1366 4032 Crassum

164 4087 354 4169 nominavit,
372 4087 541 4157 hominem
554 4085 712 4168 nobilem,
731 4085 894 4156 maxumis
911 4085 1043 4166 divitiis,
1062 4107 1191 4154 summa
1204 4086 1365 4178 potentia;

164 4210 218 4280 alii
246 4234 318 4281 rem
358 4209 587 4281 incredibilem
611 4209 689 4290 rati,
717 4233 792 4302 pars
818 4209 945 4280 mmcui
971 4230 1087 4278 verum
1113 4207 1365 4291 existumabant,

164 4343 269 4404 tamen
295 4335 378 4428 quia
401 4335 435 4404 in
462 4333 519 4403 tali
544 4345 693 4426 tempore
717 4345 808 4404 tanta
833 4333 882 4404 vis
908 4333 1050 4405 hominis
1075 4332 1182 4422 magis
1207 4332 1366 4404 leniunda

164 4481 260 4550 quam
286 4457 487 4550 exagitanda
512 4457 702 4539 videbatur,
735 4457 887 4551 plerique
912 4457 1029 4526 Crasso
1063 4478 1106 4524 ex
1131 4455 1271 4546 negotiis
1296 4459 1367 4551 pri-

164 4583 242 4652 vatis
267 4583 405 4653 obnoxii
430 4584 657 4664 conclamant,
691 4581 835 4652 indicem
860 4582 980 4650 salsum
1005 4601 1094 4663 csse,
1131 4579 1239 4673 deque
1264 4604 1303 4652 ea
1329 4605 1366 4652 re

164 4709 326 4798 postulant
352 4707 399 4777 nti
429 4708 602 4777 reseratur.
654 4708 768 4797 ltaque
803 4705 994 4774 consulente
1020 4703 1179 4774 Cicerone
1210 4706 1366 4798 frequens
