3610 5592
1337 627 1383 698 55

173 833 210 894 ct
234 833 375 914 argento
392 823 497 894 multu
514 824 653 894 Romam
671 825 797 914 legatos
810 823 921 906 mittit,
948 823 1022 916 quis
1047 825 1215 918 praecipit,
1240 826 1384 918 primum

173 947 222 1018 uti
248 958 375 1020 veteres
400 948 526 1020 amicos
554 948 749 1020 muneribus
783 948 957 1041 expleant,
992 939 1112 1019 deinde
1138 972 1239 1020 novos
1264 951 1385 1042 adqui-

173 1081 267 1143 rant:
295 1083 461 1164 postremo
487 1093 705 1164 quaecumque
722 1070 847 1164 possint
866 1070 1044 1162 largiundo
1069 1095 1187 1165 parare
1213 1096 1255 1144 ne
1282 1098 1385 1146 cunc-

174 1209 297 1270 tentur.
348 1198 414 1270 Sed
440 1199 498 1268 ubi
522 1200 661 1269 Romam
686 1199 788 1290 legati
821 1220 942 1268 venare
974 1209 1006 1268 et
1041 1221 1082 1268 ex
1107 1207 1271 1293 praeeepto
1296 1199 1385 1290 regis

175 1320 359 1413 hospitibus
383 1321 538 1415 aliisque,
565 1344 707 1414 quorum
733 1343 773 1390 ca
798 1330 989 1414 tempestate
1007 1322 1041 1391 in
1067 1332 1184 1392 senatu
1209 1322 1385 1392 auctoritas

177 1444 339 1539 pollebat,
367 1467 487 1536 magna
503 1467 643 1515 munera
661 1446 799 1526 misere,
826 1455 916 1514 tanta
938 1444 1152 1514 commutatio
1178 1445 1323 1528 incessit,
1351 1457 1387 1516 ut

177 1591 221 1638 ex
246 1591 402 1638 maxuma
426 1568 551 1640 invidia
576 1568 610 1637 in
637 1568 778 1658 gratiam
805 1577 837 1638 et
861 1567 1008 1638 savorem
1032 1567 1212 1638 nobilitatis
1225 1569 1386 1660 Iugurtha

177 1691 323 1772 veuirct;
358 1713 500 1784 quorum
525 1714 601 1784 pars
635 1713 709 1784 spe,
747 1690 804 1762 elii
830 1691 968 1784 premio
993 1690 1136 1774 inducti,
1170 1691 1318 1783 singulos
1344 1717 1387 1764 ex

175 1827 292 1892 senatu
316 1817 497 1888 ambiundo
521 1816 730 1899 nitebantur,
756 1839 799 1886 ne
825 1817 958 1909 grardm
984 1817 1018 1886 in
1044 1839 1121 1888 eum
1146 1818 1385 1890 consuleretur.

176 1943 300 2034 igitur,
326 1940 384 2012 ubi
409 1940 511 2032 legati
527 1941 604 2012 satis
621 1941 810 2024 confidunt,
838 1941 892 2013 die
917 1941 1111 2025 constituto,
1138 1953 1269 2013 senatus
1286 1943 1387 2013 utris-

176 2091 243 2162 que
268 2067 376 2139 datur.
426 2069 512 2138 Tum
536 2066 762 2138 Adherbalem
797 2065 862 2136 boc
886 2068 985 2139 modo
1011 2069 1157 2139 locutum
1182 2069 1386 2162 accepimus:

251 2213 323 2262 xrr.
377 2191 511 2262 «Panes
537 2191 722 2284 conscripti.
761 2191 897 2284 Micipsa
915 2201 1009 2284 pater
1025 2214 1119 2262 meus
1141 2192 1287 2262 moriens
1305 2193 1387 2264 mibi

178 2315 350 2409 praecepit,
376 2316 424 2386 uti
448 2317 545 2408 regni
570 2317 735 2388 Numidiae
761 2317 986 2388 tantummodo
1019 2318 1286 2410 procurationem
1312 2319 1387 2389 exi-

177 2451 359 2512 stumarem
388 2463 514 2524 meam,
553 2451 699 2513 ceterum
733 2441 784 2511 ius
810 2422 853 2512 et
880 2441 1057 2534 imperium
1093 2443 1164 2513 eius
1195 2465 1297 2536 pcucs
1330 2467 1387 2514 vos

178 2589 271 2648 essc3
296 2565 397 2638 simul
422 2566 566 2638 eniterer
591 2566 681 2637 dorni
705 2565 899 2659 militiaeque
914 2590 1014 2661 quam
1031 2591 1189 2638 maxumo
1216 2569 1291 2640 usui
1316 2591 1388 2640 esse

179 2693 302 2788 populo
328 2692 495 2770 Romnum
521 2713 579 2764 vos
596 2690 680 2762 mihi
697 2701 932 2783 cognatorum,
959 2715 1016 2762 vos
1043 2692 1077 2761 in
1103 2693 1264 2764 adfinium
1277 2694 1388 2764 locum

179 2819 355 2890 ducerem:
382 2817 410 2888 si
428 2840 467 2889 ee
488 2817 658 2898 iecissem,
684 2816 719 2886 iu
737 2827 845 2888 vestra
862 2818 1009 2888 amicitia
1031 2820 1227 2904 exercitum,
1246 2820 1388 2903 divitius,

180 2941 387 3014 munimenta
411 2941 508 3033 regni
533 2964 587 3010 mc
613 2939 815 3012 habiturum.
855 2940 939 3024 Quae
965 2965 1040 3012 oum
1057 2952 1222 3036 precepta
1246 2945 1389 3037 parentis

180 3065 248 3136 mei
273 3065 455 3158 agitarem,
480 3064 655 3154 iugurtha,
691 3065 790 3135 bomo
815 3065 984 3148 omnium,
1019 3087 1102 3157 quos
1128 3077 1215 3137 terra
1241 3069 1389 3150 sustinet,

180 3189 478 3271 sceleratissumus,
505 3199 691 3282 contempto
717 3189 857 3283 imperio
885 3199 1008 3273 vestro,
1040 3191 1222 3262 Masinissae
1248 3215 1303 3262 me
1328 3214 1390 3260 ne-

182 3325 292 3408 potem
318 3322 351 3384 et
375 3311 443 3385 iam
468 3311 510 3384 ab
536 3311 636 3405 stirpe
666 3313 792 3384 socium
817 3322 916 3407 atque
948 3314 1093 3386 amicum
1114 3314 1228 3407 populi
1248 3314 1391 3384 Romani

182 3459 287 3527 regno
325 3436 531 3530 fortunisque
556 3437 709 3508 omnibus
735 3438 873 3530 expulit.
922 3439 1031 3530 Atque
1058 3460 1139 3530 ego,
1169 3447 1277 3530 patres
1310 3462 1392 3508 con-

184 3561 313 3654 scripti,
340 3559 500 3652 quouiam
517 3581 557 3632 co
583 3560 790 3633 miseriarum
816 3571 973 3634 venturus
999 3583 1111 3643 eram,
1137 3561 1259 3632 vellem
1285 3563 1392 3656 potius

185 3687 227 3756 ob
251 3707 327 3755 mea
353 3703 455 3774 quam
471 3683 514 3754 ob
532 3683 693 3754 maiorum
721 3706 872 3755 meorum
897 3685 1060 3756 beneficia
1083 3708 1177 3779 posse
1195 3707 1248 3756 me
1262 3709 1283 3754 a
1299 3686 1392 3756 vobis

185 3811 349 3885 auxilium
389 3821 520 3901 petere,
561 3833 600 3880 ac
625 3832 781 3882 maxume
819 3809 935 3881 deberi
963 3810 1047 3880 mibi
1077 3809 1240 3880 beneficia
1277 3809 1393 3902 populi

186 3937 345 4019 Romani,
378 3937 499 4030 quibus
532 3960 598 4008 non
623 3959 775 4030 egerem,
813 3938 996 4008 secundum
1023 3960 1082 4020 ea,
1118 3937 1146 4006 si
1176 3935 1394 4007 desideranda

188 4074 293 4146 crant,
321 4061 369 4134 uti
394 4060 512 4132 debitis
525 4071 646 4133 uterer.
685 4061 749 4132 Sed
776 4061 935 4154 quoniam
961 4083 1079 4155 parum
1092 4070 1161 4132 tuta
1177 4083 1237 4153 per
1262 4083 1297 4128 se
1323 4059 1395 4152 ipsa

187 4185 331 4278 probitas
356 4196 421 4266 est,
447 4208 556 4278 neque
582 4185 666 4256 mibi
691 4185 725 4256 in
752 4208 853 4258 manu
876 4185 952 4268 suit,
978 4183 1139 4276 Iugurtha
1165 4183 1273 4276 qualis
1298 4184 1393 4266 foret,

188 4308 228 4382 td
261 4330 320 4380 ros
346 4308 500 4401 coniugi,
535 4319 645 4402 patres
671 4310 863 4403 conscripti,
889 4309 1027 4404 quibus,
1053 4309 1142 4402 quod
1167 4307 1250 4379 mibi
1274 4307 1394 4378 miser-

188 4457 320 4506 rumum
345 4445 413 4516 est,
440 4454 541 4525 cogor
566 4435 657 4526 prius
682 4436 777 4507 oneri
802 4457 903 4526 quam
929 4434 1004 4504 usui
1029 4455 1112 4504 esse.
1164 4433 1273 4504 Ceteri
1298 4454 1395 4524 reges

190 4569 244 4630 aut
267 4560 358 4634 bello
382 4558 460 4631 victi
484 4560 519 4630 in
544 4559 726 4634 amicitiam
751 4560 888 4632 anobis
913 4559 1037 4652 recepti
1062 4569 1153 4640 sunt,
1184 4570 1241 4628 aut
1267 4557 1300 4626 in
1327 4558 1395 4628 suis

191 4683 296 4760 dubiis
330 4683 429 4760 rebus
453 4685 643 4760 societatem
674 4694 815 4756 vestram
848 4684 1093 4777 appetiverunt3
1128 4683 1253 4754 familia
1285 4691 1396 4755 nostra
