3554 5600
430 681 502 752 220

429 880 572 973 superba
598 879 668 958 illa,
707 878 834 970 gravia
873 877 1011 968 indigna
1037 879 1189 948 Romano
1215 877 1355 970 imperio
1386 877 1624 947 existumantee.

429 1003 488 1073 51.
520 1003 596 1086 066
622 1004 772 1097 cupidius
799 1004 833 1074 in
865 1027 923 1074 ore
955 1003 1048 1075 (lueis
1073 1027 1144 1074 sese
1171 1003 1312 1098 quisque
1338 1003 1464 1073 bonum
1491 1013 1624 1074 616166-

430 1150 534 1198 nuum
558 1137 768 1198 ostentantes.
814 1127 873 1197 55.
905 1128 1115 1220 Seguntium.
1159 1129 1218 1200 56.
1254 1128 1431 1222 Pompeius
1463 1151 1538 1198 oum
1563 1128 1628 1196 ala·

431 1253 541 1323 oribus
566 1251 662 1332 saltu,
690 1274 764 1322 cum
791 1251 960 1323 velocibus
985 1276 1096 1333 eursu,
1123 1275 1199 1323 eum
1220 1251 1338 1322 validis
1362 1261 1455 1322 vecte
1481 1251 1628 1320 certabat

431 1379 548 1469 Neque
574 1375 664 1447 enim
690 1375 746 1446 ille
772 1375 869 1448 aliter
894 1377 1050 1470 potuisset
1076 1401 1136 1471 par
1165 1400 1238 1446 esse
1264 1377 1421 1456 Sertorio,
1457 1377 1519 1445 nisi
1544 1399 1577 1445 se
1600 1387 1628 1444 et

430 1500 552 1571 milites
576 1500 804 1594 frequentibus
829 1501 996 1572 exercitiis
1022 1511 1238 1596 preparasset
1262 1499 1305 1570 66
1324 1500 1451 1594 praelia.
1494 1501 1552 1570 57.
1570 1503 1629 1570 Ar·

432 1634 569 1715 gentum
594 1635 745 1696 mutuum
762 1625 940 1695 arcessivit.
984 1625 1042 1696 58.
1070 1627 1112 1697 Ut
1136 1635 1226 1696 16616
1252 1635 1389 1719 repente
1414 1626 1551 1695 mutatio
1570 1647 1627 1694 non

432 1751 505 1820 sine
521 1749 585 1820 666
601 1750 779 1822 videretur.
819 1751 878 1821 59.
905 1751 1021 1822 Castra
1038 1751 1110 1820 sine
1128 1751 1263 1820 volnere
1281 1750 1463 1821 introitum.
1499 1751 1557 1820 66.
1575 1751 1631 1818 Sa·

434 1875 575 1968 pontini,
618 1875 683 1946 666
708 1887 809 1970 atque
835 1877 993 1948 aerumnis
1023 1876 1138 1946 incluti
1174 1899 1241 1970 prae
1284 1876 1490 1955 mortalibus.
1530 1873 1630 1943 studio

434 2001 561 2070 maiore
587 2023 687 2092 quam
713 2002 849 2094 opibus,
887 2002 1011 2094 quippe
1038 2001 1125 2094 apud
1150 2024 1233 2094 quos
1260 2000 1361 2070 etiam
1386 2010 1455 2069 tum
1482 2000 1631 2069 semiruta

437 2127 572 2206 muenia,
603 2126 722 2196 domus
747 2126 875 2196 intectae
906 2127 1116 2218 parietesque
1141 2125 1341 2219 templorum
1361 2125 1505 2195 ambusti
1524 2146 1632 2193 manus

435 2249 576 2319 Punicas
601 2247 818 2318 ostentabant.
861 2249 921 2319 61.
947 2251 1106 2342 Vespera.
1151 2249 1209 2319 62.
1236 2251 1284 2318 116
1310 2247 1432 2317 fiducia
1457 2271 1558 2340 quam
1582 2270 1633 2316 ar-

436 2375 602 2466 gumentis
625 2375 832 2466 purgatiores
854 2373 1074 2444 dimittuntur.
1118 2373 1177 2443 63.
1204 2377 1247 2444 Et
1267 2374 1361 2443 Pteni
1387 2374 1498 2444 lerunt
1523 2372 1634 2441 adver·

435 2521 491 2568 sus
508 2523 586 2569 66.
606 2521 635 2566 6.
655 2521 698 2568 m.
735 2497 794 2569 61.
822 2498 1011 2570 Audaoiter.
1046 2498 1105 2568 65.
1131 2498 1296 2570 blmnibus
1313 2498 1476 2568 deturbat
1512 2499 1571 2569 66.
1588 2496 1633 2567 td

436 2621 500 2692 boo
525 2623 714 2694 rumoribus
740 2623 877 2693 advorsa
904 2623 939 2692 in
966 2625 1172 2717 pravitatem,
1198 2624 1342 2694 secunda
1367 2624 1402 2693 in
1420 2647 1547 2704 casum,
1572 2624 1635 2692 tor-

437 2755 554 2818 tunam
580 2747 615 2820 in
640 2748 859 2818 temeritatem
886 2748 1083 2819 declinando
1109 2749 1375 2844 corrumpebant.
1424 2751 1484 2820 67.
1510 2749 1634 2820 616666

436 2871 480 2941 ab
512 2870 637 2963 angulo
669 2871 796 2941 dexteri
831 2871 941 2941 lateris
975 2871 1016 2941 ad
1043 2873 1198 2964 paludem
1224 2872 1313 2944 baud
1339 2871 1455 2966 procul
1480 2883 1636 2942 remotam

439 2992 545 3064 duxit.
592 2993 653 3064 68.
689 2995 875 3066 Occurrere
900 2994 978 3064 6661
1008 3005 1040 3064 61
1070 2994 1224 3088 praelium
1248 2994 1445 3075 accendere,
1483 2995 1568 3065 adeo
1597 2993 1636 3063 uti

438 3116 573 3188 bletello
589 3116 624 3185 in
642 3137 771 3208 sagum.
791 3117 957 3188 Hirtuleio
971 3117 1005 3187 in
1019 3118 1194 3189 braobium
1208 3118 1274 3189 tela
1288 3120 1449 3189 venirent
1485 3119 1545 3189 69.
1563 3119 1638 3190 661-

345 3275 349 3286 ·
439 3239 489 3310 ‹tis
506 3250 604 3331 atque
622 3239 667 3310 ita
685 3240 845 3333 promptis
865 3241 1015 3324 ducibus,
1041 3253 1077 3312 ut
1093 3243 1245 3315 Metellus
1272 3244 1337 3313 ictu
1356 3241 1495 3334 tragula
1512 3244 1638 3314 saucia-

440 3389 488 3448 51.
510 3387 583 3448 1616.
604 3391 631 3449 9.
653 3391 680 3450 3.
702 3390 788 3450 Serv.
812 3392 853 3452 66
874 3391 951 3452 Aen.
975 3394 1021 3452 to.
1043 3395 1114 3454 376.
1153 3395 1200 3453 55.
1222 3391 1312 3453 Char.
1333 3411 1362 3472 p.
1384 3396 1452 3452 115.
1489 3395 1638 3470 ,3666611-

439 3512 544 3554 noruot
565 3493 688 3572 cottus,
714 3499 882 3576 8666611666
902 3498 1077 3574 Sallustius,
1104 3501 1138 3559 61
1157 3499 1272 3560 Paulus
1297 3500 1329 3560 16
1350 3497 1438 3559 cmlii
1464 3499 1535 3559 bist.
1564 3499 1638 3558 libro

439 3601 539 3678 primo
554 3595 667 3662 notat!
704 3606 752 3666 56.
763 3605 873 3682 Vogel.
887 3605 927 3665 66
938 3623 974 3665 66
985 3623 1022 3666 m.
1039 3609 1065 3666 1.
1077 3607 1104 3667 9.
1135 3606 1475 3668 5126166168661.
1508 3607 1555 3666 58.
1569 3604 1640 3666 Dor.

440 3707 482 3768 66
508 3706 582 3768 Eun.
607 3711 684 3769 52.
707 3712 754 3772 36.
783 3711 871 3772 Serv.
893 3711 934 3772 66
952 3713 1029 3773 Aen.
1052 3715 1078 3773 2.
1105 3714 1174 3774 632.
1204 3711 1261 3773 616.
1283 3712 1410 3790 Virgilii
1434 3711 1504 3772 1611
1530 3717 1640 3772 66116

441 3814 523 3874 Maio
546 3814 622 3876 66111
643 3833 672 3894 p.
694 3819 741 3878 33.
788 3821 836 3880 stt.
857 3818 945 3880 Serv.
966 3819 1007 3880 ad
1027 3819 1105 3880 Aen.
1129 3823 1176 3879 11.
1198 3821 1266 3880 236.
1315 3821 1363 3881 66.
1385 3817 1509 3879 1116666.
1531 3818 1640 3878 Gomm.

441 3921 644 3982 1611666666.
667 3926 742 3984 eb.
790 3927 838 3986 61.
859 3923 947 3986 (lber.
974 3944 1003 4005 p.
1026 3928 1093 3986 198.
1140 3928 1188 3987 62.
1208 3925 1285 3988 Non.
1307 3928 1376 3986 316.
1402 3929 1451 3986 21.
1496 3925 1584 3986 Serv.
1605 3925 1643 3986 66

442 4027 518 4087 Aen.
542 4031 571 4087 2.
592 4030 639 4090 et.
661 4028 739 4092 Don.
760 4030 801 4091 66
821 4031 942 4094 Pborm.
965 4037 992 4092 1.
1015 4035 1042 4092 1.
1059 4035 1107 4092 28.
1128 4033 1241 4110 lleoyr.
1262 4035 1289 4092 1.
1313 4035 1401 4094 1.13.
1423 4033 1493 4093 1666
1508 4037 1642 4094 extremo

441 4133 510 4193 baeo
530 4135 626 4194 verba
653 4137 807 4214 leguntur:
839 4139 882 4198 lto
904 4139 1016 4212 fibteto
1040 4155 1126 4218 qttaro
1146 4143 1323 4218 orpumentr's
1345 4144 1501 4218 6666661166
1527 4157 1569 4214 er,
1590 4137 1644 4198 sed

443 4240 483 4300 66
504 4241 585 4300 idom
607 4241 808 4321 fragmentum
829 4243 977 4306 referunt.
1019 4246 1068 4306 63.
1089 4244 1165 4308 Don.
1186 4247 1227 4306 ad
1240 4245 1362 4306 Phorm.
1385 4251 1411 4305 1.
1433 4248 1460 4305 3.
1482 4249 1530 4306 19.
1551 4246 1644 4305 verba

442 4346 486 4408 ita
507 4349 644 4425 explent:
675 4351 804 4427 Mosam
817 4355 948 4411 66661661
967 4359 1071 4412 eontra
1098 4351 1253 4412 16616166
1275 4352 1358 4428 quod
1379 4370 1439 4428 qno
1468 4357 1645 4430 argumento

443 4453 632 4532 oonbrmont,
659 4458 800 4532 equidem
820 4459 934 4519 neseio.
982 4461 1031 4520 61.
1051 4460 1150 4520 Ρ6166.
1176 4461 1273 4519 151.
1295 4461 1363 4519 625.
1410 4458 1557 4520 651166.
1581 4461 1645 4518 tat.

444 4560 613 4624 11611666.
662 4565 710 4624 66.
733 4563 808 4624 Ν66.
833 4567 899 4625 385.
924 4569 951 4624 b.
994 4568 1041 4628 tt.
1065 4565 1152 4626 Serv.
1175 4566 1216 4626 66
1236 4565 1313 4626 Aen.
1340 4571 1366 4626 1.
1388 4561 1458 4626 423.
1499 4567 1547 4626 68.
1572 4563 1645 4626 Non.

445 4670 512 4728 538.
534 4671 581 4729 20.
603 4668 727 4730 luerunt
747 4672 800 4746 qui
821 4673 1024 4733 ooniioerent:
1046 4675 1210 4734 [1666166666
1225 4673 1320 4733 duca.
1362 4674 1410 4734 69.
1431 4673 1644 4734 16663961,

445 4775 487 4834 ibi
509 4775 634 4852 legitur:
658 4778 810 4854 tutoque
830 4783 870 4838 itu
887 4783 1026 4854 promptia
1049 4783 1119 4839 553.
1134 4782 1181 4840 et.
1205 4781 1392 4840 Aoidiammla
1414 4785 1498 4858 otqtts
1509 4781 1645 4854 promptis
