3526 5604
1256 599 1328 666 277

123 795 221 866 ltalia
245 807 332 865 atras
358 819 472 889 capras
497 797 583 866 lacte
609 796 722 866 album
749 795 884 866 babere.
933 798 1097 866 Charisius
1124 796 1155 878 1,
1185 796 1242 875 18.
1269 795 1328 868 21.

123 920 184 990 59.
211 921 346 990 Porcius
372 922 453 992 Cato
478 921 677 991 Sabinorum
709 943 831 991 nomen
867 921 912 990 ait
946 933 1055 991 ortum
1092 943 1163 990 esse
1196 921 1329 991 aSabo

124 1045 225 1114 Sanci
254 1045 340 1126 lilio,
380 1045 439 1137 qni
464 1048 591 1115 Sancus
624 1046 694 1115 cius
720 1046 828 1136 gentis
864 1044 946 1115 deus
981 1045 1022 1114 sit
1055 1057 1086 1114 et
1112 1069 1132 1115 a
1158 1046 1329 1115 nonnullis

123 1170 207 1240 Dius
240 1171 354 1240 Fidius
389 1171 586 1262 appelletur.
641 1170 785 1240 Primam
815 1193 930 1240 eorum
962 1171 1072 1240 sedem
1103 1169 1199 1240 docet
1228 1170 1329 1241 fuisse

125 1293 235 1363 unum
261 1294 430 1387 quendam
455 1293 640 1362 Tostrinam
667 1295 814 1376 nomine,
847 1294 904 1386 qui
931 1317 996 1362 non
1023 1295 1139 1386 procul
1165 1295 1206 1363 ab
1231 1294 1329 1365 Ami-

125 1431 219 1488 terno
245 1420 345 1499 absit;
380 1417 458 1488 inde
489 1419 656 1511 proiectos
682 1418 821 1488 Sabinos
847 1418 881 1486 in
913 1439 1032 1508 agrum
1058 1418 1215 1488 invasisse
1242 1419 1329 1488 Rea-

125 1544 242 1625 tinum,
268 1566 368 1635 quem
393 1553 463 1613 tum
484 1542 684 1633 Aborigines
710 1564 842 1634 qnoque
868 1542 1078 1622 incoluerint,
1106 1554 1138 1612 et
1163 1541 1330 1612 nobilissi-

126 1690 214 1736 mam
249 1691 364 1738 eorum
401 1669 518 1738 urbem
548 1667 691 1760 Gotylias
722 1678 946 1759 expugnatam
982 1666 1137 1736 tenuisse.
1188 1667 1275 1736 Dein
1310 1689 1329 1735 e

126 1792 263 1860 lleatino
289 1796 371 1884 agio
398 1792 537 1862 coloniis
563 1792 670 1861 missis
696 1813 772 1860 cum
791 1791 894 1860 multa
911 1789 976 1860 alia
994 1789 1128 1883 oppida,
1154 1814 1241 1884 quae
1258 1791 1329 1860 sine

126 1917 229 1985 muris
251 1916 386 1998 luerint,
412 1927 481 1986 tum
508 1917 611 1987 Cures
635 1937 770 2009 quoque
796 1914 993 1984 condidisse.
1036 1915 1162 1987 Abesse
1186 1916 1330 1986 Sabino-

126 2063 199 2110 rum
225 2052 348 2110 terram
374 2042 416 2111 ab
444 2039 637 2111 Hadriatico
662 2039 747 2110 mari
777 2038 906 2108 circiter
932 2037 1038 2108 stadia
1071 2039 1211 2109 duacum
1237 2050 1330 2109 octo-

128 2165 227 2254 ginta,
265 2189 284 2236 a
315 2165 488 2258 Tyrrheno
514 2165 655 2235 ducenta
683 2163 913 2255 quadraginta,
941 2165 973 2231 io
1001 2163 1242 2254 longitudinem
1268 2187 1330 2257 pa-

129 2301 196 2358 tere
220 2290 323 2382 paulo
348 2288 459 2359 minus
484 2289 576 2358 mille
603 2288 727 2358 stadiis.
775 2291 834 2358 Est
858 2297 1031 2379 praeterea
1060 2289 1125 2357 alia
1153 2289 1186 2358 in
1213 2289 1330 2358 dome-

130 2414 215 2484 sticis
240 2414 440 2483 Sabinorum
467 2413 611 2483 historiis
643 2413 761 2484 tradita
791 2413 937 2483 narratio
964 2412 1057 2494 baec,
1096 2414 1224 2484 venisse
1251 2413 1330 2483 illuc

129 2537 465 2608 Lacedaemoniorum
483 2537 660 2619 coloniam,
686 2561 753 2631 qno
779 2549 927 2629 tempore
944 2540 1116 2630 Lycurgus
1134 2591 1142 2607 .
1163 2592 1171 2608 .
1192 2591 1200 2607 .
1228 2541 1330 2631 Spar-

130 2661 211 2730 tanis
236 2662 328 2752 leges
354 2659 501 2730 condidit
526 2671 587 2729 etc.
614 2661 790 2751 Dionysias
807 2661 883 2731 Hal.
899 2660 933 2740 2,
956 2657 1016 2731 49.
1057 2661 1137 2730 Cato
1163 2672 1272 2731 autem
1298 2675 1331 2731 et

131 2785 254 2856 Gellius
271 2809 291 2854 a
308 2785 396 2855 Sabo
413 2785 679 2856 Lacedaemonio
698 2785 828 2854 trabere
846 2807 901 2854 eos
919 2785 1082 2876 originem
1101 2787 1250 2855 referunt
1268 2840 1275 2855 .
1297 2840 1304 2856 .
1322 2840 1329 2856 .

130 2908 326 2980 Sabinorum
361 2911 460 2980 etiam
490 2931 598 2979 mores
630 2910 789 3003 populum
822 2912 1009 2981 Romanum
1042 2921 1203 2989 secutum,
1242 2910 1330 2979 idem

131 3033 207 3104 Cata
225 3034 314 3104 dicit.
358 3035 487 3105 Scroim
503 3036 548 3104 od
569 3035 655 3125 Vorg.
681 3036 759 3104 deo.
778 3031 813 3114 8,
837 3030 920 3105 638.
1022 3035 1082 3104 60.
1107 3033 1221 3114 Tibur,
1248 3035 1332 3102 sieut

130 3157 207 3228 Cato
241 3159 321 3228 lacit
358 3159 598 3239 testimonium,
637 3181 656 3228 a
686 3153 806 3229 Catill'o
831 3158 976 3240 Arcade,
1016 3158 1185 3250 praelecto
1219 3158 1332 3227 classis

132 3281 288 3366 Euandri,
312 3280 525 3368 [conditum]
544 3282 673 3351 Solium
690 3282 798 3373 Polyb.
817 3279 852 3353 8.
954 3283 1012 3351 61.
1040 3284 1121 3354 Cato
1139 3281 1333 3352 insecundo

132 3405 325 3497 Originum:
360 3405 395 3474 in
421 3427 539 3496 campo
564 3405 693 3474 Tiburti
719 3405 776 3475 ubi
803 3406 942 3475 ordeum
968 3404 1157 3484 demessuit,
1185 3403 1272 3473 idem
1299 3410 1332 3473 in

131 3529 294 3600 montibus
319 3529 410 3610 serit,
437 3529 494 3599 ubi
519 3528 659 3598 ordeum
685 3527 774 3598 idem
797 3529 915 3598 iterum
933 3529 1037 3598 metit.
1076 3527 1260 3597 [bisannas
1276 3526 1332 3610 10,

131 3649 164 3732 8,
176 3651 237 3725 47.
277 3656 315 3723 dc
338 3655 502 3724 duodecim
524 3675 603 3722 aera.
629 3654 707 3721 dor.
726 3649 760 3733 7,
791 3649 870 3722 132.
972 3653 1030 3722 62.
1059 3648 1174 3739 [CaJto
1200 3653 1233 3720 in
1252 3651 1333 3722 Ori·

133 3778 262 3866 ginibus
288 3781 344 3860 ait,
378 3778 559 3848 Caeculum
584 3777 730 3867 virgines
756 3799 877 3870 aquam
904 3788 1051 3868 petentes
1081 3777 1114 3845 in
1142 3777 1215 3845 ioco
1240 3776 1335 3844 inve-

132 3902 216 3972 nisse
243 3902 386 3994 ideoqne
412 3902 553 3971 Vulcani
580 3897 703 3985 [lilium
730 3923 806 3970 enm
830 3899 1052 3988 ex]istimasse
1076 3912 1118 3982 et,
1145 3899 1234 3992 quod
1253 3923 1335 3970 oeu-

133 4025 178 4094 los
211 4027 351 4117 exiguos
383 4025 538 4108 baberet,
579 4026 759 4097 Caeculum
793 4025 1007 4117 appellatum.
1054 4026 1118 4094 Hic
1144 4023 1335 4094 collecticiis

133 4149 315 4240 pastoribus
356 4147 489 4236 [urbem
527 4148 721 4237 Praene]ste
771 4151 929 4219 brndavit.
982 4149 1109 4220 Sabalia
1151 4148 1337 4217 Veronmsio

134 4276 174 4342 od
201 4275 290 4367 Verg.
316 4275 393 4344 den.
421 4273 455 4354 i,
488 4272 572 4345 681.
612 4275 693 4345 Cato
727 4273 824 4345 dicit:
864 4275 942 4365 quia
977 4274 1004 4342 is
1044 4274 1136 4342 locus
1172 4272 1336 4340 montibus

134 4411 283 4487 praestet,
319 4400 496 4469 Praeneste
522 4397 646 4491 oppido
672 4421 792 4467 nomen
824 4398 925 4467 dedit.
974 4397 1102 4466 Servius
1128 4398 1172 4465 ad
1197 4397 1273 4464 deo.
1302 4392 1336 4474 7,

135 4519 213 4594 682.
315 4521 374 4594 63.
402 4524 560 4594 Catonem
578 4523 739 4613 sequitur,
766 4523 823 4615 qui
838 4522 1005 4592 Albanum
1032 4530 1177 4590 montem
1197 4520 1237 4589 ab
1253 4518 1337 4589 Alba

136 4647 244 4740 Longa
271 4659 363 4740 putat
388 4647 523 4718 dictum.
560 4649 689 4717 Servius
714 4649 756 4716 od
783 4649 857 4716 den.
889 4646 943 4727 12,
975 4645 1054 4716 134.
1161 4646 1218 4714 bl.
1247 4643 1337 4714 ldem
