3554 5600
1278 624 1345 694 193

135 817 321 910 patefactos
354 828 455 913 atquc
481 817 659 888 illustratos
689 828 803 888 cernat
833 841 942 914 neque
972 831 1135 891 contectos
1162 817 1262 893 luisse
1287 845 1346 892 seu

135 941 371 1036 superstitione
404 943 531 1012 cruenti
559 941 770 1024 sacramenti,
809 966 868 1014 seu
897 945 1041 1015 tenebris
1074 946 1254 1028 nocturnis,
1288 969 1346 1016 seo

136 1067 317 1137 solitudine
344 1066 493 1137 locorum
518 1065 725 1160 permaxima
751 1077 785 1136 et
805 1068 976 1159 singulari.
1020 1069 1217 1139 contundite
1235 1071 1346 1162 igitur,

136 1189 341 1272 contundite,
374 1189 515 1272 ludices,
548 1211 655 1282 genus
681 1189 765 1261 istud
793 1190 934 1261 inauditi
964 1192 1104 1263 luroris:
1139 1195 1347 1287 comprimite

137 1315 309 1386 bominem
334 1314 527 1406 gestientem
554 1313 721 1384 effrenata
744 1314 937 1398 temeritate,
964 1315 1161 1408 llagrantem
1187 1317 1348 1390 inusitatis

138 1441 386 1534 cupiditatibus,
426 1439 589 1510 liuentem
621 1439 809 1510 incredibili
838 1442 1005 1534 superbia,
1040 1465 1097 1536 spe
1122 1442 1348 1514 novandarum

137 1589 253 1636 rerum
285 1564 482 1636 mirabiliter
509 1564 771 1634 inllammatum:
812 1566 892 1657 quin
922 1565 1021 1636 etiam
1047 1591 1118 1637 rem
1154 1567 1258 1660 ipsam
1283 1591 1348 1661 pu-

137 1689 262 1759 blicam
278 1710 346 1757 non
365 1688 463 1758 modo
480 1679 600 1758 eventu
620 1688 858 1760 crudelissima
876 1690 1082 1772 calamitatis,
1109 1713 1226 1761 verum
1247 1691 1345 1761 etiam

137 1823 230 1882 metu
257 1835 296 1882 ac
321 1813 506 1906 suspicione
532 1811 681 1882 liberate.

212 1959 299 2007 xxu.
350 1936 503 2008 Diximus
526 1935 681 2030 equidem
701 1935 905 2006 sufficienter
930 1935 970 2006 de
995 1938 1158 2006 senatoria
1183 1937 1347 2008 simultate

139 2061 237 2132 Lucii
256 2059 420 2144 Catilinae,
453 2062 560 2154 capite
583 2082 623 2129 ac
649 2061 738 2130 lonte
764 2061 933 2131 sceleratae
958 2061 1195 2132 coniurationis
1228 2085 1347 2156 resque

138 2211 265 2261 omnes
298 2188 464 2280 complexi
490 2208 620 2268 sumus,
654 2209 738 2279 quas
762 2187 884 2257 aluisse
915 2187 1061 2258 furorem
1091 2187 1185 2259 illum
1212 2210 1251 2257 ac
1276 2187 1347 2280 pri-

139 2341 232 2388 mum
259 2315 452 2388 excitavisse
479 2312 709 2384 iudicavimus.
754 2315 852 2383 Nunc
876 2311 1055 2384 videndum
1081 2323 1131 2382 est
1155 2312 1196 2383 de
1220 2312 1346 2382 ratione

138 2441 329 2512 ambitionis
353 2440 522 2511 teterrime
548 2449 647 2532 atque
674 2439 847 2522 exitiabili,
873 2461 939 2533 qua
964 2438 1199 2531 deflagravisse
1224 2461 1347 2532 perpe-

138 2579 194 2638 tuo
212 2567 391 2639 Catilinam
417 2564 580 2658 superiori
606 2563 767 2634 divisione
793 2563 1100 2634 demonstravimus.
1144 2562 1346 2657 Cupiditates

139 2692 295 2785 equidem
330 2690 490 2785 plurimas
523 2689 559 2760 in
592 2688 652 2758 illo
687 2697 834 2757 monstro
879 2687 1089 2758 calamitosas
1126 2711 1165 2758 ac
1203 2689 1345 2760 nefarias

138 2839 254 2888 omncs
280 2838 440 2909 persaepe,
467 2813 605 2896 iudices,
631 2812 868 2884 animadverti:
905 2810 1078 2882 libidinem
1106 2835 1206 2884 unam
1230 2815 1346 2908 perni-

139 2941 357 3012 ciosissimam
388 2941 421 3010 in
453 2939 569 3034 primis
594 2939 786 3032 conspicere
811 2938 902 3008 visus
917 2927 999 3008 ‘sum
1024 2939 1208 3010 temerariae
1233 2939 1346 3010 cuius-

139 3066 217 3136 dam
251 3077 352 3157 atque
385 3061 635 3134 inconsideratae
668 3061 877 3133 ambitionis:
927 3084 994 3154 qua
1027 3060 1111 3132 duce
1149 3083 1344 3155 properasse

140 3213 200 3262 nec
226 3190 297 3261 ullo
323 3187 431 3258 studio
456 3209 601 3282 unqum
628 3185 937 3257 consciscendarum
966 3208 1068 3279 opum
1096 3208 1158 3256 nec
1189 3186 1258 3257 ullo
1284 3186 1345 3256 de-

138 3315 262 3384 siderio
288 3313 487 3406 dignitatum
513 3311 709 3383 abstinuisse
735 3320 903 3405 reputatus
929 3321 988 3382 est.
1029 3311 1168 3381 Putabat
1193 3311 1343 3381 enimse

141 3439 261 3510 lrnstra
286 3435 492 3508 nobilissimo
517 3457 639 3527 genere
665 3445 791 3516 natum,
817 3434 938 3505 frustra
958 3433 1094 3504 virtutes
1111 3434 1251 3505 eximias
1268 3458 1344 3506 cor·

140 3565 228 3657 poris
254 3573 355 3655 atque
381 3559 484 3630 animi
510 3568 722 3629 consecutum
754 3557 866 3640 luisse,
901 3557 936 3627 ni
965 3557 1078 3628 omnia
1108 3556 1218 3628 divina
1244 3569 1344 3654 atque

141 3688 286 3758 hnmana
304 3683 583 3756 truculentissimo
600 3705 724 3775 genere
747 3681 934 3776 cupiditatis
958 3682 1208 3778 inquinavisset,
1242 3707 1344 3778 quos-

141 3838 202 3908 que
232 3811 393 3884 cernebat
424 3811 587 3880 excellere
618 3811 732 3880 Rome
764 3807 952 3901 prestantia
983 3809 1129 3902 quadam
1161 3809 1341 3902 dignitatis,

142 3939 345 4010 beatissimos
378 3958 435 4006 eos
472 3956 543 4003 esse
578 3944 610 4002 et
642 3931 714 4002 sine
748 3930 849 4003 dubio
884 3930 956 4002 Diis
987 3931 1239 4024 equiparandos
1272 3932 1342 4002 lore

141 4060 374 4134 arbitrabatur.

212 4209 312 4258 xxm.
364 4185 399 4254 ld
426 4206 530 4276 genus
556 4203 686 4253 vesana
716 4180 924 4273 cogitationis
950 4179 1119 4250 bominem
1144 4191 1258 4272 suapte
1278 4205 1342 4250 na·

143 4323 213 4382 tura
237 4309 443 4404 precipitem
469 4319 568 4401 atquc
593 4304 873 4376 inconsideratum
903 4303 1062 4397 compulit
1086 4305 1120 4373 in
1145 4303 1343 4374 abominan-

143 4435 199 4508 das
223 4461 262 4508 ac
289 4435 432 4507 nefarias
463 4433 537 4504 vitae
563 4432 767 4526 cupiditates,
802 4432 897 4524 isque
922 4454 1030 4524 nuper
1055 4429 1195 4500 comitiis
1219 4450 1342 4499 consu-

144 4561 264 4632 laribus
291 4553 436 4653 (quando
458 4557 593 4650 quidem
620 4555 778 4646 suffragia
806 4553 907 4625 curiae
938 4563 1072 4646 propter
1096 4550 1339 4644 impendentem

144 4695 263 4755 metum
282 4682 426 4755 Parthici
453 4682 534 4754 belli
560 4681 736 4772 diligenter
759 4679 933 4748 enucleata
957 4672 1044 4766 sunt)
1077 4696 1159 4767 quas
1176 4696 1241 4744 non
1260 4676 1342 4746 adiit
1419 4769 1422 4776 A

1141 4799 1178 4856 13
