3582 5594
1276 619 1340 687 tlt

142 838 176 895 ut
200 823 484 906 animadvortatis,
514 845 581 893 nen
606 822 741 892 nomina
767 841 879 890 rerum
905 819 947 889 ad
973 819 1139 911 ignaviam
1170 828 1346 904 mutantes,

140 950 245 1018 otium
277 970 337 1040 pro
362 947 496 1018 servitio
520 945 703 1039 appelletis.
754 943 830 1027 Quo
856 942 923 1012 iarn
949 943 1022 1035 ipso
1047 943 1124 1024 lrni,
1157 944 1186 1013 si
1210 967 1289 1015 vera
1315 957 1348 1016 et

142 1071 279 1142 honesta
298 1072 463 1162 flagitium
480 1070 696 1164 superaverit,
723 1090 790 1138 non
815 1079 863 1137 est
884 1067 1051 1146 condicio;
1077 1068 1201 1150 luisset,
1227 1071 1255 1139 si
1272 1094 1348 1141 orn-

141 1199 220 1266 nino
255 1196 441 1287 quiessetis.
491 1197 588 1265 Nunc
622 1193 772 1264 animum
807 1192 992 1273 advortere,
1032 1203 1064 1261 et
1095 1194 1160 1263 nisi
1190 1194 1346 1276 viceritis,

141 1319 302 1413 qnoniam
334 1319 443 1388 omnis
477 1318 600 1388 iniuria
625 1316 785 1410 gravitate
815 1317 915 1387 tutior
940 1327 999 1398 est,
1038 1318 1139 1388 artius
1163 1317 1345 1390 habebunt.

142 1444 230 1528 Quid
256 1466 374 1514 censes
399 1442 524 1533 igiturl
561 1441 680 1535 aliquis
708 1452 853 1511 vestrum
878 1440 1065 1512 subiecerit.
1109 1443 1256 1512 Primum
1274 1466 1348 1514 onr-

142 1569 235 1638 ninm
261 1566 482 1637 omittendum
508 1587 635 1635 morem
660 1564 761 1649 hunc,
788 1587 888 1660 quern
909 1567 1015 1657 agitis,
1043 1568 1182 1660 inpigrae
1211 1569 1346 1660 linguae,

142 1693 246 1762 animi
282 1691 405 1782 ignavi,
440 1711 506 1758 non
540 1688 627 1759 ultra
657 1691 818 1760 contionis
850 1690 960 1761 locum
987 1714 1149 1763 memores
1176 1693 1346 1763 libertatis.

144 1816 275 1886 Deinde
310 1811 364 1904 (ne
398 1836 454 1884 vos
486 1813 527 1883 ad
557 1812 667 1882 virilia
702 1814 761 1884 illa
792 1837 920 1896 vocem,
960 1838 1027 1909 quo
1052 1815 1200 1886 tribunos
1225 1816 1347 1908 plebei,

144 1940 242 2010 modo
270 1939 446 2032 patricium
478 1936 727 2026 magistratum,
767 1937 872 2008 libera
904 1938 944 2006 ab
978 1939 1168 2009 auctoribus
1201 1940 1348 2032 patriciis

142 2063 302 2154 suffragia
318 2061 461 2130 maiores
485 2060 585 2130 vestri
609 2055 782 2152 paravere)
808 2083 884 2131 cum
909 2060 958 2132 vis
984 2061 1102 2144 omnis,
1128 2062 1287 2146 Quirites,
1313 2064 1348 2132 in

142 2189 234 2259 vobis
267 2186 319 2266 sit,
358 2196 392 2254 et
422 2207 497 2279 quae
536 2184 626 2254 iussa
657 2206 747 2254 nunc
778 2207 838 2274 pro
873 2184 946 2254 aliis
971 2185 1129 2265 toleratis,
1169 2209 1230 2279 pro
1255 2187 1349 2258 vobis

143 2335 243 2404 agere
278 2322 335 2381 aut
365 2332 433 2378 non
468 2331 568 2401 agere
603 2319 692 2378 certe
716 2307 856 2401 possitis,
894 2310 1006 2378 lovem
1032 2320 1089 2379 aut
1118 2310 1222 2380 alium
1247 2335 1348 2404 quern

143 2436 244 2506 deum
278 2435 503 2504 consultorem
528 2432 731 2526 expectatis?
779 2435 899 2522 blagna
928 2432 986 2503 illa
1012 2434 1185 2504 consulum
1209 2436 1349 2529 imperia

144 2572 175 2629 ct
200 2571 331 2652 patrum
358 2558 503 2637 decreta,
537 2579 596 2626 vos
622 2555 818 2648 exequendo
843 2568 914 2626 rata
941 2557 1081 2640 efficitis,
1111 2558 1268 2642 Quirites,
1295 2562 1349 2632 ul-

144 2697 261 2776 troque
299 2681 467 2751 licentiam
506 2680 540 2749 in
576 2702 635 2749 ros
669 2691 802 2750 auctum
840 2690 940 2773 atque
974 2681 1121 2752 adiutum
1154 2685 1348 2777 properatis.

145 2809 259 2899 Neque
286 2829 350 2898 ego
374 2827 434 2876 vos
459 2806 566 2874 ultum
592 2803 730 2874 iniurias
747 2802 881 2886 bortor;
910 2803 1016 2896 magis
1041 2806 1090 2876 uti
1115 2807 1265 2899 requiem
1291 2831 1350 2879 ca·

144 2931 259 3024 piatis:
285 2953 396 3022 neque
414 2927 605 3006 discordias,
632 2936 668 2996 ut
693 2925 743 2995 illi
769 2926 1009 3010 criminantur..
1023 2928 1081 2998 sed
1106 2951 1222 3000 earnm
1247 2931 1349 3003 finem

144 3056 270 3137 rolens,
296 3054 369 3123 iure
395 3052 544 3144 gentium
570 3071 624 3119 res
650 3060 782 3142 repeto:
809 3062 842 3119 et
866 3051 895 3121 si
916 3051 1129 3144 pertinaciter
1148 3055 1348 3139 retinebunt,

144 3201 212 3248 non
238 3201 333 3248 arma
357 3199 467 3270 neque
493 3174 722 3257 secessionem,
761 3174 988 3245 tantummodo
1019 3199 1061 3246 ne
1095 3179 1238 3271 amplius
1272 3203 1350 3250 san-

144 3304 281 3396 gninem
308 3312 452 3371 vestrum
477 3298 664 3392 prebeatis,
698 3298 850 3368 censebo.
904 3299 1027 3369 Gerant
1056 3300 1264 3397 habeantque
1289 3327 1350 3375 suo

145 3427 244 3498 modo
269 3424 429 3517 imperia;
463 3431 613 3516 quaerant
638 3422 806 3503 triumlos;
841 3422 1077 3505 Mithridatem,
1111 3427 1293 3498 Sertorium
1318 3439 1351 3498 et

145 3551 307 3644 reliquias
339 3550 475 3621 exulum
508 3560 751 3641 persequantur
781 3571 857 3618 curn
892 3549 1095 3640 imaginibus
1128 3553 1206 3622 suis.
1255 3555 1351 3625 Absit

145 3676 332 3769 pericnlum
357 3685 390 3744 et
414 3673 518 3755 labos,
553 3672 674 3766 quibus
699 3672 793 3742 nulla
817 3695 894 3765 pars
920 3674 1045 3745 lructus
1072 3685 1139 3756 est;
1176 3676 1240 3746 nisi
1266 3678 1350 3747 lorte

145 3798 320 3892 repentina
346 3797 408 3866 ista
433 3795 651 3864 frumentaria
676 3795 750 3885 lege
776 3796 892 3866 munia
916 3807 1023 3866 vestra
1044 3809 1236 3888 pensantur.
1274 3801 1351 3885 Qua

147 3935 257 3992 tamen
292 3920 403 4014 quinis
445 3919 566 3988 modiis
608 3918 794 3988 libertatem
830 3919 980 3990 omnium
1018 3931 1245 4006 aestumavere,
1292 3925 1351 4018 qui

144 4046 293 4140 prolecto
319 4066 385 4114 non
412 4043 555 4136 amplius
579 4053 716 4136 possunt
740 4043 906 4114 alimentis
934 4045 1087 4116 carceris.
1138 4049 1289 4141 Namque
1317 4059 1352 4120 ut

146 4171 214 4241 illis
239 4169 421 4260 exiguitate
447 4191 535 4238 mors
566 4167 771 4260 prohibetur,
810 4179 985 4239 senescunt
1011 4171 1115 4240 vires:
1158 4173 1206 4242 sic
1239 4195 1350 4265 nequo

145 4293 287 4364 absolvit
323 4313 403 4362 cura
438 4289 596 4359 familiari
631 4301 697 4358 tam
729 4313 830 4382 parva
865 4315 930 4375 res,
974 4305 1007 4362 et
1039 4293 1151 4384 ignavi
1190 4295 1350 4390 cuiusque

145 4417 368 4488 tenuissumas
393 4435 466 4506 spes
484 4414 676 4482 frustratur:
704 4435 778 4505 quae
806 4425 914 4484 tamen
942 4415 1092 4510 quamvis
1116 4419 1238 4510 ampla,
1265 4442 1352 4511 quo-

145 4541 239 4611 niam
264 4537 392 4608 servitii
409 4534 553 4629 pretium
571 4545 800 4621 ostentaretur,
827 4538 921 4608 cuius
943 4538 1123 4631 torpedinis
1148 4553 1219 4612 erat
1243 4542 1352 4638 decipi

144 4676 179 4734 et
203 4674 389 4734 vestrarum
421 4683 533 4732 rerum
568 4662 655 4734 ultro
686 4662 809 4732 iniuria
843 4663 985 4752 gratiam
1014 4663 1159 4735 debere‘l
1201 4669 1351 4764 Namque
