3662 5594
417 582 463 652 88

415 801 571 850 maxume
595 782 723 860 occulta
748 780 888 851 discedit
912 803 951 851 ac
976 789 1048 873 post
1075 780 1173 873 paulo
1198 778 1376 871 cognoscit,
1402 779 1544 850 ldarinm
1569 800 1613 849 ex

416 904 532 974 itinere
556 905 790 976 frumentatum
824 928 901 975 cnm
937 906 1051 999 paucis
1084 903 1274 974 cohortibus
1300 903 1428 973 Siccam
1463 903 1611 985 missum.

415 1028 504 1121 quod
529 1029 686 1122 oppidum
711 1029 856 1122 primum
882 1030 1030 1100 omnium
1054 1039 1127 1123 post
1151 1029 1274 1098 malam
1299 1049 1448 1120 pugnam
1474 1027 1515 1097 ab
1532 1049 1611 1118 rege

415 1151 591 1224 defecerat.
649 1155 698 1223 Eo
732 1175 808 1222 cnm
841 1153 976 1224 delectis
1011 1153 1176 1245 equitibus
1213 1161 1313 1222 noctu
1346 1152 1455 1245 pergit
1485 1163 1519 1221 et
1544 1153 1613 1222 inm

415 1277 662 1368 egredientibus
686 1278 843 1349 Romanis
868 1279 902 1347 in
932 1289 1027 1371 porta
1050 1299 1199 1370 pugnam
1225 1277 1311 1346 lacit
1361 1277 1466 1348 Simul
1491 1299 1614 1368 magna

414 1424 494 1471 voce
520 1402 688 1471 Siccenses
714 1400 873 1483 bortatur,
899 1401 947 1471 nti
972 1399 1123 1472 cohortes
1148 1401 1190 1472 ab
1217 1411 1310 1492 tergo
1336 1401 1611 1482 circumveniant;

414 1526 580 1596 fortunam
605 1526 672 1596 illis
705 1526 856 1619 praeclari
889 1525 1042 1596 facinoris
1074 1548 1187 1596 casum
1214 1524 1310 1606 dare;
1350 1526 1377 1595 si
1404 1525 1436 1595 id
1462 1526 1611 1606 fecerint,

412 1659 525 1741 postea
550 1673 621 1720 sese
646 1650 682 1720 in
706 1672 821 1742 regno,
847 1651 922 1720 illos
948 1649 982 1719 in
1008 1650 1159 1720 libertate
1185 1649 1256 1718 sine
1282 1661 1370 1719 metu
1396 1657 1529 1718 atatem
1553 1671 1613 1718 ae-

413 1784 514 1843 turus.
555 1774 606 1845 hc
631 1775 667 1843 ni
686 1773 810 1846 Marius
835 1774 929 1865 signa
955 1773 1079 1843 inferre
1104 1784 1203 1867 atque
1229 1773 1367 1843 evadere
1388 1773 1509 1866 oppido
1533 1795 1613 1865 pro-

412 1899 601 1989 peravisset,
635 1898 780 1990 prolecto
805 1898 917 1968 cuncti
941 1907 998 1968 aut
1027 1921 1147 1989 magna
1173 1921 1250 1990 pars
1276 1897 1479 1969 Siccensium
1510 1896 1612 1967 bdcm

412 2021 641 2102 mutavissent;
668 2033 757 2092 tanta
781 2022 962 2092 mobilitate
987 2045 1059 2092 sese
1084 2022 1236 2094 Numidae
1262 2033 1393 2114 gerunt.
1432 2022 1497 2092 Sed
1521 2021 1613 2091 mili·

411 2158 460 2215 tes
486 2145 673 2238 Iugurthini
697 2146 864 2239 paulisper
888 2147 935 2252 ab*
957 2169 1035 2238 rege
1060 2148 1240 2229 sustentati,
1279 2158 1453 2240 postquam
1487 2145 1612 2217 maiore

410 2271 443 2340 vi
468 2270 577 2340 hostes
601 2281 732 2362 urgent,
759 2271 871 2362 paucis
896 2270 1025 2341 amissis
1050 2273 1182 2364 profugi
1207 2272 1389 2343 discedunt.

484 2418 562 2466 nvn.
613 2394 737 2466 blasius
762 2393 805 2464 ad
830 2397 967 2464 Zamam
992 2396 1160 2488 pervenit3
1192 2397 1224 2467 id
1250 2397 1409 2489 oppidum
1433 2398 1468 2468 in
1494 2419 1611 2489 campo

410 2520 511 2590 situm
534 2518 641 2610 magis
666 2540 766 2610 opere
787 2541 888 2611 qnam
906 2529 1023 2588 natura
1042 2519 1208 2590 munitum
1235 2530 1316 2601 erat,
1343 2520 1466 2591 nnllins
1483 2520 1610 2591 idoncae

410 2643 458 2712 rei
493 2665 607 2735 egens,
647 2645 747 2714 armis
779 2643 925 2736 virisque
963 2645 1168 2736 opulentum.
1226 2645 1330 2736 igitur
1361 2646 1514 2717 Metellus
1550 2670 1610 2739 pro

409 2780 558 2862 tempore
583 2781 681 2864 atque
707 2770 781 2840 loco
806 2770 928 2861 paratis
952 2770 1052 2842 rebus
1084 2779 1200 2841 cuncta
1235 2771 1358 2842 moenia
1379 2771 1526 2842 exercitu
1543 2771 1611 2841 eir-

410 2895 588 2976 cumvenit,
614 2894 735 2986 legatis
761 2895 913 2987 imperat,
940 2894 997 2964 nbi
1023 2895 1163 2989 quisque
1189 2906 1336 2965 curaret:
1369 2896 1489 2966 deinde
1515 2895 1610 2986 signo

409 3018 497 3089 dato'
511 3021 657 3113 undique
681 3021 780 3092 simul
804 3022 929 3091 clamor
954 3021 1071 3112 ingens
1096 3023 1220 3104 oritur;
1258 3045 1368 3116 neque
1394 3045 1435 3093 ea
1459 3045 1513 3092 res
1537 3024 1610 3093 Nn-

407 3145 514 3216 midas
532 3123 648 3225 terret3
676 3146 795 3216 infensi
816 3145 999 3238 intentique
1016 3146 1090 3216 sine
1116 3147 1259 3217 tumultu
1285 3157 1431 3228 manent,
1457 3146 1608 3238 prolium

408 3268 574 3362 incipitur.
624 3270 764 3342 Romani
796 3293 856 3363 pro
881 3271 1017 3363 ingenio
1043 3272 1194 3365 quisque,
1234 3295 1309 3364 pars
1334 3273 1462 3342 eminus
1487 3272 1609 3364 glande

407 3402 464 3462 aut
487 3392 652 3486 lapidibus
676 3415 836 3485 pugnare,
874 3394 932 3464 alii
957 3394 1133 3464 succedere
1159 3418 1198 3465 ac
1223 3417 1356 3465 murum
1381 3395 1480 3466 modo
1506 3395 1610 3465 sulio-

407 3515 497 3599 dere,
523 3516 622 3587 modo
638 3517 735 3588 scalis
753 3517 911 3610 aggredi;
938 3541 1059 3611 cupere
1085 3518 1237 3610 praelium
1262 3519 1297 3589 in
1318 3518 1470 3589 manibus
1487 3519 1607 3590 [acere.

406 3641 529 3713 Contra
563 3665 603 3712 ea
627 3644 783 3736 oppidani
816 3645 851 3713 in
882 3666 1061 3736 proxumos
1092 3667 1171 3714 saxa
1201 3646 1344 3727 volvere,
1383 3645 1492 3724 sudes,
1528 3643 1648 3756 pilu.

404 3777 566 3859 praeterea
597 3767 706 3859 picem
737 3767 896 3860 sulphure
929 3778 962 3838 et
995 3768 1079 3838 taeda
1114 3770 1252 3838 mixtam
1285 3769 1434 3839 ardentia
1464 3767 1606 3838 mittere.

405 3890 469 3961 Sed
496 3915 538 3960 ne
564 3890 638 3960 illos
664 3891 810 3983 quidem,
837 3891 895 3985 qui
922 3892 1036 3983 procnl
1063 3903 1264 3968 manserant.
1289 3892 1389 3963 timor
1405 3891 1508 3962 animi
1529 3889 1606 3960 satis

404 4014 607 4093 muniverat;
637 4036 716 4082 nam
742 4014 920 4105 plerosque
947 4015 1054 4085 iacula
1082 4015 1250 4085 tormentis
1276 4025 1332 4086 aut
1358 4038 1459 4086 manu
1488 4014 1606 4083 emissa

403 4136 623 4206 vulnerabant
635 4137 773 4229 parique
791 4136 940 4228 periculo
957 4136 1014 4206 sed
1033 4137 1121 4208 lama
1139 4138 1247 4230 inpari
1273 4138 1351 4209 honi
1376 4149 1477 4230 atque
1495 4137 1605 4229 ignavi

402 4268 506 4329 erant.

474 4407 565 4454 nvru.
616 4388 705 4455 Dum
739 4385 827 4478 apud
852 4387 986 4456 Zamam
1022 4387 1068 4456 sic
1101 4397 1255 4470 certatur,
1291 4387 1450 4480 iugurtha
1483 4411 1524 4458 ex
1550 4389 1605 4458 in-

399 4508 529 4599 proviso
563 4517 667 4578 castra
702 4507 846 4578 hostium
875 4532 952 4578 cum
986 4532 1106 4602 magna
1144 4534 1244 4581 manu
1279 4511 1414 4593 invadit,
1459 4511 1605 4582 remissis

399 4631 507 4726 quiin
531 4632 683 4724 prasidio
709 4643 802 4703 erant
827 4643 860 4702 et
886 4635 998 4704 omnia
1024 4636 1129 4726 magis
1156 4659 1256 4728 quam
1284 4638 1435 4728 praelium
1465 4658 1604 4728 exspec-
