<?xml version="1.0" encoding="UTF-8"?>
<!DOCTYPE html PUBLIC "-//W3C//DTD XHTML 1.0 Transitional//EN"
    "http://www.w3.org/TR/xhtml1/DTD/xhtml1-transitional.dtd">
<html xmlns="http://www.w3.org/1999/xhtml" xml:lang="en" lang="en">
 <head>
  <title>
</title>
<meta http-equiv="Content-Type" content="text/html;charset=utf-8" />
  <meta name='ocr-system' content='tesseract 3.04.00' />
  <meta name='ocr-capabilities' content='ocr_page ocr_carea ocr_par ocr_line ocrx_word'/>
</head>
<body>
  <div class='ocr_page' id='page_1' title='image "./gaisalustiicris00rothgoog_0412.png"; bbox 0 0 3576 5602; ppageno 0'>
   <div class='ocr_carea' id='block_1_1' title="bbox 1284 612 1355 681">
    <p class='ocr_par' dir='ltr' id='par_1_1' title="bbox 1284 612 1355 681">
     <span class='ocr_line' id='line_1_1' title="bbox 1284 612 1355 681; baseline 0.014 -1"><span class='ocrx_word' id='word_1_1' title='bbox 1284 612 1355 681; x_wconf 77' lang='lat'>375</span> 
     </span>
    </p>
   </div>
   <div class='ocr_carea' id='block_1_2' title="bbox 147 811 1447 4013">
    <p class='ocr_par' dir='ltr' id='par_1_2' title="bbox 147 811 1447 4013">
     <span class='ocr_line' id='line_1_2' title="bbox 149 811 1357 908; baseline -0.003 -22"><span class='ocrx_word' id='word_1_2' title='bbox 149 815 241 886; x_wconf 89' lang='lat' dir='ltr'>sidia</span> <span class='ocrx_word' id='word_1_3' title='bbox 256 814 298 885; x_wconf 90' lang='lat' dir='ltr'>de</span> <span class='ocrx_word' id='word_1_4' title='bbox 322 814 404 886; x_wconf 90' lang='lat' dir='ltr'>locis</span> <span class='ocrx_word' id='word_1_5' title='bbox 429 813 604 886; x_wconf 84' lang='lat' dir='ltr'>deducere.</span> <span class='ocrx_word' id='word_1_6' title='bbox 628 839 662 908; x_wconf 90' lang='lat' dir='ltr'>p.</span> <span class='ocrx_word' id='word_1_7' title='bbox 678 813 762 895; x_wconf 85' lang='grc'>289,</span> <span class='ocrx_word' id='word_1_8' title='bbox 783 811 829 884; x_wconf 93' lang='grc'><strong>14</strong></span> <span class='ocrx_word' id='word_1_9' title='bbox 934 813 1102 883; x_wconf 88' lang='lat' dir='ltr'>cohorima</span> <span class='ocrx_word' id='word_1_10' title='bbox 1127 813 1249 905; x_wconf 87' lang='lat' dir='ltr'>possim</span> <span class='ocrx_word' id='word_1_11' title='bbox 1275 835 1357 882; x_wconf 89' lang='lat' dir='ltr'>con-</span> 
     </span>
     <span class='ocr_line' id='line_1_3' title="bbox 149 933 1356 1032; baseline -0.001 -24"><span class='ocrx_word' id='word_1_12' title='bbox 149 939 233 1010; x_wconf 87' lang='lat' dir='ltr'>citat</span> <span class='ocrx_word' id='word_1_13' title='bbox 256 961 377 1032; x_wconf 89' lang='lat' dir='ltr'>aquam</span> <span class='ocrx_word' id='word_1_14' title='bbox 409 961 494 1010; x_wconf 88' lang='lat' dir='ltr'>unus</span> <span class='ocrx_word' id='word_1_15' title='bbox 530 933 654 1023; x_wconf 75' lang='lat' dir='ltr'>[colom</span> <span class='ocrx_word' id='word_1_16' title='bbox 686 961 753 1008; x_wconf 82' lang='lat' dir='ltr'>unu</span> <span class='ocrx_word' id='word_1_17' title='bbox 780 939 901 1030; x_wconf 81' lang='lat' dir='ltr'>passim</span> <span class='ocrx_word' id='word_1_18' title='bbox 931 940 1087 1008; x_wconf 60' lang='lat' dir='ltr'>coactata</span> <span class='ocrx_word' id='word_1_19' title='bbox 1114 961 1178 1028; x_wconf 86' lang='lat' dir='ltr'>pua</span> <span class='ocrx_word' id='word_1_20' title='bbox 1209 935 1356 1024; x_wconf 77' lang='lat' dir='ltr'>mureti]</span> 
     </span>
     <span class='ocr_line' id='line_1_4' title="bbox 151 1057 1357 1153; baseline -0.001 -21"><span class='ocrx_word' id='word_1_21' title='bbox 151 1072 226 1134; x_wconf 86' lang='lat' dir='ltr'>erat</span> <span class='ocrx_word' id='word_1_22' title='bbox 242 1062 442 1153; x_wconf 88' lang='lat' dir='ltr'>interruptus</span> <span class='ocrx_word' id='word_1_23' title='bbox 462 1060 582 1131; x_wconf 87' lang='lat' dir='ltr'>evadit.</span> <span class='ocrx_word' id='word_1_24' title='bbox 598 1085 633 1153; x_wconf 87' lang='lat' dir='ltr'>p.</span> <span class='ocrx_word' id='word_1_25' title='bbox 652 1057 737 1142; x_wconf 88' lang='grc'>294,</span> <span class='ocrx_word' id='word_1_26' title='bbox 754 1059 779 1132; x_wconf 88' lang='grc'>8</span> <span class='ocrx_word' id='word_1_27' title='bbox 800 1113 808 1130; x_wconf 93' lang='lat'><strong>.</strong></span> <span class='ocrx_word' id='word_1_28' title='bbox 830 1113 838 1130; x_wconf 89' lang='lat'><strong>.</strong></span> <span class='ocrx_word' id='word_1_29' title='bbox 858 1113 866 1130; x_wconf 94' lang='lat'><strong>.</strong></span> <span class='ocrx_word' id='word_1_30' title='bbox 892 1060 979 1131; x_wconf 89' lang='lat' dir='ltr'>lunis</span> <span class='ocrx_word' id='word_1_31' title='bbox 999 1061 1190 1153; x_wconf 82' lang='lat' dir='ltr'>expediunt,</span> <span class='ocrx_word' id='word_1_32' title='bbox 1215 1061 1357 1131; x_wconf 83' lang='lat' dir='ltr'>claustra</span> 
     </span>
     <span class='ocr_line' id='line_1_5' title="bbox 151 1181 1355 1277; baseline -0.002 -21"><span class='ocrx_word' id='word_1_33' title='bbox 151 1185 281 1258; x_wconf 84' lang='lat' dir='ltr'>loribus</span> <span class='ocrx_word' id='word_1_34' title='bbox 296 1184 439 1276; x_wconf 89' lang='lat' dir='ltr'>inposita</span> <span class='ocrx_word' id='word_1_35' title='bbox 457 1183 696 1276; x_wconf 89' lang='lat' dir='ltr'>periclitantur.</span> <span class='ocrx_word' id='word_1_36' title='bbox 721 1209 753 1277; x_wconf 90' lang='lat' dir='ltr'>p.</span> <span class='ocrx_word' id='word_1_37' title='bbox 775 1181 859 1266; x_wconf 93' lang='grc'>296,</span> <span class='ocrx_word' id='word_1_38' title='bbox 886 1181 933 1256; x_wconf 88' lang='grc'>33</span> <span class='ocrx_word' id='word_1_39' title='bbox 953 1235 986 1252; x_wconf 91' lang='grc'>..</span> <span class='ocrx_word' id='word_1_40' title='bbox 1007 1236 1015 1254; x_wconf 94' lang='grc'><strong>.</strong></span> <span class='ocrx_word' id='word_1_41' title='bbox 1042 1185 1195 1276; x_wconf 82' lang='lat' dir='ltr'>egregias</span> <span class='ocrx_word' id='word_1_42' title='bbox 1209 1195 1241 1253; x_wconf 90' lang='lat' dir='ltr'>et</span> <span class='ocrx_word' id='word_1_43' title='bbox 1255 1185 1355 1276; x_wconf 75' lang='lat' dir='ltr'>longe</span> 
     </span>
     <span class='ocr_line' id='line_1_6' title="bbox 154 1287 1352 1404; baseline -0.003 -22"><span class='ocrx_word' id='word_1_44' title='bbox 154 1310 350 1404; x_wconf 88' lang='lat' dir='ltr'>praestantis</span> <span class='ocrx_word' id='word_1_45' title='bbox 369 1333 407 1380; x_wconf 91' lang='lat' dir='ltr'>ac</span> <span class='ocrx_word' id='word_1_46' title='bbox 427 1310 589 1379; x_wconf 88' lang='lat' dir='ltr'>timendas</span> <span class='ocrx_word' id='word_1_47' title='bbox 601 1308 864 1380; x_wconf 86' lang='lat' dir='ltr'>adversariorum</span> <span class='ocrx_word' id='word_1_48' title='bbox 883 1333 962 1403; x_wconf 90' lang='lat' dir='ltr'>opes</span> <span class='ocrx_word' id='word_1_49' title='bbox 982 1333 1065 1380; x_wconf 89' lang='lat' dir='ltr'>esse.</span> <span class='ocrx_word' id='word_1_50' title='bbox 1084 1336 1118 1403; x_wconf 86' lang='lat' dir='ltr'>p.</span> <span class='ocrx_word' id='word_1_51' title='bbox 1132 1306 1215 1391; x_wconf 83' lang='grc'><strong>339,</strong></span> <span class='ocrx_word' id='word_1_52' title='bbox 1237 1287 1352 1380; x_wconf 90' lang='grc'><strong>16...</strong></span> 
     </span>
     <span class='ocr_line' id='line_1_7' title="bbox 152 1432 1354 1525; baseline 0 -23"><span class='ocrx_word' id='word_1_53' title='bbox 152 1434 188 1504; x_wconf 93' lang='lat' dir='ltr'>id</span> <span class='ocrx_word' id='word_1_54' title='bbox 215 1457 268 1503; x_wconf 91' lang='lat' dir='ltr'>me</span> <span class='ocrx_word' id='word_1_55' title='bbox 292 1455 402 1525; x_wconf 81' lang='lat' dir='ltr'>neque</span> <span class='ocrx_word' id='word_1_56' title='bbox 426 1442 518 1502; x_wconf 86' lang='lat' dir='ltr'>metu</span> <span class='ocrx_word' id='word_1_57' title='bbox 552 1454 662 1525; x_wconf 88' lang='lat' dir='ltr'>neque</span> <span class='ocrx_word' id='word_1_58' title='bbox 695 1433 889 1502; x_wconf 79' lang='lat' dir='ltr'><strong>calamitatis</strong></span> <span class='ocrx_word' id='word_1_59' title='bbox 917 1433 1158 1505; x_wconf 79' lang='lat' dir='ltr'>necessitudine</span> <span class='ocrx_word' id='word_1_60' title='bbox 1183 1432 1354 1502; x_wconf 91' lang='lat' dir='ltr'>inductum</span> 
     </span>
     <span class='ocr_line' id='line_1_8' title="bbox 155 1549 1354 1653; baseline -0.003 -24"><span class='ocrx_word' id='word_1_61' title='bbox 155 1561 277 1629; x_wconf 88' lang='lat' dir='ltr'>lacere.</span> <span class='ocrx_word' id='word_1_62' title='bbox 293 1581 327 1650; x_wconf 86' lang='lat' dir='ltr'>p.</span> <span class='ocrx_word' id='word_1_63' title='bbox 345 1553 429 1638; x_wconf 97' lang='grc'><strong>354,</strong></span> <span class='ocrx_word' id='word_1_64' title='bbox 448 1552 499 1627; x_wconf 83' lang='lat'>4.</span> <span class='ocrx_word' id='word_1_65' title='bbox 519 1608 528 1625; x_wconf 92' lang='grc'><strong>.</strong></span> <span class='ocrx_word' id='word_1_66' title='bbox 549 1608 557 1624; x_wconf 94' lang='grc'><strong>.</strong></span> <span class='ocrx_word' id='word_1_67' title='bbox 576 1555 738 1649; x_wconf 85' lang='lat' dir='ltr'>Popedius</span> <span class='ocrx_word' id='word_1_68' title='bbox 756 1549 966 1653; x_wconf 85' lang='lat' dir='ltr'>[Pompedius</span> <span class='ocrx_word' id='word_1_69' title='bbox 982 1560 1050 1628; x_wconf 89' lang='lat' dir='ltr'>cod.</span> <span class='ocrx_word' id='word_1_70' title='bbox 1069 1551 1172 1648; x_wconf 76' lang='lat' dir='ltr'>Leia]</span> <span class='ocrx_word' id='word_1_71' title='bbox 1197 1557 1354 1650; x_wconf 81' lang='lat' dir='ltr'>opinione</span> 
     </span>
     <span class='ocr_line' id='line_1_9' title="bbox 156 1677 1354 1775; baseline -0.003 -22"><span class='ocrx_word' id='word_1_72' title='bbox 156 1683 318 1753; x_wconf 84' lang='lat' dir='ltr'>liustrata.</span> <span class='ocrx_word' id='word_1_73' title='bbox 341 1704 377 1774; x_wconf 87' lang='lat' dir='ltr'>p.</span> <span class='ocrx_word' id='word_1_74' title='bbox 397 1678 482 1763; x_wconf 94' lang='grc'><strong>356,</strong></span> <span class='ocrx_word' id='word_1_75' title='bbox 506 1677 555 1752; x_wconf 89' lang='grc'>28</span> <span class='ocrx_word' id='word_1_76' title='bbox 581 1733 646 1750; x_wconf 94' lang='grc'>...</span> <span class='ocrx_word' id='word_1_77' title='bbox 673 1680 850 1752; x_wconf 86' lang='lat' dir='ltr'>victoribus</span> <span class='ocrx_word' id='word_1_78' title='bbox 875 1682 1007 1775; x_wconf 83' lang='lat' dir='ltr'>proprie</span> <span class='ocrx_word' id='word_1_79' title='bbox 1033 1704 1139 1774; x_wconf 88' lang='lat' dir='ltr'>spem,</span> <span class='ocrx_word' id='word_1_80' title='bbox 1176 1681 1268 1751; x_wconf 84' lang='lat' dir='ltr'>victis</span> <span class='ocrx_word' id='word_1_81' title='bbox 1293 1681 1354 1750; x_wconf 88' lang='lat' dir='ltr'>ad-</span> 
     </span>
     <span class='ocr_line' id='line_1_10' title="bbox 155 1802 1351 1898; baseline -0.002 -22"><span class='ocrx_word' id='word_1_82' title='bbox 155 1829 268 1876; x_wconf 80' lang='lat' dir='ltr'>uersae</span> <span class='ocrx_word' id='word_1_83' title='bbox 292 1806 442 1876; x_wconf 79' lang='lat' dir='ltr'>lomnuae</span> <span class='ocrx_word' id='word_1_84' title='bbox 467 1805 627 1896; x_wconf 86' lang='lat' dir='ltr'>maiorem</span> <span class='ocrx_word' id='word_1_85' title='bbox 653 1805 865 1876; x_wconf 79' lang='lat' dir='ltr'>formidinem</span> <span class='ocrx_word' id='word_1_86' title='bbox 889 1804 1021 1876; x_wconf 87' lang='lat' dir='ltr'>obiecit.</span> <span class='ocrx_word' id='word_1_87' title='bbox 1047 1829 1081 1898; x_wconf 90' lang='lat' dir='ltr'>p.</span> <span class='ocrx_word' id='word_1_88' title='bbox 1100 1802 1184 1884; x_wconf 91' lang='grc'><strong>361,</strong></span> <span class='ocrx_word' id='word_1_89' title='bbox 1210 1803 1259 1875; x_wconf 80' lang='grc'>27</span> <span class='ocrx_word' id='word_1_90' title='bbox 1286 1855 1351 1874; x_wconf 90' lang='grc'>...</span> 
     </span>
     <span class='ocr_line' id='line_1_11' title="bbox 153 1929 1351 2023; baseline -0.004 -22"><span class='ocrx_word' id='word_1_91' title='bbox 153 1931 237 2002; x_wconf 89' lang='lat' dir='ltr'>dnae</span> <span class='ocrx_word' id='word_1_92' title='bbox 265 1929 415 2000; x_wconf 83' lang='lat' dir='ltr'>cobortes</span> <span class='ocrx_word' id='word_1_93' title='bbox 440 1929 481 2001; x_wconf 91' lang='lat' dir='ltr'>de</span> <span class='ocrx_word' id='word_1_94' title='bbox 507 1929 655 2000; x_wconf 88' lang='lat' dir='ltr'>subsidio</span> <span class='ocrx_word' id='word_1_95' title='bbox 686 1930 869 2023; x_wconf 87' lang='lat' dir='ltr'>procedunt</span> <span class='ocrx_word' id='word_1_96' title='bbox 899 1939 997 2023; x_wconf 84' lang='lat' dir='ltr'>atque</span> <span class='ocrx_word' id='word_1_97' title='bbox 1026 1929 1152 2021; x_wconf 79' lang='lat' dir='ltr'>equites</span> <span class='ocrx_word' id='word_1_98' title='bbox 1177 1929 1351 2021; x_wconf 89' lang='lat' dir='ltr'>protelant.</span> 
     </span>
     <span class='ocr_line' id='line_1_12' title="bbox 149 2051 1353 2148; baseline -0.005 -22"><span class='ocrx_word' id='word_1_99' title='bbox 149 2080 185 2148; x_wconf 88' lang='lat' dir='ltr'>p.</span> <span class='ocrx_word' id='word_1_100' title='bbox 203 2051 290 2138; x_wconf 88' lang='grc'><strong>363,</strong></span> <span class='ocrx_word' id='word_1_101' title='bbox 319 2052 364 2124; x_wconf 81' lang='grc'><strong>17</strong></span> <span class='ocrx_word' id='word_1_102' title='bbox 490 2053 719 2146; x_wconf 90' lang='lat' dir='ltr'>periclitantur</span> <span class='ocrx_word' id='word_1_103' title='bbox 751 2063 912 2122; x_wconf 87' lang='lat' dir='ltr'>tormenta</span> <span class='ocrx_word' id='word_1_104' title='bbox 941 2075 980 2122; x_wconf 89' lang='lat' dir='ltr'>ac</span> <span class='ocrx_word' id='word_1_105' title='bbox 1004 2052 1070 2121; x_wconf 89' lang='lat' dir='ltr'>tela</span> <span class='ocrx_word' id='word_1_106' title='bbox 1095 2051 1266 2144; x_wconf 90' lang='lat' dir='ltr'>multaque</span> <span class='ocrx_word' id='word_1_107' title='bbox 1293 2074 1353 2144; x_wconf 79' lang='lat' dir='ltr'>ge·</span> 
     </span>
     <span class='ocr_line' id='line_1_13' title="bbox 152 2171 1354 2270; baseline -0.004 -20"><span class='ocrx_word' id='word_1_108' title='bbox 152 2201 234 2250; x_wconf 90' lang='lat' dir='ltr'>uera</span> <span class='ocrx_word' id='word_1_109' title='bbox 260 2178 612 2250; x_wconf 87' lang='lat' dir='ltr'>machinamentorum.</span> <span class='ocrx_word' id='word_1_110' title='bbox 632 2201 669 2270; x_wconf 89' lang='lat' dir='ltr'>p.</span> <span class='ocrx_word' id='word_1_111' title='bbox 687 2172 773 2258; x_wconf 83' lang='lat'>364,</span> <span class='ocrx_word' id='word_1_112' title='bbox 791 2174 816 2249; x_wconf 93' lang='grc'><strong>6</strong></span> <span class='ocrx_word' id='word_1_113' title='bbox 834 2229 841 2244; x_wconf 95' lang='grc'><strong>.</strong></span> <span class='ocrx_word' id='word_1_114' title='bbox 862 2227 898 2244; x_wconf 94' lang='grc'>..</span> <span class='ocrx_word' id='word_1_115' title='bbox 925 2187 1031 2245; x_wconf 84' lang='lat' dir='ltr'>castra</span> <span class='ocrx_word' id='word_1_116' title='bbox 1054 2176 1095 2245; x_wconf 93' lang='lat' dir='ltr'>de</span> <span class='ocrx_word' id='word_1_117' title='bbox 1119 2174 1238 2267; x_wconf 85' lang='lat' dir='ltr'>paniae</span> <span class='ocrx_word' id='word_1_118' title='bbox 1264 2171 1354 2268; x_wconf 85' lang='lat' dir='ltr'>[plu-</span> 
     </span>
     <span class='ocr_line' id='line_1_14' title="bbox 151 2295 1353 2392; baseline -0.005 -18"><span class='ocrx_word' id='word_1_119' title='bbox 151 2301 267 2390; x_wconf 74' lang='lat' dir='ltr'>aiticl]</span> <span class='ocrx_word' id='word_1_120' title='bbox 293 2304 454 2374; x_wconf 83' lang='lat' dir='ltr'>convertit</span> <span class='ocrx_word' id='word_1_121' title='bbox 473 2303 509 2375; x_wconf 91' lang='lat' dir='ltr'>iu</span> <span class='ocrx_word' id='word_1_122' title='bbox 530 2314 668 2384; x_wconf 86' lang='lat' dir='ltr'>montes,</span> <span class='ocrx_word' id='word_1_123' title='bbox 692 2312 727 2371; x_wconf 88' lang='lat' dir='ltr'>ut</span> <span class='ocrx_word' id='word_1_124' title='bbox 748 2301 864 2372; x_wconf 90' lang='lat' dir='ltr'>crebro</span> <span class='ocrx_word' id='word_1_125' title='bbox 884 2299 1017 2370; x_wconf 78' lang='lat' dir='ltr'>ferculis</span> <span class='ocrx_word' id='word_1_126' title='bbox 1044 2295 1141 2382; x_wconf 84' lang='lat' dir='ltr'>[retro</span> <span class='ocrx_word' id='word_1_127' title='bbox 1153 2323 1210 2392; x_wconf 85' lang='lat' dir='ltr'>per</span> <span class='ocrx_word' id='word_1_128' title='bbox 1227 2299 1353 2386; x_wconf 78' lang='lat' dir='ltr'>collisi]</span> 
     </span>
     <span class='ocr_line' id='line_1_15' title="bbox 150 2419 1352 2521; baseline -0.002 -24"><span class='ocrx_word' id='word_1_129' title='bbox 150 2426 365 2519; x_wconf 79' lang='lat' dir='ltr'>procedendo</span> <span class='ocrx_word' id='word_1_130' title='bbox 394 2438 504 2521; x_wconf 90' lang='lat' dir='ltr'>posset</span> <span class='ocrx_word' id='word_1_131' title='bbox 535 2427 622 2497; x_wconf 85' lang='lat' dir='ltr'>iutra</span> <span class='ocrx_word' id='word_1_132' title='bbox 658 2425 740 2496; x_wconf 90' lang='lat' dir='ltr'>lines</span> <span class='ocrx_word' id='word_1_133' title='bbox 774 2424 1049 2518; x_wconf 81' lang='lat' dir='ltr'>Aesculapiorum</span> <span class='ocrx_word' id='word_1_134' title='bbox 1083 2419 1352 2508; x_wconf 77' lang='lat' dir='ltr'>[Asculanoruml</span> 
     </span>
     <span class='ocr_line' id='line_1_16' title="bbox 149 2549 1447 2646; baseline -0.004 -24"><span class='ocrx_word' id='word_1_135' title='bbox 149 2553 415 2641; x_wconf 75' lang='lat' dir='ltr'>Amuluaoruml]</span> <span class='ocrx_word' id='word_1_136' title='bbox 440 2553 626 2646; x_wconf 83' lang='lat' dir='ltr'>peruenire.</span> <span class='ocrx_word' id='word_1_137' title='bbox 650 2577 684 2646; x_wconf 89' lang='lat' dir='ltr'>p.</span> <span class='ocrx_word' id='word_1_138' title='bbox 702 2550 786 2634; x_wconf 80' lang='grc'><strong>376,</strong></span> <span class='ocrx_word' id='word_1_139' title='bbox 807 2549 859 2624; x_wconf 88' lang='grc'>28</span> <span class='ocrx_word' id='word_1_140' title='bbox 885 2603 893 2620; x_wconf 93' lang='grc'><strong>.</strong></span> <span class='ocrx_word' id='word_1_141' title='bbox 915 2604 951 2620; x_wconf 92' lang='grc'>..</span> <span class='ocrx_word' id='word_1_142' title='bbox 980 2563 1102 2620; x_wconf 91' lang='lat' dir='ltr'>terrore</span> <span class='ocrx_word' id='word_1_143' title='bbox 1129 2550 1351 2642; x_wconf 88' lang='lat' dir='ltr'>perturbatam</span> <span class='ocrx_word' id='word_1_144' title='bbox 1443 2595 1447 2608; x_wconf 69' lang='lat'>‚</span> 
     </span>
     <span class='ocr_line' id='line_1_17' title="bbox 150 2671 1352 2768; baseline -0.003 -22"><span class='ocrx_word' id='word_1_145' title='bbox 150 2676 397 2748; x_wconf 78' lang='lat' dir='ltr'>multitudinem</span> <span class='ocrx_word' id='word_1_146' title='bbox 428 2677 597 2768; x_wconf 82' lang='lat' dir='ltr'>subigunt.</span> <span class='ocrx_word' id='word_1_147' title='bbox 624 2700 659 2768; x_wconf 92' lang='lat' dir='ltr'>p.</span> <span class='ocrx_word' id='word_1_148' title='bbox 690 2672 773 2757; x_wconf 87' lang='grc'><strong>460,</strong></span> <span class='ocrx_word' id='word_1_149' title='bbox 800 2673 845 2747; x_wconf 89' lang='grc'>31</span> <span class='ocrx_word' id='word_1_150' title='bbox 974 2674 1119 2768; x_wconf 90' lang='lat' dir='ltr'>denique</span> <span class='ocrx_word' id='word_1_151' title='bbox 1147 2697 1224 2744; x_wconf 91' lang='lat' dir='ltr'>cum</span> <span class='ocrx_word' id='word_1_152' title='bbox 1253 2671 1352 2743; x_wconf 86' lang='lat' dir='ltr'>variis</span> 
     </span>
     <span class='ocr_line' id='line_1_18' title="bbox 149 2795 1352 2893; baseline -0.003 -23"><span class='ocrx_word' id='word_1_153' title='bbox 149 2799 377 2871; x_wconf 82' lang='lat' dir='ltr'>voluntatibus</span> <span class='ocrx_word' id='word_1_154' title='bbox 402 2800 527 2873; x_wconf 87' lang='lat' dir='ltr'>incerta</span> <span class='ocrx_word' id='word_1_155' title='bbox 553 2800 666 2871; x_wconf 81' lang='lat' dir='ltr'>civitas</span> <span class='ocrx_word' id='word_1_156' title='bbox 690 2799 855 2893; x_wconf 86' lang='lat' dir='ltr'>trepidare</span> <span class='ocrx_word' id='word_1_157' title='bbox 890 2795 1104 2892; x_wconf 81' lang='lat' dir='ltr'>[Pomponius</span> <span class='ocrx_word' id='word_1_158' title='bbox 1130 2821 1205 2868; x_wconf 92' lang='lat' dir='ltr'>cum</span> <span class='ocrx_word' id='word_1_159' title='bbox 1231 2797 1352 2866; x_wconf 86' lang='lat' dir='ltr'>vertice</span> 
     </span>
     <span class='ocr_line' id='line_1_19' title="bbox 148 2921 1352 3019; baseline -0.005 -23"><span class='ocrx_word' id='word_1_160' title='bbox 148 2925 354 3019; x_wconf 88' lang='lat' dir='ltr'>superiorem</span> <span class='ocrx_word' id='word_1_161' title='bbox 381 2927 490 2998; x_wconf 90' lang='lat' dir='ltr'>locum</span> <span class='ocrx_word' id='word_1_162' title='bbox 516 2924 700 3013; x_wconf 81' lang='lat' dir='ltr'>inscende]</span> <span class='ocrx_word' id='word_1_163' title='bbox 724 2923 861 3019; x_wconf 70' lang='lat' dir='ltr'>pcto,</span> <span class='ocrx_word' id='word_1_164' title='bbox 883 2921 928 2998; x_wconf 88' lang='grc'>14</span> <span class='ocrx_word' id='word_1_165' title='bbox 955 2976 1020 2993; x_wconf 92' lang='grc'>...</span> <span class='ocrx_word' id='word_1_166' title='bbox 1047 2923 1089 2993; x_wconf 89' lang='lat' dir='ltr'>de</span> <span class='ocrx_word' id='word_1_167' title='bbox 1115 2922 1281 2992; x_wconf 88' lang='lat' dir='ltr'>contrario</span> <span class='ocrx_word' id='word_1_168' title='bbox 1306 2921 1352 2990; x_wconf 89' lang='lat' dir='ltr'>si-</span> 
     </span>
     <span class='ocr_line' id='line_1_20' title="bbox 150 3047 1352 3143; baseline -0.005 -23"><span class='ocrx_word' id='word_1_169' title='bbox 150 3049 290 3120; x_wconf 90' lang='lat' dir='ltr'>lentium</span> <span class='ocrx_word' id='word_1_170' title='bbox 315 3049 431 3120; x_wconf 87' lang='lat' dir='ltr'>oritur.</span> <span class='ocrx_word' id='word_1_171' title='bbox 455 3075 489 3143; x_wconf 89' lang='lat' dir='ltr'>p.</span> <span class='ocrx_word' id='word_1_172' title='bbox 504 3047 589 3132; x_wconf 88' lang='grc'><strong>449,</strong></span> <span class='ocrx_word' id='word_1_173' title='bbox 608 3047 631 3122; x_wconf 95' lang='grc'><strong>5</strong></span> <span class='ocrx_word' id='word_1_174' title='bbox 650 3103 658 3120; x_wconf 90' lang='grc'><strong>.</strong></span> <span class='ocrx_word' id='word_1_175' title='bbox 679 3103 687 3118; x_wconf 95' lang='grc'><strong>.</strong></span> <span class='ocrx_word' id='word_1_176' title='bbox 708 3103 716 3118; x_wconf 96' lang='grc'><strong>.</strong></span> <span class='ocrx_word' id='word_1_177' title='bbox 743 3049 883 3118; x_wconf 87' lang='lat' dir='ltr'>innoxos</span> <span class='ocrx_word' id='word_1_178' title='bbox 908 3047 1121 3118; x_wconf 89' lang='lat' dir='ltr'>trementibus</span> <span class='ocrx_word' id='word_1_179' title='bbox 1147 3047 1282 3117; x_wconf 85' lang='lat' dir='ltr'>artubus</span> <span class='ocrx_word' id='word_1_180' title='bbox 1297 3068 1352 3115; x_wconf 87' lang='lat' dir='ltr'>re-</span> 
     </span>
     <span class='ocr_line' id='line_1_21' title="bbox 149 3170 1350 3266; baseline -0.005 -22"><span class='ocrx_word' id='word_1_181' title='bbox 149 3186 246 3265; x_wconf 87' lang='lat' dir='ltr'>pente</span> <span class='ocrx_word' id='word_1_182' title='bbox 275 3172 421 3244; x_wconf 79' lang='lat' dir='ltr'>extrahis</span> <span class='ocrx_word' id='word_1_183' title='bbox 446 3185 545 3266; x_wconf 89' lang='lat' dir='ltr'>atque</span> <span class='ocrx_word' id='word_1_184' title='bbox 571 3174 605 3244; x_wconf 93' lang='lat' dir='ltr'>in</span> <span class='ocrx_word' id='word_1_185' title='bbox 633 3175 729 3244; x_wconf 88' lang='lat' dir='ltr'>labro</span> <span class='ocrx_word' id='word_1_186' title='bbox 754 3195 883 3244; x_wconf 91' lang='lat' dir='ltr'>summo</span> <span class='ocrx_word' id='word_1_187' title='bbox 913 3170 1058 3246; x_wconf 92' lang='lat' dir='ltr'>llnminis</span> <span class='ocrx_word' id='word_1_188' title='bbox 1089 3171 1183 3242; x_wconf 87' lang='lat' dir='ltr'>caelo</span> <span class='ocrx_word' id='word_1_189' title='bbox 1208 3170 1350 3240; x_wconf 80' lang='lat' dir='ltr'>albente.</span> 
     </span>
     <span class='ocr_line' id='line_1_22' title="bbox 147 3289 1352 3391; baseline -0.007 -21"><span class='ocrx_word' id='word_1_190' title='bbox 147 3323 180 3391; x_wconf 87' lang='lat' dir='ltr'>p.</span> <span class='ocrx_word' id='word_1_191' title='bbox 196 3295 285 3380; x_wconf 86' lang='grc'><strong>449,</strong></span> <span class='ocrx_word' id='word_1_192' title='bbox 315 3297 371 3370; x_wconf 88' lang='grc'>18.</span> <span class='ocrx_word' id='word_1_193' title='bbox 398 3297 561 3370; x_wconf 85' lang='lat' dir='ltr'>Caecilius</span> <span class='ocrx_word' id='word_1_194' title='bbox 585 3322 604 3368; x_wconf 92' lang='lat' dir='ltr'>a</span> <span class='ocrx_word' id='word_1_195' title='bbox 627 3299 766 3369; x_wconf 80' lang='lat' dir='ltr'>Sisenna</span> <span class='ocrx_word' id='word_1_196' title='bbox 791 3298 923 3368; x_wconf 82' lang='lat' dir='ltr'>‘albenti</span> <span class='ocrx_word' id='word_1_197' title='bbox 949 3289 1049 3368; x_wconf 80' lang='lat' dir='ltr'>caelo&#39;</span> <span class='ocrx_word' id='word_1_198' title='bbox 1075 3293 1183 3387; x_wconf 88' lang='lat' dir='ltr'>[putat</span> <span class='ocrx_word' id='word_1_199' title='bbox 1209 3295 1352 3388; x_wconf 90' lang='lat' dir='ltr'>primum</span> 
     </span>
     <span class='ocr_line' id='line_1_23' title="bbox 149 3419 1353 3514; baseline -0.006 -21"><span class='ocrx_word' id='word_1_200' title='bbox 149 3423 276 3494; x_wconf 92' lang='lat' dir='ltr'>dictum</span> <span class='ocrx_word' id='word_1_201' title='bbox 304 3421 402 3510; x_wconf 79' lang='lat' dir='ltr'>esse]</span> <span class='ocrx_word' id='word_1_202' title='bbox 447 3424 668 3508; x_wconf 75' lang='lat' dir='ltr'>Quintilianus</span> <span class='ocrx_word' id='word_1_203' title='bbox 692 3421 728 3504; x_wconf 87' lang='lat'>8,</span> <span class='ocrx_word' id='word_1_204' title='bbox 756 3419 791 3504; x_wconf 88' lang='grc'>3,</span> <span class='ocrx_word' id='word_1_205' title='bbox 818 3419 865 3494; x_wconf 88' lang='grc'>35</span> <span class='ocrx_word' id='word_1_206' title='bbox 893 3473 959 3492; x_wconf 93' lang='grc'>...</span> <span class='ocrx_word' id='word_1_207' title='bbox 990 3421 1140 3514; x_wconf 90' lang='lat' dir='ltr'>protinus</span> <span class='ocrx_word' id='word_1_208' title='bbox 1168 3441 1266 3509; x_wconf 82' lang='lat' dir='ltr'>agros</span> <span class='ocrx_word' id='word_1_209' title='bbox 1292 3441 1353 3510; x_wconf 89' lang='lat' dir='ltr'>po·</span> 
     </span>
     <span class='ocr_line' id='line_1_24' title="bbox 150 3542 1351 3640; baseline -0.007 -22"><span class='ocrx_word' id='word_1_210' title='bbox 150 3545 362 3639; x_wconf 88' lang='lat' dir='ltr'>pulabundus</span> <span class='ocrx_word' id='word_1_211' title='bbox 386 3548 427 3617; x_wconf 86' lang='lat' dir='ltr'>ad</span> <span class='ocrx_word' id='word_1_212' title='bbox 454 3547 631 3618; x_wconf 88' lang='lat' dir='ltr'>Nuceriam</span> <span class='ocrx_word' id='word_1_213' title='bbox 658 3547 829 3617; x_wconf 90' lang='lat' dir='ltr'>convertit.</span> <span class='ocrx_word' id='word_1_214' title='bbox 865 3571 899 3640; x_wconf 89' lang='lat' dir='ltr'>p.</span> <span class='ocrx_word' id='word_1_215' title='bbox 924 3542 1009 3626; x_wconf 79' lang='grc'><strong>471,</strong></span> <span class='ocrx_word' id='word_1_216' title='bbox 1039 3543 1098 3616; x_wconf 90' lang='grc'>22.</span> <span class='ocrx_word' id='word_1_217' title='bbox 1147 3543 1287 3612; x_wconf 87' lang='lat' dir='ltr'>Sisenna</span> <span class='ocrx_word' id='word_1_218' title='bbox 1319 3542 1351 3610; x_wconf 94' lang='lat' dir='ltr'>in</span> 
     </span>
     <span class='ocr_line' id='line_1_25' title="bbox 149 3669 1352 3764; baseline -0.008 -21"><span class='ocrx_word' id='word_1_219' title='bbox 149 3683 269 3764; x_wconf 89' lang='lat' dir='ltr'>quarto</span> <span class='ocrx_word' id='word_1_220' title='bbox 296 3669 509 3740; x_wconf 87' lang='lat' dir='ltr'>historiarum</span> <span class='ocrx_word' id='word_1_221' title='bbox 541 3670 688 3741; x_wconf 91' lang='lat' dir='ltr'>eiusdem</span> <span class='ocrx_word' id='word_1_222' title='bbox 719 3670 845 3763; x_wconf 84' lang='lat' dir='ltr'>figurae</span> <span class='ocrx_word' id='word_1_223' title='bbox 879 3670 979 3740; x_wconf 84' lang='lat' dir='ltr'>verbo</span> <span class='ocrx_word' id='word_1_224' title='bbox 1014 3669 1057 3737; x_wconf 91' lang='lat' dir='ltr'>ita</span> <span class='ocrx_word' id='word_1_225' title='bbox 1086 3689 1164 3738; x_wconf 91' lang='lat' dir='ltr'>usus</span> <span class='ocrx_word' id='word_1_226' title='bbox 1190 3676 1257 3736; x_wconf 89' lang='lat' dir='ltr'>est:</span> <span class='ocrx_word' id='word_1_227' title='bbox 1291 3689 1352 3758; x_wconf 92' lang='lat' dir='ltr'>po-</span> 
     </span>
     <span class='ocr_line' id='line_1_26' title="bbox 151 3789 1351 3889; baseline -0.006 -22"><span class='ocrx_word' id='word_1_228' title='bbox 151 3796 373 3889; x_wconf 87' lang='lat' dir='ltr'>pulabundos,</span> <span class='ocrx_word' id='word_1_229' title='bbox 409 3796 526 3888; x_wconf 86' lang='lat' dir='ltr'>inquit,</span> <span class='ocrx_word' id='word_1_230' title='bbox 560 3817 657 3886; x_wconf 80' lang='lat' dir='ltr'>agros</span> <span class='ocrx_word' id='word_1_231' title='bbox 683 3794 726 3866; x_wconf 89' lang='lat' dir='ltr'>ad</span> <span class='ocrx_word' id='word_1_232' title='bbox 751 3794 911 3888; x_wconf 90' lang='lat' dir='ltr'>oppidum</span> <span class='ocrx_word' id='word_1_233' title='bbox 937 3793 1096 3886; x_wconf 88' lang='lat' dir='ltr'>pervenit.</span> <span class='ocrx_word' id='word_1_234' title='bbox 1148 3791 1267 3862; x_wconf 79' lang='lat' dir='ltr'>Gellius</span> <span class='ocrx_word' id='word_1_235' title='bbox 1295 3789 1351 3872; x_wconf 89' lang='grc'>11,</span> 
     </span>
     <span class='ocr_line' id='line_1_27' title="bbox 153 3914 1353 4013; baseline -0.007 -23"><span class='ocrx_word' id='word_1_236' title='bbox 153 3918 209 4000; x_wconf 87' lang='grc'>15,</span> <span class='ocrx_word' id='word_1_237' title='bbox 232 3918 253 3988; x_wconf 84' lang='grc'><strong>7</strong></span> <span class='ocrx_word' id='word_1_238' title='bbox 278 3971 286 3988; x_wconf 94' lang='grc'><strong>.</strong></span> <span class='ocrx_word' id='word_1_239' title='bbox 308 3971 343 3988; x_wconf 92' lang='grc'>..</span> <span class='ocrx_word' id='word_1_240' title='bbox 370 3919 427 4013; x_wconf 88' lang='lat' dir='ltr'>qui</span> <span class='ocrx_word' id='word_1_241' title='bbox 454 3932 563 3990; x_wconf 88' lang='lat' dir='ltr'>tamen</span> <span class='ocrx_word' id='word_1_242' title='bbox 590 3920 711 4012; x_wconf 89' lang='lat' dir='ltr'>quibus</span> <span class='ocrx_word' id='word_1_243' title='bbox 736 3919 878 3990; x_wconf 86' lang='lat' dir='ltr'>lactibus</span> <span class='ocrx_word' id='word_1_244' title='bbox 904 3915 1067 4004; x_wconf 80' lang='lat' dir='ltr'>[litidurl]</span> <span class='ocrx_word' id='word_1_245' title='bbox 1093 3915 1229 3986; x_wconf 80' lang='lat' dir='ltr'>loedere</span> <span class='ocrx_word' id='word_1_246' title='bbox 1246 3914 1353 3984; x_wconf 90' lang='lat' dir='ltr'>maic-</span> 
     </span>
    </p>
   </div>
   <div class='ocr_carea' id='block_1_3' title="bbox 149 4035 1354 4761">
    <p class='ocr_par' dir='ltr' id='par_1_3' title="bbox 149 4035 1354 4761">
     <span class='ocr_line' id='line_1_28' title="bbox 150 4035 1354 4137; baseline -0.001 -24"><span class='ocrx_word' id='word_1_247' title='bbox 150 4065 223 4113; x_wconf 89' lang='lat' dir='ltr'>mm</span> <span class='ocrx_word' id='word_1_248' title='bbox 250 4065 347 4114; x_wconf 90' lang='lat' dir='ltr'>snum</span> <span class='ocrx_word' id='word_1_249' title='bbox 373 4043 540 4115; x_wconf 87' lang='lat' dir='ltr'>dissoluta.</span> <span class='ocrx_word' id='word_1_250' title='bbox 572 4069 604 4137; x_wconf 90' lang='lat' dir='ltr'>p.</span> <span class='ocrx_word' id='word_1_251' title='bbox 627 4041 712 4127; x_wconf 89' lang='grc'><strong>495,</strong></span> <span class='ocrx_word' id='word_1_252' title='bbox 741 4044 858 4116; x_wconf 89' lang='lat'><strong>11...</strong></span> <span class='ocrx_word' id='word_1_253' title='bbox 881 4055 1014 4136; x_wconf 87' lang='lat' dir='ltr'>praeter</span> <span class='ocrx_word' id='word_1_254' title='bbox 1039 4041 1216 4112; x_wconf 89' lang='lat' dir='ltr'>lestinatim</span> <span class='ocrx_word' id='word_1_255' title='bbox 1243 4035 1354 4134; x_wconf 78' lang='lat' dir='ltr'>[proc-</span> 
     </span>
     <span class='ocr_line' id='line_1_29' title="bbox 150 4164 1353 4262; baseline -0.003 -24"><span class='ocrx_word' id='word_1_256' title='bbox 150 4183 198 4238; x_wconf 86' lang='lat' dir='ltr'>tor</span> <span class='ocrx_word' id='word_1_257' title='bbox 221 4169 271 4261; x_wconf 65' lang='lat' dir='ltr'>fil</span> <span class='ocrx_word' id='word_1_258' title='bbox 302 4169 592 4262; x_wconf 69' lang='lat' dir='ltr'>praefectiautiml]</span> <span class='ocrx_word' id='word_1_259' title='bbox 628 4170 669 4240; x_wconf 89' lang='lat' dir='ltr'>da</span> <span class='ocrx_word' id='word_1_260' title='bbox 695 4170 836 4241; x_wconf 86' lang='lat' dir='ltr'>castellis</span> <span class='ocrx_word' id='word_1_261' title='bbox 862 4169 903 4241; x_wconf 90' lang='lat' dir='ltr'>ad</span> <span class='ocrx_word' id='word_1_262' title='bbox 929 4181 1038 4239; x_wconf 81' lang='lat' dir='ltr'>restra</span> <span class='ocrx_word' id='word_1_263' title='bbox 1064 4167 1209 4236; x_wconf 85' lang='lat' dir='ltr'>maxima</span> <span class='ocrx_word' id='word_1_264' title='bbox 1234 4164 1353 4257; x_wconf 88' lang='lat' dir='ltr'>peditis</span> 
     </span>
     <span class='ocr_line' id='line_1_30' title="bbox 150 4290 1353 4388; baseline -0.002 -27"><span class='ocrx_word' id='word_1_265' title='bbox 150 4292 313 4364; x_wconf 88' lang='lat' dir='ltr'>conducit.</span> <span class='ocrx_word' id='word_1_266' title='bbox 339 4319 371 4387; x_wconf 89' lang='lat' dir='ltr'>p.</span> <span class='ocrx_word' id='word_1_267' title='bbox 390 4291 474 4375; x_wconf 87' lang='grc'><strong>514,</strong></span> <span class='ocrx_word' id='word_1_268' title='bbox 497 4294 598 4367; x_wconf 90' lang='grc'><strong>6...</strong></span> <span class='ocrx_word' id='word_1_269' title='bbox 625 4295 756 4388; x_wconf 86' lang='lat' dir='ltr'>perfuse</span> <span class='ocrx_word' id='word_1_270' title='bbox 784 4291 965 4388; x_wconf 57' lang='grc'><strong>[51115111]</strong></span> <span class='ocrx_word' id='word_1_271' title='bbox 991 4303 1088 4385; x_wconf 81' lang='lat' dir='ltr'>atque</span> <span class='ocrx_word' id='word_1_272' title='bbox 1107 4290 1238 4361; x_wconf 91' lang='lat' dir='ltr'>abunde</span> <span class='ocrx_word' id='word_1_273' title='bbox 1263 4313 1353 4360; x_wconf 91' lang='lat' dir='ltr'>sem-</span> 
     </span>
     <span class='ocr_line' id='line_1_31' title="bbox 149 4412 1255 4512; baseline -0.002 -26"><span class='ocrx_word' id='word_1_274' title='bbox 149 4439 208 4510; x_wconf 91' lang='lat' dir='ltr'>per</span> <span class='ocrx_word' id='word_1_275' title='bbox 244 4420 294 4490; x_wconf 90' lang='lat' dir='ltr'>usi</span> <span class='ocrx_word' id='word_1_276' title='bbox 332 4441 491 4508; x_wconf 80' lang='lat' dir='ltr'>magnum</span> <span class='ocrx_word' id='word_1_277' title='bbox 523 4419 653 4512; x_wconf 87' lang='lat' dir='ltr'>pondus</span> <span class='ocrx_word' id='word_1_278' title='bbox 688 4418 759 4488; x_wconf 90' lang='lat' dir='ltr'>auri</span> <span class='ocrx_word' id='word_1_279' title='bbox 795 4419 1002 4510; x_wconf 86' lang='lat' dir='ltr'>argentique.</span> <span class='ocrx_word' id='word_1_280' title='bbox 1038 4441 1073 4508; x_wconf 88' lang='lat' dir='ltr'>p.</span> <span class='ocrx_word' id='word_1_281' title='bbox 1097 4414 1182 4497; x_wconf 86' lang='grc'><strong>516,</strong></span> <span class='ocrx_word' id='word_1_282' title='bbox 1211 4412 1255 4485; x_wconf 90' lang='grc'>31</span> 
     </span>
     <span class='ocr_line' id='line_1_32' title="bbox 150 4536 1351 4636; baseline -0.004 -23"><span class='ocrx_word' id='word_1_283' title='bbox 150 4543 309 4636; x_wconf 81' lang='lat' dir='ltr'>navisque</span> <span class='ocrx_word' id='word_1_284' title='bbox 327 4543 462 4634; x_wconf 76' lang='lat' dir='ltr'>triginta</span> <span class='ocrx_word' id='word_1_285' title='bbox 483 4541 630 4624; x_wconf 84' lang='lat' dir='ltr'>biremis,</span> <span class='ocrx_word' id='word_1_286' title='bbox 655 4541 790 4616; x_wconf 89' lang='lat' dir='ltr'>totidem</span> <span class='ocrx_word' id='word_1_287' title='bbox 809 4564 1038 4636; x_wconf 86' lang='lat' dir='ltr'>myoparonas.</span> <span class='ocrx_word' id='word_1_288' title='bbox 1062 4566 1096 4634; x_wconf 89' lang='lat' dir='ltr'>p.</span> <span class='ocrx_word' id='word_1_289' title='bbox 1115 4536 1198 4622; x_wconf 88' lang='grc'><strong>534,</strong></span> <span class='ocrx_word' id='word_1_290' title='bbox 1224 4539 1294 4612; x_wconf 91' lang='grc'>21.</span> <span class='ocrx_word' id='word_1_291' title='bbox 1316 4591 1351 4608; x_wconf 94' lang='grc'>..</span> 
     </span>
     <span class='ocr_line' id='line_1_33' title="bbox 151 4664 1350 4761; baseline -0.012 -15"><span class='ocrx_word' id='word_1_292' title='bbox 151 4689 263 4759; x_wconf 75' lang='lat' dir='ltr'>ptores</span> <span class='ocrx_word' id='word_1_293' title='bbox 297 4664 474 4761; x_wconf 76' lang='lat' dir='ltr'>[priorul]</span> <span class='ocrx_word' id='word_1_294' title='bbox 513 4668 689 4750; x_wconf 85' lang='lat' dir='ltr'>actuariae,</span> <span class='ocrx_word' id='word_1_295' title='bbox 729 4668 812 4759; x_wconf 79' lang='lat' dir='ltr'>trogi</span> <span class='ocrx_word' id='word_1_296' title='bbox 845 4667 988 4760; x_wconf 82' lang='lat' dir='ltr'>grandes</span> <span class='ocrx_word' id='word_1_297' title='bbox 1034 4689 1073 4736; x_wconf 88' lang='lat' dir='ltr'>ac</span> <span class='ocrx_word' id='word_1_298' title='bbox 1106 4665 1197 4736; x_wconf 86' lang='lat' dir='ltr'>laseli</span> <span class='ocrx_word' id='word_1_299' title='bbox 1233 4665 1350 4757; x_wconf 91' lang='lat' dir='ltr'>primo.</span> 
     </span>
    </p>
   </div>
   <div class='ocr_carea' id='block_1_4' title="bbox 0 0 1793 5602">
    <p class='ocr_par' dir='ltr' id='par_1_4' title="bbox 0 0 1793 5602">
     <span class='ocr_line' id='line_1_34' title="bbox 0 0 1793 5602; baseline 0 0"><span class='ocrx_word' id='word_1_300' title='bbox 0 0 1793 5602; x_wconf 95' lang='lat' dir='ltr'> </span> 
     </span>
    </p>
   </div>
  </div>
 </body>
</html>
