3582 5594
1299 581 1313 622 d

481 681 549 752 116

476 881 643 961 concessi:
669 877 840 971 secutique
858 878 999 949 Romani
1023 899 1090 948 non
1116 898 1182 958 mc,
1207 875 1266 946 sed
1290 895 1419 945 morem
1443 895 1541 943 snum
1566 871 1673 942 omnia

475 1027 578 1098 regna
604 1003 833 1085 subvortundi,
872 1003 952 1096 quia
983 1001 1226 1072 multitudinem
1252 999 1330 1070 artis
1354 997 1437 1069 locis
1462 1017 1577 1090 pogna
1602 1019 1673 1088 pro-

476 1128 627 1210 hihuere,
661 1125 907 1220 inprudentiam
932 1125 1085 1216 Tigranis
1110 1147 1172 1218 pro
1197 1123 1337 1194 victoria
1364 1131 1539 1191 ostentant.
1583 1121 1674 1190 Nunc

474 1275 588 1345 quaeso
605 1251 790 1334 considera,
816 1252 912 1322 nobis
932 1251 1096 1345 oppressis
1116 1261 1228 1322 utum
1254 1249 1435 1320 firmiorem
1460 1259 1492 1317 te
1517 1247 1559 1317 ad
1578 1249 1675 1318 resis-

474 1375 623 1458 tendum,
662 1399 705 1447 an
740 1376 841 1446 finem
871 1375 952 1446 beili
986 1376 1132 1445 futurum
1164 1373 1283 1468 putes?
1326 1373 1396 1443 scio
1429 1371 1584 1463 equidem
1618 1372 1674 1442 tihi

472 1521 612 1593 magnas
637 1523 715 1593 opes
740 1501 900 1580 virorum,
927 1522 1097 1570 armorum
1123 1510 1155 1569 et
1179 1500 1253 1568 auri
1275 1521 1362 1579 esse;
1392 1505 1424 1568 et
1450 1522 1491 1570 ea
1513 1521 1551 1568 re
1577 1523 1674 1570 ano-

473 1625 525 1696 bis
550 1624 592 1695 ad
617 1623 820 1705 societatem,
846 1625 889 1695 ab
913 1624 980 1693 illis
1005 1624 1048 1695 ad
1069 1624 1214 1718 praedam
1238 1625 1371 1719 peteris.
1420 1627 1574 1696 Ceterum
1595 1649 1675 1694 con·

473 1749 587 1820 silium
613 1761 671 1831 est,
698 1749 851 1841 Tigranis
875 1771 982 1838 regno
1011 1749 1152 1841 integro,
1184 1749 1268 1819 meis
1293 1749 1453 1820 militibus
1483 1749 1599 1842 procul
1633 1749 1673 1818 ab

472 1875 583 1958 domo,
609 1897 712 1968 parvo
731 1874 848 1946 labore
873 1885 1068 1968 pernostra
1093 1896 1233 1968 corpora
1248 1875 1375 1945 bellum
1399 1874 1582 1945 conficere:
1608 1897 1674 1965 quo

472 2023 581 2092 neque
606 1999 741 2069 vincere
774 2020 885 2089 neque
920 1996 1006 2066 vinci
1032 1996 1103 2066 sine
1137 2010 1194 2066 tuo
1218 1998 1368 2091 periculo
1393 2019 1578 2090 possumus.
1621 1999 1673 2068 An

472 2124 606 2215 ignoras
627 2125 805 2203 Romanos,
829 2132 1004 2215 postquam
1030 2121 1072 2192 ad
1099 2121 1306 2192 occidentem
1331 2121 1545 2215 pergentibus
1572 2121 1673 2191 finem

471 2249 626 2320 Oceanus
644 2247 732 2328 fecit,
759 2269 851 2316 arma
872 2244 939 2315 huc
955 2245 1180 2316 convortissci
1216 2268 1325 2337 neque
1347 2246 1526 2338 quicquam
1542 2268 1563 2315 a
1579 2248 1673 2338 prin·

471 2373 560 2466 cipio
577 2371 641 2442 nisi
661 2382 792 2464 raptum
813 2369 949 2452 habere,
974 2369 1122 2450 domum,
1149 2371 1320 2459 coniuges,
1346 2392 1455 2461 agros,
1474 2370 1672 2462 imperium?

470 2519 634 2567 convenas
659 2496 751 2578 olim,
778 2495 849 2564 sine
866 2493 982 2588 patria,
1008 2494 1080 2564 sine
1105 2494 1311 2586 parentibus,
1337 2505 1428 2587 peste
1451 2494 1599 2565 conditos
1617 2518 1673 2565 or-

469 2621 521 2692 bis
545 2632 730 2691 terrarum=
757 2619 877 2712 quibus
902 2641 969 2688 non
994 2617 1236 2704 humanando
1261 2641 1371 2710 neque
1397 2619 1509 2690 divina
1531 2619 1671 2699 obstant,

469 2745 552 2838 quin
577 2745 695 2828 socios,
728 2744 863 2826 amicos,
898 2744 1025 2836 procul,
1060 2745 1153 2813 iuxta
1185 2744 1274 2826 sitos,
1307 2745 1422 2838 inopes
1454 2755 1672 2838 potentesque

470 2868 614 2949 naham,
640 2868 827 2950 excindant,
853 2869 1033 2961 omniaque
1049 2891 1115 2938 non
1133 2891 1228 2939 serva
1249 2880 1281 2939 et
1298 2891 1453 2939 maxume
1468 2891 1575 2961 regna
1593 2869 1674 2940 hos·

469 2993 541 3063 tilia
574 2993 706 3063 ducant.
755 2994 907 3086 Namque
940 2992 1038 3085 pauci
1070 2992 1265 3074 libertatem,
1303 3016 1380 3087 pars
1413 3015 1536 3084 magna
1569 2995 1673 3066 iustos

469 3117 619 3188 dominos
635 3117 769 3218 voiunt3
795 3139 855 3185 nos
873 3115 1013 3209 suspecti
1039 3138 1152 3186 sumus
1177 3117 1289 3188 aemuli
1314 3129 1348 3186 ct
1372 3118 1407 3187 in
1428 3131 1578 3212 tempore
1595 3119 1673 3190 vin-

468 3240 558 3311 dices
579 3239 737 3310 adfuturi.
781 3240 831 3309 Tu
856 3262 947 3319 vero,
974 3239 1027 3308 cui
1048 3239 1218 3324 Seleucen,
1244 3264 1401 3313 maxuma
1420 3243 1564 3326 urbium,
1591 3267 1673 3336 reg-

467 3385 615 3456 numque
640 3363 783 3434 Persidis
808 3363 940 3457 inciytis
966 3363 1086 3434 divitiis
1112 3376 1171 3446 est,
1197 3367 1279 3457 quid
1304 3366 1348 3437 ab
1373 3368 1439 3439 illis
1464 3369 1528 3437 nisi
1553 3369 1672 3439 dolum

467 3487 503 3557 in
527 3508 673 3579 praesens
698 3496 731 3556 et
755 3497 870 3580 postea
892 3487 1018 3557 bellum
1040 3489 1217 3582 expectas?
1255 3491 1396 3560 Romani
1422 3513 1515 3561 arum
1532 3491 1567 3560 in
1594 3515 1673 3562 om·

467 3610 518 3681 nis
550 3609 684 3692 habent,
722 3632 895 3681 acerruma
925 3611 959 3680 in
991 3634 1059 3693 eos,
1098 3612 1219 3704 quibus
1250 3614 1344 3684 victis
1377 3615 1481 3708 spolia
1510 3639 1674 3687 maxuma

466 3744 562 3814 sont;
601 3733 754 3804 audendo
784 3747 817 3805 et
845 3735 990 3806 sallendo
1021 3746 1054 3806 et
1084 3735 1173 3807 heila
1198 3760 1241 3806 ex
1264 3738 1362 3808 hellis
1387 3739 1527 3810 serendo
1552 3742 1673 3833 magni

466 3858 557 3930 facti.
597 3860 662 3928 Per
685 3857 776 3928 hunc
801 3882 927 3930 morem
953 3860 1149 3951 extinguent
1168 3863 1281 3932 omnia
1304 3873 1360 3933 aut
1384 3863 1550 3935 occident:
1578 3868 1673 3960 qnod

466 3982 556 4053 haud
581 3981 718 4053 difficile
744 3993 802 4064 est,
841 3984 869 4054 si
901 3995 936 4053 tu
961 3985 1208 4077 Mesopotamia,
1242 4008 1301 4056 nos
1326 3989 1487 4058 Armenia
1521 3991 1676 4062 circum-

466 4106 636 4199 gredimur
661 4106 843 4177 exercitum
870 4108 941 4177 sine
966 4110 1143 4192 frumento,
1177 4110 1248 4180 sine
1273 4111 1419 4194 auxiliis,
1453 4113 1585 4184 fortuna
1612 4127 1676 4186 ant

464 4230 583 4300 nostris
614 4229 702 4300 vitiis
734 4230 843 4301 adhuc
876 4232 1088 4303 incolumem.
1139 4235 1251 4328 chuc
1284 4235 1343 4306 ilia
1376 4237 1463 4306 fama
1495 4251 1674 4332 sequetur,

464 4354 591 4424 anxilio
615 4356 798 4447 profectum
822 4357 953 4446 magnis
973 4357 1108 4450 regibus
1125 4359 1268 4429 latrones
1286 4360 1433 4450 gentium
1450 4363 1674 4456 oppressisse.

367 4445 380 4474 ⁹
464 4479 563 4564 Quod
587 4479 635 4550 uti
660 4480 763 4550 iacias
788 4503 908 4551 moneo
933 4481 1128 4575 hortorque;
1163 4508 1230 4555 neu
1256 4485 1353 4555 malis
1378 4486 1528 4579 pernicie
1553 4501 1675 4560 nostra

464 4615 556 4674 tuam
582 4605 747 4697 prolatare
773 4630 874 4698 qnam
899 4607 1053 4679 societate
1078 4609 1181 4680 victor
1206 4611 1289 4680 fieri.
