3554 5600
407 647 479 718 256

408 849 506 918 etiam
533 847 574 917 iis
599 869 685 941 quae
711 869 867 940 praesens
894 848 963 940 ipse
996 847 1087 928 vidit,
1122 850 1199 919 lacit
1228 849 1357 942 scriptis
1384 873 1404 918 a
1436 872 1472 918 se
1500 849 1613 919 fidem.
1762 881 1767 890 ·

409 973 588 1063 Dionysius
617 971 724 1042 idolio.
755 968 791 1052 4,
823 967 992 1044 'to-73.
1094 973 1153 1042 20.
1196 973 1293 1067 Apud
1329 973 1471 1044 Fabium
1514 976 1614 1066 longe
1762 975 1774 1015 '³

373 1177 375 1180 ,
408 1096 674 1188 antiquissimum
700 1106 869 1167 auctorem
896 1117 1000 1187 usque
1026 1097 1067 1168 ad
1093 1106 1296 1168 senectutem
1327 1099 1447 1168 vixisse
1480 1092 1616 1187 [Corio-

411 1214 540 1311 lanum]
566 1220 710 1290 invenio.
757 1221 870 1290 Refert
895 1231 983 1290 certe
1009 1221 1096 1292 banc
1127 1243 1225 1315 saepe
1256 1243 1333 1292 eum
1362 1235 1480 1293 exacta
1506 1235 1615 1294 aetate
1766 1257 1770 1266 ·

408 1367 583 1436 usurpasse
608 1367 735 1425 vocem,
762 1346 867 1415 multo
892 1345 1046 1415 miserius
1072 1346 1145 1415 seui
1167 1347 1307 1416 exilium
1324 1369 1406 1416 esse.
1446 1349 1561 1417 ntem
1579 1348 1615 1430 2,

408 1467 469 1548 40,
498 1469 555 1540 tt.
657 1471 716 1538 21.
746 1471 844 1539 Forte
882 1469 917 1539 in
955 1468 1184 1540 libraria...
1223 1471 1363 1563 expositi
1398 1483 1494 1542 erant
1518 1473 1615 1542 Fabii

409 1594 557 1674 annales,
583 1593 692 1664 bonae
718 1605 816 1686 atque
846 1593 994 1664 sincerae
1019 1594 1191 1664 vetustatis
1220 1595 1308 1675 libri,
1347 1619 1429 1688 quos
1461 1597 1617 1667 venditor

408 1718 481 1788 eine
506 1717 635 1787 mendis
661 1739 734 1787 esee
760 1717 990 1787 contendebat.
1035 1719 1275 1789 Grammaticus
1307 1731 1416 1791 autem
1447 1720 1615 1813 quispiam

407 1842 451 1912 de
476 1841 790 1913 nobilioribus...
823 1842 1017 1912 ostendebat
1049 1843 1092 1912 ita
1118 1844 1275 1937 scriptum
1300 1845 1334 1915 in
1361 1844 1447 1914 libro
1472 1859 1614 1936 quarto:

408 1967 619 2060 ‘quapropter
637 1978 706 2036 tum
720 1965 865 2059 primum
883 1988 925 2034 ex
951 1965 1046 2057 plebe
1072 1967 1157 2038 alter
1181 1968 1296 2038 consul
1318 1969 1422 2038 lactus
1440 1979 1501 2050 est,
1529 1969 1616 2038 duo-

410 2091 600 2162 etvicesimo
638 2113 728 2160 anuo
761 2101 835 2182 post
865 2111 967 2182 quam
998 2090 1138 2160 Romam
1174 2091 1260 2162 Galli
1297 2097 1479 2184 cepemnt.'
1527 2095 1615 2173 Non,

410 2217 528 2308 inquit,
554 2213 822 2293 duoetvicesimo‚
849 2212 906 2282 sed
932 2212 1199 2283 duodevicesimo
1224 2214 1322 2284 scribi
1342 2218 1507 2307 oportuit;
1533 2220 1615 2310 quid

410 2340 499 2410 enim
526 2349 574 2408 est
599 2336 882 2408 duoetvicesimol
927 2335 1048 2406 Gellius
1073 2336 1108 2417 5,
1134 2333 1169 2407 4.
1270 2340 1329 2408 22.
1364 2341 1525 2412 ductores
1552 2343 1617 2412 ba-

410 2465 473 2535 beo
499 2463 549 2533 bis
575 2484 650 2531 cum
678 2461 771 2531 boste
805 2459 901 2551 signa
926 2459 1044 2529 collata
1083 2452 1115 2548 [a
1149 2459 1190 2542 Q.
1220 2461 1323 2531 Fabio
1351 2463 1508 2534 Rulliauo
1541 2489 1617 2535 ma-

411 2590 514 2680 gistro
541 2586 708 2678 equitum,
743 2579 889 2678 Papirio]
920 2583 1082 2654 dictatore
1110 2583 1262 2666 absente,
1300 2586 1352 2656 bis
1376 2609 1448 2658 rem
1476 2590 1617 2680 egregie

410 2725 556 2804 gestem
588 2712 676 2804 apud
703 2711 951 2802 antiquissimos
977 2711 1153 2801 scriptores
1180 2735 1246 2781 una
1271 2712 1355 2783 baec
1379 2737 1492 2806 pugna
1519 2717 1617 2786 inve-

410 2838 514 2917 nitur;
542 2838 574 2905 in
600 2835 799 2928 quibusdam
825 2834 1000 2904 annalibus
1026 2845 1090 2904 tota
1116 2857 1169 2904 res
1193 2839 1423 2929 praetermissa
1445 2851 1504 2908 est.
1541 2843 1618 2911 lda-

411 2963 513 3054 gister
538 2961 698 3052 equitnm,
725 2971 761 3030 ut
787 2981 829 3028 ex
853 2969 943 3028 tanta
969 2959 1070 3028 caede
1096 2960 1208 3030 multis
1234 2962 1354 3054 potitus
1380 2963 1505 3055 spoliis,
1532 2987 1618 3034 con-

410 3098 503 3178 gesta
528 3087 561 3154 in
589 3085 756 3174 ingentem
786 3104 944 3152 acervum
976 3081 1107 3153 hostilia
1139 3106 1233 3154 arma
1266 3085 1398 3156 subdito
1428 3087 1505 3178 igne
1530 3111 1618 3158 con-

411 3209 580 3290 cremavit,
606 3231 664 3277 sen
685 3219 796 3277 votum
819 3205 852 3274 id
874 3206 1012 3276 deorum
1035 3207 1180 3300 cuipiam
1196 3208 1268 3291 tuit,
1295 3233 1353 3281 seu
1375 3213 1511 3281 credere
1533 3212 1619 3282 libet

410 3334 515 3406 Fabio
544 3332 669 3404 auctori
702 3355 742 3402 eo
771 3331 907 3410 lactum,
944 3353 987 3399 ne
1022 3353 1101 3401 suae
1136 3334 1264 3423 gloriae
1296 3335 1439 3406 fructum
1475 3337 1619 3406 dictator

410 3469 544 3552 caperet
569 3477 758 3548 nomenque
784 3455 829 3524 ibi
856 3455 1016 3526 scriberet
1040 3469 1097 3527 aut
1121 3459 1227 3551 spolia
1253 3459 1287 3528 in
1306 3460 1474 3554 triumpho
1501 3461 1617 3530 terret

412 3585 522 3652 Livius
542 3581 578 3660 8,
606 3579 664 3661 30,
693 3579 812 3650 7-9.
915 3580 974 3649 23.
1000 3583 1043 3650 lit
1079 3580 1176 3651 buius
1209 3584 1287 3652 anni
1319 3607 1434 3676 parum
1461 3597 1618 3655 constans

412 3707 574 3776 memoria
600 3717 657 3774 est.
709 3705 913 3775 Postumium
941 3697 1135 3794 [consulem]
1167 3718 1282 3776 auctor
1311 3720 1359 3777 est
1384 3708 1554 3786 Claudius,
1583 3712 1617 3778 in

412 3831 548 3902 Samnio
573 3829 676 3923 captis
702 3829 829 3920 aliquot
854 3827 1003 3906 urbibus.
1040 3829 1073 3898 in
1101 3830 1222 3922 Apulia
1250 3832 1356 3901 fissum
1384 3833 1617 3925 fugatumque,

307 3997 316 4011 ι
411 3957 560 4026 sancium
594 3955 700 4047 ipsum
732 3975 807 4022 cum
840 3953 955 4045 paucis
980 3953 1155 4022 Luceriam
1181 3955 1404 4047 compulsum:
1444 3957 1484 4026 ab
1511 3957 1618 4028 aritio

413 4074 529 4170 [altero
555 4071 703 4167 consule]
748 4077 781 4146 in
814 4077 948 4146 Etruria
979 4099 1033 4145 res
1065 4089 1175 4167 gestas
1207 4101 1350 4171 eumque
1380 4081 1617 4175 triumphasse.

412 4205 533 4276 Fabius
557 4202 657 4272 ambo
683 4201 836 4270 consules
862 4201 896 4269 in
924 4201 1059 4269 Samnio
1087 4201 1177 4270 etad
1197 4203 1370 4273 Luceriam
1396 4227 1449 4274 res
1474 4207 1618 4296 gessisse
1759 4243 1764 4254 ·

411 4329 535 4407 scribit,
561 4326 813 4418 traductumque
837 4325 871 4392 in
894 4324 1060 4394 Etruriam
1081 4326 1261 4396 exercitum
1290 4323 1357 4415 (sed
1379 4329 1421 4399 ab
1443 4341 1516 4400 utro
1532 4354 1618 4401 con-

412 4455 484 4524 sule
514 4475 581 4521 non
613 4443 745 4538 adiecit)
779 4459 811 4517 et
842 4447 883 4516 ad
917 4447 1093 4518 Luceriam
1122 4450 1288 4543 utrimque
1323 4453 1442 4523 multos
1477 4454 1615 4535 occisos,

413 4579 514 4670 inque
541 4599 579 4645 ea
605 4595 717 4668 pugna
743 4571 827 4643 lovis
848 4572 985 4642 Statoris
1010 4572 1124 4642 aedem
1152 4585 1273 4655 votam,
1301 4587 1336 4646 ut
1354 4578 1515 4648 Romulus
1539 4593 1617 4650 ante

412 4712 556 4782 voverat,
583 4699 640 4768 sed
658 4698 771 4768 lanum
787 4706 926 4776 tantum,
954 4695 987 4764 id
1007 4709 1055 4766 est
1073 4697 1165 4767 locus
1187 4700 1313 4791 templo
1334 4701 1449 4772 ellatus
1468 4715 1616 4774 sacratus
