3554 5600
1278 704 1350 772 212

130 903 190 972 ll.
219 905 331 974 Noctu
356 904 480 995 diuque
506 904 659 975 stationes
691 917 723 974 et
755 903 888 996 vigilias
912 914 1084 997 temptare.
1135 902 1194 972 45.
1229 903 1349 994 Neque

129 1027 304 1108 subsidiis,
328 1029 379 1098 uti
391 1029 546 1110 soluerat,
573 1029 772 1122 compositis.
815 1028 874 1100 46.
902 1030 1018 1122 Neque
1037 1029 1182 1098 inermes
1196 1050 1240 1096 ex
1260 1048 1350 1120 prae·

129 1145 177 1224 lio
201 1155 299 1223 viros
315 1129 516 1247 quemquam
538 1164 748 1245 agnoturum.
791 1152 850 1222 47.
878 1153 975 1222 Pario
992 1153 1080 1244 legio
1098 1152 1222 1222 humen
1239 1163 1350 1222 trans-

132 1280 232 1348 ducta
259 1289 370 1348 castra
395 1278 554 1348 dilatavit.
603 1277 661 1347 48.
690 1280 773 1349 Suos
800 1277 927 1370 equites
954 1277 1103 1347 hortatus
1129 1276 1214 1347 vado
1238 1286 1350 1347 trans-

134 1403 236 1472 misit.
298 1404 358 1474 te.
391 1404 529 1483 Omnes,
568 1401 625 1494 qui
654 1402 780 1471 circum
807 1412 893 1484 sunt,
932 1401 1131 1494 praeminent
1175 1399 1349 1471 altitudine

133 1527 268 1596 milium
304 1549 460 1619 passuum
498 1526 652 1601 duorum.
704 1525 763 1595 50.
798 1526 874 1598 Diei
909 1525 1029 1596 medio.
1082 1525 1141 1594 51.
1184 1523 1349 1594 Titurium

133 1649 288 1740 legatum
314 1674 389 1720 curn
405 1651 597 1721 cohortibus
615 1652 685 1721 XV.
714 1651 748 1720 iu
767 1650 948 1722 Celtiberia
974 1651 1120 1720 hiemem
1146 1672 1247 1742 agere
1274 1649 1348 1719 ius·

134 1773 186 1851 sit,
221 1773 458 1865 praesidentem
484 1774 601 1845 socios.
645 1775 703 1845 52.
733 1777 912 1867 Ruuntque
947 1797 1023 1867 pars
1057 1795 1180 1865 magna
1214 1774 1349 1843 suismet

135 1906 191 1966 aut
222 1920 467 1990 proxumorum
501 1899 592 1978 telis,
636 1899 735 1969 ceteri
774 1899 846 1970 vice
887 1899 1015 1993 pecoris
1054 1898 1347 1969 obtruncabantur.

137 2019 195 2090 53.
222 2023 270 2092 At
296 2023 449 2093 Metellus
475 2023 509 2092 in
537 2024 729 2094 ulteriorem
748 2024 946 2117 Hispaniam
973 2034 1045 2116 post
1070 2045 1194 2092 anuum
1216 2043 1350 2112 regres-

136 2169 201 2224 sus,
228 2167 357 2237 magna
382 2147 489 2236 gloria
515 2148 783 2218 concurrentium
819 2146 965 2240 undique
991 2146 1087 2216 virile
1122 2156 1154 2214 et
1184 2143 1349 2215 muliebre

137 2293 243 2349 secus,
279 2271 433 2363 pervias
459 2294 498 2340 ae
522 2281 607 2341 tecta
633 2273 783 2343 omnium
816 2273 993 2351 visebatur,
1034 2294 1110 2342 cum
1137 2279 1280 2364 quaestor
1309 2267 1346 2338 C.

137 2395 285 2465 Urbinus
310 2394 446 2487 aliique,
482 2397 616 2488 cognita
641 2399 822 2478 voluntate,
862 2420 938 2467 eum
965 2396 1007 2465 ad
1033 2418 1160 2465 coenam
1186 2394 1350 2463 invitave-

138 2529 222 2597 rant.
253 2519 339 2588 ultra
364 2521 592 2591 Romanorum
618 2534 651 2592 et
674 2523 867 2592 mortalium
894 2523 994 2591 etiam
1021 2542 1147 2590 morem
1175 2517 1346 2598 curabant,

139 2643 309 2712 exornatis
334 2643 461 2714 aedibus
486 2668 546 2737 per
563 2646 670 2716 aulaeu
696 2659 728 2716 et
753 2647 909 2738 insignia,
937 2646 1112 2738 scenisque
1139 2643 1179 2712 ad
1202 2651 1348 2712 ostenta-

140 2767 263 2836 tionem
290 2766 489 2838 histrionum
516 2769 695 2839 labricatis.
739 2770 846 2840 Simul
872 2792 970 2840 croco
995 2791 1108 2860 sparsa
1134 2767 1275 2845 humus,
1315 2775 1347 2834 et

140 2891 204 2960 alia
239 2891 275 2960 iu
315 2891 451 2962 modum
482 2895 598 2987 templi
633 2895 858 2964 celeberrimi.
911 2896 1078 2964 Praeterea
1112 2915 1187 2962 cum
1219 2889 1347 2960 sedenti

141 3025 319 3086 transenna
335 3016 516 3086 demissum
533 3018 689 3089 Victoriae
714 3019 929 3089 simulacrum
955 3039 1030 3087 cnm
1056 3015 1246 3085 machinato
1263 3025 1348 3083 stre-

141 3141 208 3233 pitu
234 3142 417 3212 tonitrunm
443 3166 600 3214 coronam
626 3145 724 3238 capiti
752 3145 948 3236 inponebant,
983 3153 1052 3213 tum
1078 3141 1222 3212 venienti
1248 3140 1346 3210 thure

141 3266 233 3358 quasi
258 3267 322 3335 deo
347 3268 605 3360 supplicabatur.
648 3270 741 3359 Toga
771 3269 858 3363 picta
884 3269 1080 3361 plerumque
1107 3266 1251 3336 amiculo
1277 3275 1347 3334 erat

142 3389 172 3456 ei
189 3389 416 3460 accumbenti:
451 3393 557 3485 cpulae
583 3394 835 3484 quaesitissimae,
865 3417 975 3485 neque
1002 3413 1220 3484 peromnem
1246 3389 1346 3459 modo

141 3515 358 3605 provinciam,
386 3516 442 3584 sed
468 3519 688 3587 transmaria
714 3541 756 3587 ex
774 3517 977 3588 Mauretania
1004 3516 1176 3586 volucrum
1203 3525 1235 3584 et
1257 3513 1347 3583 lera-

142 3661 213 3708 rmn
239 3639 407 3731 incognita
434 3651 532 3711 antea
558 3643 653 3734 plura
679 3664 822 3732 genera:
863 3641 983 3733 quibus
1016 3640 1115 3709 rebus
1141 3639 1345 3730 aliquantam

142 3773 266 3853 partem
284 3763 400 3854 gloria
419 3763 605 3844 demiserat,
629 3788 783 3835 maxume
801 3764 888 3858 apud
908 3774 1033 3833 veteres
1051 3772 1084 3831 et
1100 3771 1228 3831 sanctos
1246 3761 1345 3838 viros,

142 3943 188 4002 44.
209 3943 298 4004 Char.
319 3962 347 4022 p.
371 3948 437 4006 185.
479 3947 528 4005 45.
549 3946 645 4005 Prisc.
667 3948 696 4006 2.
721 3948 767 4006 10.
782 3947 851 4006 468.
894 3945 941 4004 46.
958 3944 1040 4003 idam
1057 3945 1101 4003 10.
1122 3944 1149 4003 3.
1164 3941 1234 4002 486.
1256 3938 1344 3999 Serv.

144 4046 183 4106 ad
201 4049 279 4110 Aen.
302 4053 331 4110 4.
353 4053 399 4110 23.
448 4052 496 4110 47.
517 4050 572 4110 Ar.
594 4069 618 4111 s.
640 4069 667 4110 v.
689 4052 798 4110 bened.
819 4069 848 4128 p.
870 4052 929 4111 265
951 4050 1040 4108 Porto
1061 4064 1101 4107 ex
1128 4064 1196 4107 mea
1217 4045 1345 4122 conjec-

143 4157 220 4232 tura3
248 4157 344 4218 Pereo
370 4135 465 4219 leolih
488 4157 561 4220 (lod.
609 4159 759 4219 48166111
785 4159 1048 4217 theutrum.
1096 4155 1144 4214 49.
1166 4154 1248 4214 idem
1269 4169 1293 4212 s.
1316 4171 1345 4210 v.

140 4279 236 4334 prum
257 4281 285 4340 p.
307 4266 376 4326 256.
418 4267 466 4325 50.
489 4265 570 4327 idem
591 4284 615 4326 s.
637 4285 666 4325 v.
686 4265 757 4324 med.
776 4283 806 4342 p.
821 4267 890 4324 247.
933 4266 979 4322 51.
996 4263 1077 4322 idem
1092 4279 1117 4320 s.
1131 4278 1159 4319 v.
1171 4276 1259 4335 praes.
1276 4261 1344 4318 252.

145 4371 190 4428 52.
211 4369 285 4431 Νοι.
308 4373 376 4432 497.
398 4375 446 4432 25.
468 4376 557 4432 ruine
576 4371 748 4451 mooun.
770 4377 916 4449 meatque
936 4371 1015 4430 noni.
1034 4367 1172 4429 Colerus.
1215 4367 1345 4426 531115-

145 4476 414 4538 mustitana.
438 4480 485 4538 13.
520 4477 595 4540 Νοι.
616 4481 685 4540 222.
708 4481 755 4540 22.
795 4477 913 4539 Charis.
936 4479 984 4538 61.
1006 4477 1061 4536 etr.
1097 4475 1184 4536 Serv.
1206 4474 1248 4534 ed
1267 4472 1345 4532 Aen.

146 4583 171 4640 5.
185 4585 251 4642 488.
278 4583 353 4644 Non.
374 4585 442 4645 286.
467 4589 513 4646 11.
538 4587 604 4645 180.
628 4589 654 4644 1.
686 4584 761 4646 Nou.
783 4586 851 4644 286.
873 4584 941 4644 huo
967 4583 1073 4643 laudat
1100 4598 1139 4640 ex
1160 4580 1214 4641 lib.
1235 4597 1278 4639 ιιι.
1301 4579 1346 4640 ibi

146 4685 253 4764 legitur
272 4709 336 4750 mm
358 4693 498 4751 moelem
514 4696 634 4768 strepitu
647 4692 795 4751 &meeum
814 4693 944 4751 Victorte
958 4690 1145 4751 mmmmm
1156 4705 1267 4748 corona
1286 4707 1309 4747 c.
1326 4691 1344 4746 t.

148 4793 199 4854 sed
222 4799 278 4857 180
298 4803 396 4858 reete:
419 4806 509 4858 trem.
530 4799 593 4858 dim.
620 4801 684 4858 Vtct.
706 4803 769 4858 eim.
793 4816 856 4857 cum
877 4798 1071 4857 moettnotoet.
1095 4815 1118 4854 c.
1141 4815 1164 4854 c.
1187 4799 1205 4853 ι’.
