3526 5604
1260 615 1331 686 337

119 835 269 884 numero
294 812 376 883 dnos
400 809 462 882 suh
486 833 660 904 vesperam
685 813 870 884 revertisse.
905 814 1091 884 Plutarchus
1107 771 1275 899 8111119,
1297 816 1332 889 3.

123 939 185 1008 11.
218 935 487 1030 De'Trophonio
514 938 680 1006 ...lam
707 936 792 1007 lacta
822 935 865 1006 ad
891 935 1120 1007 Chaeroneam
1151 962 1264 1032 pugna
1290 941 1331 1025 Q.

120 1061 233 1134 Titius
259 1063 348 1133 haud
374 1061 542 1153 ignobilis,
576 1085 636 1154 per
662 1063 837 1132 Graeciam
863 1064 1026 1154 negotiari
1051 1065 1176 1148 solitus,
1203 1079 1239 1137 ut
1263 1069 1333 1160 ipse

121 1187 221 1258 Sulla
247 1186 282 1256 in
309 1187 437 1278 decimo
462 1187 776 1257 commentariorum
803 1187 890 1258 lihro
914 1189 1025 1271 refert,
1052 1190 1143 1258 venit
1166 1192 1333 1274 nuntians,

121 1311 321 1405 praedicere
346 1308 572 1404 Trophonium
606 1309 745 1380 alteram
779 1311 960 1404 paucisque
997 1310 1111 1382 diebus
1144 1324 1218 1406 post
1245 1315 1335 1386 tutu·

120 1458 198 1506 ram
224 1455 373 1528 pugnam
403 1455 442 1502 ac
472 1432 657 1503 victoriam.
708 1434 784 1504 Post
818 1432 908 1504 hunc
934 1435 1106 1506 Salvenius
1131 1437 1267 1529 qnidam
1293 1461 1335 1509 ex

120 1559 296 1654 praetoria
321 1557 457 1628 cohorte
482 1557 612 1640 retulit,
653 1545 787 1650 qualem
820 1557 944 1629 exitum
977 1559 1100 1630 Italicis
1129 1563 1228 1634 rebus
1253 1563 1335 1634 deus

121 1683 342 1776 signiticaret.
379 1683 523 1776 Uterque
540 1680 657 1751 eadem
683 1681 725 1752 da
750 1681 862 1752 divino
883 1685 1020 1756 oraculo
1045 1689 1335 1772 commemorabat,

121 1809 234 1880 111111
269 1806 359 1877 enim
396 1779 496 1876 deum
527 1805 596 1876 lovi
630 1805 787 1900 Olympio
817 1817 849 1876 et
874 1807 1121 1900 pulchritudine
1148 1820 1179 1878 11
1204 1813 1337 1904 magni-

122 1933 242 2004 tudine
269 1932 425 2002 similem.
476 1931 663 2002 Plutarchus
691 1931 783 2000 Sulla
816 1928 873 2014 17,
902 1929 934 2003 1.
1045 1934 1100 2004 15.
1131 1935 1335 2006 Archelaum

125 2058 316 2129 honorifice
343 2057 461 2128 hahuit
486 2067 518 2126 et
543 2056 745 2147 aegrotantis
769 2079 836 2127 non
862 2080 957 2128 secus
983 2059 1053 2152 egit
1077 2083 1203 2142 curam,
1243 2084 1282 2132 ao
1307 2061 1335 2130 si

123 2183 258 2276 legatus
284 2191 341 2253 aut
366 2182 496 2274 collega
517 2181 612 2250 foret.
655 2180 749 2251 Unde
774 2205 923 2253 rumores
949 2183 1013 2254 orti
1038 2207 1106 2253 non
1128 2183 1252 2276 optima
1269 2184 1335 2255 tide

122 2317 314 2401 pugnaturn
340 2307 381 2378 ad
406 2307 636 2378 Chaeroneam
674 2329 746 2377 csse
771 2309 1023 2402 praemiumque
1052 2310 1246 2403 proditionis
1272 2310 1336 2381 hoc

123 2432 297 2504 Archelao
330 2432 420 2514 dari;
453 2431 735 2525 quemadmodum
766 2455 833 2502 non
855 2434 931 2503 -alia
959 2435 1006 2526 de
1028 2457 1127 2505 causa
1152 2457 1237 2504 unus
1261 2456 1336 2504 om-

123 2557 221 2628 nium
240 2557 439 2629 Mithridatis
460 2557 644 2668 amicornm
662 2559 864 2652 captivorum
882 2560 1005 2631 Aristio
1026 2571 1184 2654 tyrannus
1206 2584 1335 2632 veneno

123 2694 263 2754 necatus
284 2692 379 2764 esset,
406 2682 528 2775 quippe
544 2681 711 2753 Archelao
733 2683 875 2765 invisum
902 2684 959 2754 sed
985 2686 1130 2755 maxime
1148 2685 1237 2779 qnod
1259 2686 1335 2756 data

124 2816 224 2876 erant
256 2805 445 2898 Cappadoci
476 2805 591 2875 decem
623 2804 715 2874 milia
749 2805 903 2896 iugerum
934 2808 1005 2898 agri
1034 2808 1193 2890 Euboici,
1227 2807 1335 2877 idern·

124 2953 191 3022 que
227 2930 271 3000 ah
313 2930 406 3000 Sulla
439 2929 546 2999 socius
582 2937 614 2998 et
653 2929 781 3001 amicus
819 2931 932 3023 populi
966 2932 1106 3002 Romani
1137 2932 1334 3024 appellatus.

124 3055 223 3139 Quae
262 3054 376 3124 omnia
413 3054 483 3146 ipse
517 3053 609 3124 Sulla
644 3053 678 3122 in
708 3055 952 3126 commentariis
983 3056 1051 3126 suis
1084 3055 1191 3125 relata
1223 3056 1333 3126 diluit.

123 3180 316 3250 Plutarchus
340 3177 433 3248 Sulln
457 3175 517 3258 23,
546 3175 578 3246 1.
683 3178 739 3247 16.
774 3179 866 3248 Sulla
901 3178 936 3248 iu
961 3178 1091 3249 ltaliam
1121 3179 1264 3260 traiecit,
1299 3190 1335 3250 ut

124 3306 196 3399 ipse
214 3305 275 3384 ait,
303 3302 459 3372 adversus
484 3299 674 3395 quindecim
700 3301 843 3393 partium
861 3301 1072 3373 adversarum
1094 3304 1196 3374 duces
1213 3304 1335 3375 cohor-

123 3441 241 3522 tesque
261 3425 518 3519 quadringentas
539 3424 781 3517 quinquaginta
798 3427 1016 3519 prolecturus,
1042 3439 1156 3520 aperte
1180 3427 1243 3498 deo
1262 3430 1334 3498 vic-

124 3554 247 3624 toriam
275 3552 306 3621 ei
332 3550 536 3621 ostendente.
585 3550 738 3643 Namque
764 3550 943 3622 Tarentum
975 3553 1131 3644 appulsus
1161 3562 1193 3621 et
1225 3553 1332 3624 statim

124 3677 319 3748 sacrificans
357 3674 440 3744 vidit
473 3672 508 3743 in
539 3674 647 3766 capite
681 3674 799 3743 iecoris
834 3673 976 3767 liguram
1015 3699 1158 3746 coronae
1198 3676 1332 3747 laureae

123 3801 431 3892 lemniscorumqne
453 3798 530 3868 inde
549 3796 806 3890 dependentium
827 3851 835 3868 .
855 3851 892 3868 ..
919 3800 1076 3870 Norbano
1102 3799 1255 3872 celeriter
1278 3801 1333 3870 lu-

125 3935 206 4017 gato
249 3934 281 3993 et
312 3923 462 4016 Capuam
495 3923 665 4014 compulso
698 3922 824 3992 lactum
854 3945 925 3992 esse
957 3921 1018 4004 ait,
1056 3935 1092 3993 ut
1120 3923 1244 3992 milites
1273 3945 1332 4016 per

124 4050 251 4142 oppida
269 4069 335 4117 non
361 4047 640 4140 dispergerentur,
678 4045 736 4114 sed
762 4045 929 4116 coniuncti
958 4045 1225 4116 adversariorum
1250 4071 1333 4118 con-

124 4183 315 4243 temnerent
353 4193 529 4241 numerem
567 4168 775 4261 ampliorem.
830 4172 914 4240 Item
946 4170 1040 4240 Silvii
1075 4170 1120 4239 ait
1149 4172 1331 4241 accurrisse

125 4319 261 4368 servum
293 4295 401 4365 Pontii
435 4295 634 4376 lenaticum,
673 4294 731 4386 qui
762 4294 885 4365 diceret
915 4317 935 4364 a
968 4294 1106 4364 Bellona
1139 4317 1174 4364 se
1205 4294 1331 4366 iussum

124 4421 298 4492 victoriam
323 4418 373 4488 illi
396 4417 567 4495 nuntiaret
594 4426 743 4486 ceterum
768 4418 802 4486 ni
829 4429 1018 4500 maturaret,
1046 4417 1244 4511 Capitolium
1271 4420 1331 4490 de-

126 4546 364 4637 flagraturum
396 4544 494 4636 idque
520 4543 642 4613 lactum
667 4564 739 4611 esse
765 4542 870 4635 pridie
896 4544 1008 4613 Nonas
1030 4542 1205 4626 Quintiles,
1231 4567 1330 4636 quem

126 4670 264 4762 quidem
283 4668 371 4739 diem
390 4669 447 4738 ille
464 4666 690 4761 praedixisset.
730 4667 916 4738 Plutarchus
933 4667 1026 4738 Sulla
1045 4666 1106 4739 27.
1209 4668 1265 4736 17.
1293 4670 1329 4738 ln

1130 4791 1169 4850 22
