3526 5604
1286 673 1357 745 363

146 878 267 948 lunerc
281 877 387 945 locato
396 875 437 944 ad
448 875 554 945 iorum
565 874 781 945 descondidit.
808 861 1017 955 Gallicam,
1031 872 1087 944 17.
1180 875 1239 944 62.
1258 873 1358 943 Proe-
1400 843 1406 852 ⁹

145 1013 232 1068 terea
257 999 390 1070 Antiate
421 1000 469 1068 orl
493 999 629 1069 Valerio
654 998 786 1068 Antiate
812 1013 937 1068 eudon
961 1020 1038 1067 usur
1063 1011 1106 1066 est
1130 997 1255 1065 Plinius
1290 1011 1356 1066 not.

145 1124 221 1192 lrist.
249 1125 305 1193 lib.
337 1123 393 1194 12.
418 1121 477 1195 21.
502 1122 562 1194 22.
587 1121 647 1194 28.
672 1121 732 1193 29.
754 1120 814 1193 33.
841 1125 898 1214 ptri
922 1123 999 1191 libri
1023 1137 1095 1192 suot
1117 1123 1154 1190 de
1179 1119 1356 1202 arboribus,

146 1249 186 1316 de
211 1252 340 1318 emeris
364 1251 488 1340 florum,
522 1251 561 1319 de
584 1251 771 1321 auctoritate
796 1250 973 1330 hobarum,
1008 1251 1046 1318 de
1070 1249 1202 1338 reliquis
1233 1247 1359 1338 poneri-

147 1371 206 1442 bus
231 1374 411 1453 tatanem,
439 1375 477 1442 dc
500 1373 668 1453 medicine,
695 1374 734 1441 de
758 1372 955 1442 metallorum
980 1387 1110 1455 notura.

630 1671 873 1680 Ἥ

462 1911 577 1996 xm
626 1911 659 1996 6.
689 1911 864 1996 tlemus
891 1909 1037 1996 tttttt

228 2125 259 2193 l.
291 2123 357 2192 Res
382 2124 548 2193 Romanas
581 2115 713 2210 [Latino
743 2116 908 2212 sermone]
944 2121 1070 2191 laudati
1095 2121 1270 2213 scriptores
1295 2134 1358 2193 etc.

148 2273 251 2342 supro
270 2275 304 2342 p.
329 2247 413 2330 304,
443 2249 499 2321 19.
550 2251 632 2319 Nam
664 2247 744 2340 quid
769 2249 896 2319 Acrum
933 2241 1129 2337 [lllacruml]
1162 2247 1359 2317 numerem?

149 2375 246 2445 cuius
272 2375 454 2468 loquacitas
481 2374 580 2444 habet
604 2373 733 2465 aliquid
758 2373 984 2464 argutiarum,
1019 2395 1081 2441 nec
1116 2372 1148 2441 id
1181 2383 1290 2441 tamen
1317 2395 1359 2440 ox

149 2499 210 2570 illa
237 2500 367 2570 erudita
392 2500 594 2571 Graecorum
620 2499 731 2591 copia,
770 2498 828 2568 sed
862 2521 903 2567 ex
933 2497 1113 2568 librariolis
1139 2497 1284 2576 Latinis;
1324 2496 1359 2566 in

149 2625 358 2696 orationibus
390 2637 502 2695 autem
533 2626 654 2695 multas
688 2623 818 2716 ineptus
854 2622 943 2692 datio
974 2618 1110 2706 [multa,
1149 2622 1183 2690 in
1211 2621 1359 2713 epistulis

149 2749 266 2818 relatis
287 2747 480 2842 Nipperdey]
506 2771 636 2819 summa
654 2747 869 2840 impudentia.
913 2748 1052 2817 Sisenna
1070 2746 1140 2815 eius
1157 2746 1282 2814 amicus
1297 2753 1359 2814 etc.

150 2871 259 2941 Gr'cero
284 2873 322 2941 de
351 2873 470 2964 lepidos
499 2872 530 2955 1,
557 2873 592 2952 2,
619 2871 652 2942 7.
685 2873 723 2943 C.
751 2875 864 2944 Macer
889 2871 1082 2941 auctoritate
1103 2892 1235 2962 semper
1257 2869 1358 2961 eguit,

150 2997 209 3066 sed
237 2997 300 3066 luit
324 3007 480 3090 patronus
506 2998 746 3091 propemodum
773 2997 1056 3089 diligentissimus.
1100 2996 1208 3066 Huius
1233 2995 1261 3064 si
1281 2994 1359 3074 vita,
1507 3036 1513 3044 ·

151 3124 177 3192 si
204 3145 329 3204 mores,
356 3123 384 3191 si
411 3124 517 3194 vultus
543 3123 688 3215 denique
713 3144 781 3192 non
811 3144 944 3192 omnem
961 3120 1281 3190 commendationem
1307 3119 1362 3187 in-

152 3247 244 3340 genii
271 3259 454 3329 everteret,
486 3247 593 3317 maius
619 3269 741 3317 nomen
774 3247 808 3316 in
840 3245 985 3339 patronis
1011 3245 1136 3316 luisset.
1186 3246 1261 3314 Non
1291 3252 1362 3311 erat

151 3371 338 3450 abundans,
365 3392 432 3441 non
450 3372 548 3464 inops
569 3383 690 3451 tamen,
717 3393 783 3440 non
809 3369 905 3440 valde
927 3369 1045 3449 nitens,
1072 3390 1139 3437 non
1160 3367 1260 3459 plane
1280 3365 1361 3435 laon

152 3495 226 3565 rida
244 3495 362 3577 oratio,
387 3519 464 3576 vox,
491 3506 605 3587 gestus
632 3506 664 3563 et
689 3494 795 3564 omnis
822 3493 908 3562 actio
933 3492 1004 3562 sine
1030 3493 1161 3583 lepore;
1188 3501 1222 3559 at
1246 3489 1281 3559 in
1307 3490 1361 3559 in-

152 3622 326 3692 veniendis
343 3621 645 3714 componendisque
671 3620 769 3690 rebus
794 3619 879 3689 mira
906 3619 1083 3698 accuratio,
1111 3629 1237 3687 utnon
1264 3616 1361 3685 lacile

153 3746 287 3815 in‘ulln
313 3744 558 3836 diligentiorem
591 3744 816 3836 maioremque
849 3741 1063 3834 cognoverim
1091 3753 1153 3809 etc.
1195 3741 1300 3810 &cero
1324 3741 1362 3808 io

152 3867 329 3950 Budelli,
351 3866 435 3940 238.
463 3873 521 3961 cfr.
545 3870 650 3938 &cero
673 3892 735 3961 pro
752 3869 886 3938 Rabirio
909 3869 998 3959 perd.
1024 3889 1078 3935 reo
1094 3864 1129 3945 2,
1149 3863 1183 3935 6.
1218 3866 1361 3935 Iliscin-

152 4017 214 4063 nus
234 3993 291 4072 10,
314 3992 348 4074 7,
373 3991 433 4066 42.
465 3995 590 4064 Nonius
604 4018 639 4086 p.
664 3992 748 4073 259,
772 3991 806 4064 3.
840 3993 915 4062 Fuit
938 3993 1083 4062 tribuous
1103 3991 1204 4083 plebis
1225 4013 1257 4059 n.
1277 3986 1360 4070 681,

155 4123 213 4210 cfr.
232 4141 330 4210 supro
344 4144 378 4212 p.
403 4116 483 4190 139.
528 4119 700 4190 Consimili
727 4118 852 4211 impetu
878 4118 990 4186 mortis
1016 4116 1053 4185 C.
1076 4114 1224 4186 Licinius
1249 4115 1363 4184 Macer

155 4245 207 4312 vir
231 4243 426 4336 praetorius,
460 4242 554 4314 Calvi
581 4235 663 4331 [noti
685 4267 716 4311 a.
744 4235 829 4331 672]
856 4251 959 4333 pater,
990 4239 1247 4332 repetundarum
1273 4259 1361 4316 reus,

156 4367 234 4436 dum
256 4367 436 4436 sententiae
459 4366 654 4446 diribentur,
682 4367 715 4435 in
735 4365 927 4436 Meuianum
947 4361 1148 4433 conscendit.
1192 4361 1361 4453 Siquidem

155 4514 231 4562 cum
248 4493 293 4562 Μ.
312 4489 519 4572 Ciceronem,
546 4490 604 4582 qui
632 4489 664 4559 id
691 4489 852 4559 iudicium
879 4488 1019 4579 cogebat
1044 4496 1105 4554 etc.
1143 4486 1193 4556 Ac
1212 4483 1362 4577 protinus

154 4615 301 4697 sudario,
328 4617 418 4709 quod
444 4619 527 4686 lorte
554 4617 587 4685 in
614 4638 714 4685 manu
742 4614 895 4695 habebat,
922 4637 979 4684 ore
1007 4626 1038 4682 et
1066 4610 1215 4680 faucibus
1232 4619 1363 4678 coarta-

155 4741 194 4809 tis
227 4740 355 4811 inclnso
386 4741 502 4838 spiritu
535 4763 677 4836 poenam
712 4750 816 4808 morte
852 4736 1079 4832 praecucurrit
1108 4747 1171 4804 etc.
1222 4733 1363 4802 Valerios
