3576 5602
462 611 533 681 tou

461 812 546 880 intra
572 810 731 902 perbreve
759 821 888 903 tempus
906 811 1008 881 Cures
1026 810 1183 890 condidit,
1212 811 1365 904 imposito
1390 810 1511 903 oppido
1529 809 1666 878 nominc

460 936 513 1004 vel
540 960 559 1005 a
585 936 659 1016 deo,
687 936 780 1006 cuius
805 936 978 1006 dicebatur
1003 935 1101 1015 filius,
1128 937 1180 1004 vel
1208 936 1251 1004 ab
1269 935 1381 1004 hasta:
1409 957 1504 1004 cures
1529 929 1665 1028 (quires)

460 1061 549 1132 enim
587 1061 701 1130 Sabini
738 1061 846 1130 hastas
878 1061 1001 1129 dicunt.
1057 1063 1151 1129 Haec
1188 1061 1361 1130 Terentius
1401 1063 1506 1130 Varro
1537 1060 1665 1129 scribit.

460 1187 638 1276 Dionysius
670 1189 774 1257 Helio.
801 1187 835 1266 2,
869 1184 928 1258 48.
965 1183 1091 1273 [ltalia]
1131 1187 1291 1257 Oenotria
1324 1187 1410 1256 dicta
1445 1196 1493 1255 est
1518 1239 1525 1255 .
1553 1239 1563 1255 .
1597 1194 1667 1255 ,nt

460 1314 567 1382 Varro
594 1313 683 1394 dicit,
718 1315 760 1383 ab
787 1317 935 1385 Oenotro
967 1336 1046 1403 rege
1074 1313 1283 1382 Sabinorum.
1336 1313 1403 1384 Alii
1429 1312 1501 1382 ltali
1525 1312 1666 1381 fratrem

460 1439 643 1508 Oenotrum
669 1439 802 1507 tradunt
835 1461 876 1506 ex
901 1437 1042 1508 Arcadia
1078 1437 1109 1505 in
1136 1438 1265 1506 ltaliam
1297 1439 1424 1506 venisse
1450 1459 1523 1507 cum
1550 1438 1665 1508 Pelas-

459 1562 510 1652 gis
523 1572 555 1630 et
568 1583 642 1630 eam
657 1562 719 1631 sibi
733 1561 966 1652 cognominem
982 1561 1108 1629 lecisse.
1135 1562 1264 1630 Seruius
1279 1564 1322 1630 ud
1339 1564 1428 1653 Vcrp.
1444 1565 1520 1631 ,lere
1531 1561 1563 1638 l,
1579 1559 1663 1633 536.

459 1687 510 1756 De
537 1684 675 1754 Sabellis
702 1687 807 1754 Varro
833 1685 865 1752 in
893 1684 1064 1774 Agemodo
1091 1684 1138 1752 sic
1164 1684 1226 1754 ait:
1266 1694 1354 1754 terra
1387 1685 1535 1754 culturae
1563 1706 1663 1754 causa

459 1810 616 1880 attributa
641 1809 721 1877 olim
743 1807 962 1900 particulatim
982 1808 1183 1888 bominibus,
1211 1822 1244 1880 ut
1262 1809 1394 1880 Etruria
1413 1809 1537 1888 Tuscis,
1565 1810 1663 1878 Sam-

460 1935 552 2002 nium
570 1933 723 2002 Sabellis.
760 1932 1428 2024 101111119ψὴ11αά1019.011119.2,167.
1462 1932 1662 2003 Varroubi-

458 2079 524 2149 que
550 2068 757 2149 expugnator
782 2055 954 2146 religionis
985 2055 1040 2132 ait,
1080 2079 1155 2126 cum
1188 2056 1353 2148 quoddam
1385 2057 1660 2126 medicamentum

458 2180 676 2250 describeret:
712 2180 814 2250 etuti
841 2181 947 2249 solent
973 2181 1119 2274 Hirpini,
1146 2181 1204 2273 qui
1231 2181 1431 2250 ambulaturi
1458 2204 1519 2273 per
1547 2183 1660 2272 ignem

457 2305 700 2375 medicamento
722 2306 849 2397 plautas
875 2305 1017 2395 tingunt.
1060 2305 1188 2373 Seruius
1210 2307 1253 2374 od
1280 2305 1365 2396 Vcrp.
1389 2307 1465 2376 Acri.
1491 2305 1545 2385 ll,
1576 2303 1659 2376 787.

459 2431 563 2499 Varro
592 2430 683 2508 dicit,
718 2441 850 2524 propter
881 2429 964 2498 caeli
991 2429 1186 2519 temperiem
1213 2441 1245 2497 et
1270 2428 1402 2521 cespitis
1427 2429 1660 2499 secunditatem

457 2575 608 2646 campum
643 2552 785 2623 eundem
820 2553 1017 2644 Capuanum
1048 2557 1118 2620 sive
1151 2553 1358 2643 Campanum
1389 2553 1528 2632 dictum,
1567 2553 1659 2645 quasi

457 2678 565 2748 sinum
595 2677 710 2747 salutis
742 2689 774 2745 et
807 2677 983 2746 fructuum.
1032 2676 1161 2744 Servius
1193 2679 1236 2746 od
1271 2679 1359 2767 Verp.
1386 2679 1462 2744 ,teo
1493 2677 1549 2754 10,
1581 2675 1659 2748 145.

461 2805 517 2872 11.
544 2803 696 2895 Hyginus
715 2801 794 2870 dicit
812 2802 965 2891 Pelasgos
987 2823 1069 2882 esse,
1098 2799 1154 2892 qui
1173 2801 1337 2893 Tyrrheni
1364 2813 1453 2879 sunt;
1481 2799 1543 2870 boc
1562 2802 1660 2870 etiam

456 2929 563 2996 Varro
585 2935 831 2994 commemorat.
867 2925 995 2992 Seruius
1013 2926 1056 2994 od
1079 2925 1167 3013 Vcrp.
1185 2926 1262 2993 Aen.
1284 2922 1320 3003 8,
1345 2923 1427 2995 600.
1469 2926 1575 2994 Varro
1599 2949 1660 3018 pu-

456 3062 502 3120 tat
527 3050 631 3120 Caere
657 3049 814 3141 oppidum
841 3048 994 3117 Etruriae
1020 3071 1040 3116 a
1067 3048 1231 3138 Pelasgis,
1264 3071 1340 3117 cum
1367 3049 1515 3117 sitientes
1541 3049 1660 3118 inuen-

455 3185 525 3244 tum
552 3173 677 3243 flumen
705 3172 893 3265 proximum
924 3225 990 3240 ...
1016 3173 1213 3242 salutassent
1237 3190 1342 3270 χαῖρε,
1370 3183 1469 3265 atque
1496 3197 1534 3242 ea
1562 3197 1659 3244 causa

456 3296 487 3366 id
523 3297 718 3366 vocabulum
752 3296 874 3388 oppido
915 3296 1039 3364 datum.
1096 3296 1222 3364 Scbolio
1263 3297 1452 3364 l'croacosio
1488 3299 1532 3365 od
1570 3301 1658 3390 l'erp.

455 3427 531 3492 Aca.
558 3423 614 3502 10,
651 3419 731 3493 183.
784 3419 979 3508 [Caeculus]
1020 3421 1211 3490 collecticiis
1245 3422 1426 3514 pastoribus
1455 3475 1463 3490 .
1488 3476 1527 3492 ..
1557 3425 1660 3494 Prae-

454 3557 546 3616 neste
572 3547 729 3617 fundavit.
772 3547 870 3616 Hunc
896 3548 1002 3616 Varro
1028 3546 1070 3615 ab
1096 3545 1246 3637 Depidiis
1272 3546 1456 3639 pastoribus
1481 3547 1657 3618 educatum

455 3669 584 3762 ipsique
601 3671 744 3761 Depidio
765 3692 888 3739 nomen
910 3670 1021 3748 luisse,
1048 3681 1080 3738 et
1102 3669 1214 3738 datum
1237 3681 1493 3760 cognomentum
1512 3655 1659 3742 Caecnlo

454 3792 552 3862 tradit
581 3792 678 3871 libro,
717 3793 774 3886 qui
804 3793 993 3863 inscribitur
1024 3792 1149 3863 Marius
1178 3804 1235 3861 aut
1268 3792 1309 3860 de
1337 3792 1480 3861 fortuna.
1532 3795 1659 3863 Sclrolio

457 3917 645 3985 Veronensis
669 3917 713 3985 od
743 3918 830 4005 Vcrp.
857 3919 934 3984 Aea.
958 3915 992 3995 7,
1019 3913 1122 3986 68ss
1149 3917 1207 3984 Est
1231 3925 1342 3983 autem
1368 3913 1458 3983 natio
1484 3913 1658 3986 bominum

454 4039 543 4110 iuxta
569 4061 686 4129 agrum
712 4039 973 4117 Praenestinum,
999 4039 1057 4130 qui
1074 4038 1237 4108 Carsitani
1258 4049 1416 4108 vocantur
1432 4041 1504 4116 dno*
1522 4050 1590 4116 τῶν
1603 4077 1659 4117 m.

453 4173 555 4258 emin,-
582 4161 676 4232 cuius
700 4163 751 4230 rei
776 4163 930 4254 meminit
955 4164 1060 4231 Varro
1086 4162 1120 4230 in
1142 4162 1357 4253 Logistorico,
1384 4163 1442 4256 qui
1467 4161 1660 4234 inscribitur

452 4289 576 4360 illarius
596 4290 636 4358 de
655 4289 797 4359 fortuna.
823 4290 1003 4359 Macrobius
1021 4290 1151 4358 Sutura.
1166 4289 1201 4370 2,
1226 4286 1283 4359 14.
1382 4291 1436 4357 te.
1466 4291 1573 4357 Varro
1597 4339 1605 4356 .
1625 4341 1658 4357 ..

453 4413 487 4481 in
514 4413 608 4482 tertio
629 4413 753 4482 Rerum
781 4411 1003 4482 humanarum
1024 4413 1146 4481 refert:
1184 4413 1297 4483 Gentis
1322 4411 1512 4482 Salentinae
1534 4433 1658 4480 nomen

452 4534 556 4606 tribus
582 4557 600 4604 e
628 4532 707 4603 locis
734 4535 837 4604 fertur
862 4537 1035 4618 coaluisse,
1069 4561 1087 4606 e
1112 4536 1223 4617 Creta,
1256 4535 1400 4628 Illyrico,
1430 4533 1536 4604 ltalia.
1582 4533 1659 4604 ldo-

451 4683 589 4730 meneus
609 4683 627 4728 e
649 4659 748 4728 Creta
773 4659 895 4752 oppido
921 4661 1047 4730 Blanda
1073 4655 1213 4754 (Lyctio)
1239 4661 1352 4752 pulsus
1378 4683 1436 4751 per
1462 4658 1658 4728 seditionem
