3526 5604
1249 635 1322 706 335

121 835 291 906 Marianos
308 833 502 905 sublevaret.
547 834 622 918 Qua
647 857 683 904 ro
709 857 744 904 se
761 833 867 908 blario
893 856 1031 926 gravem
1056 833 1204 905 dolorem
1229 855 1324 904 crea·

120 961 208 1029 risse
241 959 366 1028 scribit.
409 960 595 1029 Plutarchus
618 961 655 1029 iu
679 959 771 1030 Sulla
795 955 830 1031 4.
939 960 973 1030 lt.
1005 960 1043 1028 ln
1076 980 1189 1051 pugna
1219 982 1324 1052 prope

122 1083 293 1154 Vercellas
325 1105 399 1152 cum
437 1083 581 1155 Cimbris
619 1094 681 1152 etc.
719 1106 817 1175 supro
851 1106 884 1172 p.
913 1079 997 1162 331,
1029 1080 1088 1153 20.
1195 1083 1229 1152 5.
1261 1082 1325 1153 Sed

121 1217 296 1299 postquam
321 1206 439 1299 proelii
464 1207 596 1277 initium
621 1207 745 1277 lactum
770 1215 829 1287 est,
855 1205 991 1287 blarius,
1018 1217 1054 1276 ut
1082 1207 1173 1276 Sulla
1198 1206 1324 1288 scribit,

123 1329 340 1422 malignitatis
366 1329 484 1422 dignas
508 1353 633 1423 poenas
659 1329 759 1400 dedit.
807 1328 938 1422 Quippe
969 1329 1095 1420 ingenti
1124 1330 1269 1423 pulveris
1293 1330 1327 1400 vi

124 1465 333 1547 prospectum
359 1454 565 1525 exercituum
589 1453 786 1523 obscurante
804 1453 947 1524 Marium
973 1454 1030 1535 ait,
1056 1464 1092 1523 ut
1112 1453 1258 1548 primum
1283 1454 1337 1525 ad·

125 1578 315 1648 laciendum
341 1579 500 1671 impetum
526 1577 659 1648 ordines
685 1577 827 1670 impulit,
861 1577 902 1646 ab
927 1577 1074 1648 hostibus
1099 1579 1269 1650 aberrasse
1296 1591 1328 1650 ot

126 1703 254 1772 incerto
279 1725 339 1795 per
365 1725 497 1795 campos
523 1702 641 1771 itinere
671 1703 812 1772 multum
842 1712 970 1794 tempus
996 1712 1168 1795 vagatum
1200 1704 1236 1773 in
1261 1705 1328 1776 Ca·

126 1826 234 1897 tulum
263 1837 372 1895 autem
398 1826 564 1896 fortunam
589 1824 746 1896 barbaros
773 1825 967 1917 impegisse,
1006 1838 1044 1896 ut
1068 1826 1158 1897 illius
1184 1838 1217 1898 et
1239 1829 1329 1899 illius
1462 1829 1466 1836 ’

127 1952 284 2034 militum,
317 1950 351 2018 in
377 1949 497 2043 quibus
524 1950 617 2019 Sulla
642 1948 689 2018 ait
712 1971 748 2018 se
774 1949 885 2031 luisse,
919 1949 1017 2022 buius
1042 1951 1200 2022 victoriae
1227 1976 1329 2047 opera

127 2076 273 2146 maxime
299 2084 395 2143 esset.
439 2074 593 2144 Ceterum
616 2084 647 2142 et
665 2073 810 2142 calorem
827 2075 985 2144 Romanis
1010 2075 1200 2146 adiumento
1226 2078 1327 2148 luisse

129 2208 161 2268 et
181 2200 288 2269 solem
305 2198 516 2269 Cimbrorum
538 2197 643 2267 oculis
660 2198 847 2267 adversum.
886 2199 1073 2269 Plutarchus
1089 2202 1197 2271 llario
1213 2200 1273 2284 26,
1293 2198 1328 2274 3.

129 2327 162 2395 6.
189 2327 228 2394 ln
256 2322 414 2415 petitione
440 2332 614 2414 praeturae
643 2321 736 2391 Sulla
761 2323 928 2414 repulsam
954 2322 1038 2405 tulit,
1065 2325 1157 2394 cuius
1181 2326 1231 2394 rei
1257 2326 1331 2396 cul-

129 2471 206 2540 pam
234 2447 268 2515 in
295 2447 454 2538 populum
478 2444 597 2515 reiicit.
645 2445 701 2516 Ait
726 2445 831 2527 enim,
872 2468 949 2516 cum
980 2469 1073 2516 suam
1099 2471 1175 2519 cum
1199 2450 1331 2520 Boccho

131 2571 313 2642 amicitiam
333 2569 498 2660 cognitam
519 2568 721 2650 habuissent,
749 2568 903 2639 maluisse
930 2568 972 2638 ab
998 2593 1033 2639 se
1058 2571 1246 2665 splendidas
1272 2598 1331 2644 ve-

132 2697 282 2765 nationes
313 2693 495 2763 bestiarum
536 2717 578 2762 ex
612 2693 724 2765 Africa
758 2692 968 2763 advectarum
1005 2695 1157 2766 exbiberi
1190 2697 1332 2790 ideoque

133 2821 216 2890 alios
249 2829 417 2912 praetores
449 2818 579 2897 fecisse,
618 2827 655 2887 ut
683 2817 751 2908 ipse
781 2816 981 2886 aedilitatem
1009 2831 1122 2912 petere
1147 2834 1330 2915 cogeretur.

133 2949 175 3015 bt
198 2965 314 3014 veram
338 2943 490 3035 repulsae
516 2963 649 3010 causam
676 2941 767 3010 Sulla
793 2942 959 3012 confessus
984 2964 1051 3013 non
1077 2955 1126 3013 est
1150 2957 1211 3015 etc.
1254 2948 1334 3017 Plu·

133 3070 259 3138 turcbus
276 3066 368 3136 Sulla
386 3064 420 3148 5,
451 3063 482 3134 1.
583 3067 617 3134 7.
647 3065 798 3156 Namque
824 3064 858 3132 in
876 3067 1119 3136 commentariis
1144 3069 1210 3137 suis
1227 3070 1333 3163 scrip-

133 3202 202 3261 tum
219 3189 367 3282 reliquit,
395 3211 435 3258 ea
460 3210 545 3280 quae
565 3211 624 3280 pro
643 3196 788 3280 tempore
814 3198 938 3259 temere
962 3212 1136 3282 aggressus
1162 3205 1255 3278 esset,
1280 3218 1335 3265 se-

134 3315 295 3385 cundiora
326 3312 389 3382 sibi
418 3312 594 3402 diligenter
626 3312 781 3381 consultis
817 3313 1026 3383 consuevisse
1058 3316 1201 3387 evenire.
1251 3320 1334 3389 ltem

136 3441 200 3510 alio
226 3441 302 3508 loco
328 3437 369 3506 ad
395 3437 557 3506 fortunam
583 3458 654 3504 sese
680 3437 797 3506 melius
822 3461 921 3531 quam
947 3437 988 3507 ad
1010 3438 1136 3510 bellum
1157 3442 1199 3512 ab
1217 3453 1336 3513 natura

136 3564 322 3634 institutum
348 3559 436 3641 dicit,
467 3561 541 3650 plus
566 3560 717 3628 fortunae
744 3582 844 3652 quam
873 3563 984 3632 virtuti
1011 3563 1157 3634 tribuens
1182 3567 1337 3637 omnino-

136 3711 200 3782 que
227 3710 264 3756 se
290 3686 439 3755 fortunae
457 3683 661 3776 mancipans.
704 3686 820 3776 Neque
846 3686 955 3756 minus
980 3688 1081 3758 ctiam
1106 3691 1176 3760 eius
1196 3713 1336 3760 concor-

137 3813 211 3882 diae
238 3833 306 3903 qua
331 3831 407 3878 cum
432 3806 567 3879 Metello
593 3829 708 3876 socero
733 3809 926 3878 coniunctus
952 3822 1022 3880 erat
1046 3834 1179 3882 causam
1204 3813 1335 3884 divinae

139 3936 271 4006 cuidam
298 3933 451 4002 fortunae
477 3929 642 4011 attribuit;
669 3931 727 4023 qui
753 3954 829 4001 cum
854 3933 995 4004 multum
1019 3936 1228 4024 negotiorum
1249 3938 1336 4007 visus

139 4070 228 4129 esset
254 4059 425 4136 lacessere,
458 4053 663 4124 lenissimum
693 4053 755 4122 sibi
781 4053 813 4122 in
841 4056 1010 4126 consulatu
1036 4058 1200 4148 collegam
1225 4061 1335 4130 luisse.

140 4181 317 4256 Lucullum
344 4179 442 4248 etiarn
468 4178 501 4245 in
528 4177 782 4257 commentariis,
814 4201 896 4270 quos
921 4179 952 4248 ei
977 4180 1152 4272 inscripsit,
1184 4183 1339 4253 admonet

141 4332 183 4378 ne
209 4305 291 4399 quid
318 4314 385 4372 tarn
411 4310 537 4370 certum
564 4311 596 4368 et
620 4300 735 4370 stabile
762 4301 896 4371 duceret
920 4326 1019 4395 quam
1050 4306 1138 4396 quod
1164 4329 1223 4399 per
1247 4330 1338 4377 som-

142 4434 236 4502 nium
268 4449 391 4498 numen
424 4423 486 4493 sibi
519 4423 699 4515 imperaret
733 4417 803 4515 [cfr.
829 4427 1015 4496 Plutarchus
1046 4430 1175 4498 Lucullo
1195 4429 1255 4513 23,
1288 4425 1336 4521 4.]

142 4559 315 4627 Praeterea
350 4573 424 4620 cum
463 4547 505 4616 ad
539 4547 666 4616 Sociale
704 4547 830 4618 bellum
864 4571 940 4618 cum
971 4551 1118 4621 exercitu
1143 4552 1337 4635 mitteretur,

144 4692 272 4751 vastum
298 4698 401 4770 prope
426 4671 627 4743 Lavernium
652 4680 759 4741 terrae
784 4669 912 4742 hiatum
937 4673 1050 4744 scribit
1074 4676 1218 4746 extitisse
1242 4687 1339 4768 atque
