3526 5604
439 573 510 643 328

439 771 601 842 exercitus
626 771 780 842 notabilis
805 793 902 865 saepe
930 773 993 842 fuit
1017 773 1233 854 continentia,
1271 773 1368 842 sicuti
1400 773 1471 843 eius
1496 773 1549 864 qni
1570 773 1624 842 sut
1679 823 1685 834 .

439 897 484 966 ll.
503 895 627 965 Scauro
653 897 783 966 meruit.
828 899 980 989 Namque
1005 898 1185 967 memoriae
1211 895 1345 967 tradidit
1364 897 1506 966 Scaurus
1530 896 1625 986 pomi·
1732 963 1733 984 ,

440 1019 546 1088 leram
577 1019 746 1102 arborem,
789 1043 890 1114 quam
925 1022 960 1090 in
994 1022 1077 1113 pede
1111 1003 1294 1092 castrorum
1327 1021 1437 1091 luerat
1469 1021 1626 1113 complexa
1732 1019 1733 1104 l

440 1142 586 1225 metatio,
618 1153 749 1236 postero
773 1143 828 1214 die
853 1144 995 1216 abeunte
1020 1153 1168 1216 exercitu
1194 1146 1324 1216 intactis
1353 1144 1513 1216 fructibus
1538 1144 1625 1213 relie-
1732 1125 1733 1194 l

442 1275 521 1336 tam.
565 1267 737 1338 domnos
757 1281 928 1359 stroteqem.
956 1265 992 1350 4,
1019 1266 1053 1349 3,
1084 1267 1140 1340 13.

772 1799 859 1884 m
905 1803 938 1884 Ρ.
961 1799 1149 1885 lllll'lldllil
1176 1799 1314 1886 tutta

521 2011 554 2079 l.
586 2013 636 2082 De
669 2013 793 2084 Scauro
826 2023 859 2084 et
891 2014 1016 2084 Rutilio
1051 2013 1196 2085 breviter
1227 2012 1304 2084 licet
1334 2011 1464 2094 dicere,
1503 2031 1630 2104 querurn
1732 2043 1733 2050 κ

445 2144 562 2204 neuter
595 2137 715 2206 summi
745 2137 885 2208 oratoris
914 2137 1030 2208 habuit
1059 2136 1194 2208 laudem
1223 2149 1255 2207 et
1271 2145 1427 2229 ‘uterque
1466 2135 1501 2206 in
1532 2135 1630 2206 multis
1732 2199 1733 2214 ,

446 2258 553 2328 causis
578 2269 724 2330 versatus
750 2271 820 2331 erat
945 2261 1088 2333 Rutilius
1120 2271 1230 2332 antem
1261 2261 1295 2332 in
1327 2260 1474 2354 quodam
1504 2261 1582 2330 tristi
1603 2267 1631 2328 et
1732 2241 1733 2318 Ῑ

446 2403 562 2453 severo
587 2405 709 2474 genere
734 2384 865 2455 dicendi
891 2397 1037 2455 versatus
1063 2395 1112 2456 est
1134 2438 1142 2455 .
1163 2437 1200 2455 ..
1227 2385 1314 2456 idem
1339 2407 1501 2477 magnum
1525 2403 1629 2453 munus
1732 2431 1733 2444 .

447 2506 488 2577 de
514 2507 585 2577 iure
611 2507 831 2600 respondendi
856 2508 1047 2580 sustinebat.
1096 2511 1179 2579 Sunt
1211 2511 1281 2580 eius
1311 2509 1476 2580 orationes
1501 2509 1628 2587 ieiunae,

446 2630 550 2700 multa
575 2632 746 2724 praeclara
770 2632 812 2703 de
837 2633 921 2716 iure,
947 2632 1061 2703 doctus
1084 2633 1135 2703 vir
1153 2643 1185 2702 et
1202 2634 1334 2704 Graecis
1355 2633 1473 2704 litteris
1490 2633 1627 2713 eruditus,
1732 2639 1733 2662 ³

446 2755 595 2825 Panaetii
620 2755 766 2839 auditor,
804 2779 907 2850 prope
933 2756 1097 2850 perlectus
1122 2758 1156 2826 in
1183 2759 1310 2828 Stoicis.
1357 2759 1464 2828 Cicero
1487 2760 1523 2828 io
1542 2759 1628 2827 anso

447 2876 507 2950 29.
526 2876 585 2950 30.
629 2880 791 2951 Rutilium
808 2881 943 2962 llulum,
970 2883 1028 2975 qui
1047 2881 1165 2952 harum
1187 2905 1300 2952 rerum
1319 2880 1491 2952 historiam
1506 2879 1627 2972 scripsit,

448 3003 506 3073 illo
532 3015 680 3097 tempore
705 3005 876 3075 tribunum
902 3006 1042 3076 militum
1069 3005 1179 3098 Scipio
1206 3005 1298 3075 iussit
1322 3015 1384 3074 etc.
1427 3004 1628 3098 Appioootdc

447 3131 510 3198 reb.
534 3131 629 3224 Hisp.
653 3128 713 3204 88.
745 3135 804 3224 cfr.
831 3133 936 3202 Cicero
961 3135 999 3202 dc
1024 3135 1099 3224 ch.
1134 3129 1387 3213 1‚11,1·t.a.
1415 3129 1497 3202 626.
1542 3128 1627 3198 Luci·
1732 3187 1733 3202 2

448 3253 513 3324 lius
548 3254 610 3324 sub
634 3256 671 3325 P.
696 3255 855 3326 Africano
884 3256 1084 3326 Numantino
1113 3256 1203 3326 bello
1232 3277 1334 3348 eques
1366 3255 1560 3324 militaverat

450 3376 660 3449 historiarum
693 3387 807 3448 auctor
841 3377 907 3448 iam
940 3389 1011 3448 tum
1036 3379 1174 3449 Sisenna
1205 3387 1275 3447 erat
1298 3378 1445 3462 iuvenis,
1483 3377 1538 3448 sed
1560 3397 1627 3468 opus

448 3500 530 3605 bel-li
555 3499 660 3570 civilis
686 3500 882 3594 Sullanique
908 3511 980 3593 post
1004 3502 1132 3593 aliquot
1155 3523 1259 3572 annos
1288 3501 1330 3572 ab
1355 3523 1396 3570 eo
1421 3499 1547 3571 seniore
1569 3497 1629 3568 edi·
1732 3521 1733 3524 ¹

448 3635 518 3693 turn
550 3633 609 3694 eet.
660 3625 825 3694 Vetustior
860 3625 1000 3694 Sisenna
1034 3626 1094 3694 luit
1126 3624 1269 3706 Caelius,
1308 3625 1457 3717 aequalia
1489 3623 1629 3695 Sisennae

449 3746 592 3818 Rutilius
607 3748 832 3841 Claudiusque
857 3748 1098 3840 Quadrigarius
1124 3761 1156 3820 et
1176 3750 1329 3821 Valerius
1345 3750 1474 3822 Antias.
1521 3748 1629 3817 Velleius

449 3869 484 3952 2,
510 3869 545 3942 9.
581 3875 638 3963 qui
666 3895 746 3964 quoe
773 3875 811 3942 dc
837 3875 961 3942 Rotttto
986 3877 1104 3966 scripto
1134 3875 1248 3964 lcqcrot
1281 3897 1350 3942 cum
1382 3873 1530 3944 Sisennae
1555 3870 1629 3940 redet
1732 3877 1733 3928 ἶ

450 3999 628 4089 confudisse
651 4000 786 4068 videor.
828 3999 943 4068 Consul
961 3998 1103 4068 Rutilius
1126 4000 1190 4090 fait
1212 4022 1244 4069 o.
1262 4023 1295 4068 o.
1323 3994 1408 4068 649.
1450 3998 1486 4067 Ρ.
1507 3993 1628 4066 Rutilius

448 4121 500 4191 vir
525 4143 674 4192 summae
705 4123 930 4205 innocentiae,
970 4117 1127 4214 quoniam
1153 4121 1281 4210 legatus
1314 4120 1356 4204 Q.
1382 4119 1485 4191 Mucii
1508 4137 1628 4211 procon-

449 4245 528 4316 sulis
547 4269 567 4315 a
584 4244 839 4338 publicanorum
861 4246 991 4318 iniuriis
1006 4246 1119 4316 Asiam
1136 4245 1340 4326 defenderat,
1367 4245 1493 4314 invisus
1506 4237 1628 4333 equestri

449 4369 569 4452 ordini,
602 4393 703 4463 penes
728 4394 828 4464 quem
855 4371 976 4441 iudicia
1004 4381 1107 4450 erant,
1137 4370 1394 4462 repetundarum
1420 4363 1628 4438 damnatusin

450 4494 588 4564 exilium
614 4496 734 4564 missus
759 4506 808 4564 est
833 4520 864 4565 α.
886 4522 919 4566 a.
947 4495 1030 4566 662.
1058 4497 1168 4564 Lc'oius
1183 4498 1255 4582 cpit.
1274 4494 1331 4566 76.
1359 4498 1417 4583 cfr.
1438 4493 1504 4562 Dio
1523 4489 1628 4560 Cusas

450 4623 564 4709 fraqm.
591 4617 638 4688 97
664 4619 790 4688 Belcler.
844 4620 942 4712 Apud
974 4621 1140 4689 Romanos
1178 4617 1313 4711 Apicius
1351 4617 1486 4709 quidam
1519 4609 1628 4684 luxuria
