<?xml version="1.0" encoding="UTF-8"?>
<!DOCTYPE html PUBLIC "-//W3C//DTD XHTML 1.0 Transitional//EN"
    "http://www.w3.org/TR/xhtml1/DTD/xhtml1-transitional.dtd">
<html xmlns="http://www.w3.org/1999/xhtml" xml:lang="en" lang="en">
 <head>
  <title>
</title>
<meta http-equiv="Content-Type" content="text/html;charset=utf-8" />
  <meta name='ocr-system' content='tesseract 3.04.00' />
  <meta name='ocr-capabilities' content='ocr_page ocr_carea ocr_par ocr_line ocrx_word'/>
</head>
<body>
  <div class='ocr_page' id='page_1' title='image "./gaisalustiicris00rothgoog_0190.png"; bbox 0 0 3582 5594; ppageno 0'>
   <div class='ocr_carea' id='block_1_1' title="bbox 1297 623 1365 694">
    <p class='ocr_par' dir='ltr' id='par_1_1' title="bbox 1297 623 1365 694">
     <span class='ocr_line' id='line_1_1' title="bbox 1297 623 1365 694; baseline 0.044 -3"><span class='ocrx_word' id='word_1_1' title='bbox 1297 623 1365 694; x_wconf 82' lang='lat'>153</span> 
     </span>
    </p>
   </div>
   <div class='ocr_carea' id='block_1_2' title="bbox 139 813 1444 4772">
    <p class='ocr_par' dir='ltr' id='par_1_2' title="bbox 155 813 1365 1506">
     <span class='ocr_line' id='line_1_2' title="bbox 160 813 1365 913; baseline 0.012 -32"><span class='ocrx_word' id='word_1_2' title='bbox 160 833 258 904; x_wconf 92' lang='lat' dir='ltr'>quam</span> <span class='ocrx_word' id='word_1_3' title='bbox 286 813 484 904; x_wconf 91' lang='lat' dir='ltr'>corrigitur;</span> <span class='ocrx_word' id='word_1_4' title='bbox 523 815 580 886; x_wconf 88' lang='lat' dir='ltr'>sed</span> <span class='ocrx_word' id='word_1_5' title='bbox 614 826 650 886; x_wconf 87' lang='lat' dir='ltr'>ut</span> <span class='ocrx_word' id='word_1_6' title='bbox 681 839 798 909; x_wconf 86' lang='lat' dir='ltr'>pravas</span> <span class='ocrx_word' id='word_1_7' title='bbox 827 818 906 889; x_wconf 87' lang='lat' dir='ltr'>artis</span> <span class='ocrx_word' id='word_1_8' title='bbox 936 819 1106 913; x_wconf 87' lang='lat' dir='ltr'>malasque</span> <span class='ocrx_word' id='word_1_9' title='bbox 1132 821 1296 893; x_wconf 87' lang='lat' dir='ltr'>lubidines</span> <span class='ocrx_word' id='word_1_10' title='bbox 1321 825 1365 895; x_wconf 90' lang='lat' dir='ltr'>ab</span> 
     </span>
     <span class='ocr_line' id='line_1_3' title="bbox 159 935 1363 1029; baseline 0.012 -25"><span class='ocrx_word' id='word_1_11' title='bbox 159 935 327 1008; x_wconf 82' lang='lat' dir='ltr'>iuventute</span> <span class='ocrx_word' id='word_1_12' title='bbox 352 937 541 1029; x_wconf 81' lang='lat' dir='ltr'>prohibeas.</span> <span class='ocrx_word' id='word_1_13' title='bbox 583 942 634 1011; x_wconf 85' lang='lat' dir='ltr'>Ea</span> <span class='ocrx_word' id='word_1_14' title='bbox 659 964 739 1011; x_wconf 86' lang='lat' dir='ltr'>vera</span> <span class='ocrx_word' id='word_1_15' title='bbox 765 942 940 1012; x_wconf 89' lang='lat' dir='ltr'>clementia</span> <span class='ocrx_word' id='word_1_16' title='bbox 966 944 1038 1025; x_wconf 90' lang='lat' dir='ltr'>erit,</span> <span class='ocrx_word' id='word_1_17' title='bbox 1072 947 1289 1029; x_wconf 90' lang='lat' dir='ltr'>consuluisse,</span> <span class='ocrx_word' id='word_1_18' title='bbox 1320 971 1363 1018; x_wconf 93' lang='lat' dir='ltr'>ne</span> 
     </span>
     <span class='ocr_line' id='line_1_4' title="bbox 157 1061 1364 1158; baseline 0.012 -29"><span class='ocrx_word' id='word_1_19' title='bbox 157 1061 275 1131; x_wconf 89' lang='lat' dir='ltr'>merito</span> <span class='ocrx_word' id='word_1_20' title='bbox 310 1061 399 1131; x_wconf 87' lang='lat' dir='ltr'>cives</span> <span class='ocrx_word' id='word_1_21' title='bbox 431 1063 536 1155; x_wconf 87' lang='lat' dir='ltr'>patria</span> <span class='ocrx_word' id='word_1_22' title='bbox 570 1064 834 1158; x_wconf 78' lang='lat' dir='ltr'>expellerentur,</span> <span class='ocrx_word' id='word_1_23' title='bbox 876 1066 1052 1137; x_wconf 84' lang='lat' dir='ltr'>retinuisse</span> <span class='ocrx_word' id='word_1_24' title='bbox 1085 1069 1127 1140; x_wconf 90' lang='lat' dir='ltr'>ab</span> <span class='ocrx_word' id='word_1_25' title='bbox 1162 1071 1297 1143; x_wconf 86' lang='lat' dir='ltr'>stultitia</span> <span class='ocrx_word' id='word_1_26' title='bbox 1332 1084 1364 1143; x_wconf 91' lang='lat' dir='ltr'>et</span> 
     </span>
     <span class='ocr_line' id='line_1_5' title="bbox 156 1183 1363 1280; baseline 0.012 -29"><span class='ocrx_word' id='word_1_27' title='bbox 156 1183 246 1252; x_wconf 79' lang='lat' dir='ltr'>falsis</span> <span class='ocrx_word' id='word_1_28' title='bbox 277 1185 518 1277; x_wconf 88' lang='lat' dir='ltr'>voluptatibus;</span> <span class='ocrx_word' id='word_1_29' title='bbox 557 1210 684 1280; x_wconf 88' lang='lat' dir='ltr'>pacem,</span> <span class='ocrx_word' id='word_1_30' title='bbox 720 1190 932 1260; x_wconf 89' lang='lat' dir='ltr'>concordiam</span> <span class='ocrx_word' id='word_1_31' title='bbox 959 1191 1177 1263; x_wconf 80' lang='lat' dir='ltr'>stabilivisse:</span> <span class='ocrx_word' id='word_1_32' title='bbox 1217 1217 1296 1277; x_wconf 91' lang='lat' dir='ltr'>uon,</span> <span class='ocrx_word' id='word_1_33' title='bbox 1335 1198 1363 1267; x_wconf 89' lang='lat' dir='ltr'>si</span> 
     </span>
     <span class='ocr_line' id='line_1_6' title="bbox 156 1306 1361 1413; baseline 0.013 -37"><span class='ocrx_word' id='word_1_34' title='bbox 156 1306 292 1398; x_wconf 83' lang='lat' dir='ltr'>llagitiis</span> <span class='ocrx_word' id='word_1_35' title='bbox 317 1309 504 1392; x_wconf 80' lang='lat' dir='ltr'>obsecutus,</span> <span class='ocrx_word' id='word_1_36' title='bbox 539 1311 659 1382; x_wconf 90' lang='lat' dir='ltr'>delicta</span> <span class='ocrx_word' id='word_1_37' title='bbox 685 1335 871 1407; x_wconf 88' lang='lat' dir='ltr'>perpessus,</span> <span class='ocrx_word' id='word_1_38' title='bbox 904 1337 1050 1408; x_wconf 78' lang='lat' dir='ltr'>presens</span> <span class='ocrx_word' id='word_1_39' title='bbox 1076 1317 1235 1408; x_wconf 87' lang='lat' dir='ltr'>gaudium</span> <span class='ocrx_word' id='word_1_40' title='bbox 1260 1342 1361 1413; x_wconf 93' lang='lat' dir='ltr'>quom</span> 
     </span>
     <span class='ocr_line' id='line_1_7' title="bbox 155 1434 1283 1506; baseline 0.005 -6"><span class='ocrx_word' id='word_1_41' title='bbox 155 1454 233 1502; x_wconf 92' lang='lat' dir='ltr'>mox</span> <span class='ocrx_word' id='word_1_42' title='bbox 259 1434 369 1504; x_wconf 87' lang='lat' dir='ltr'>loturo</span> <span class='ocrx_word' id='word_1_43' title='bbox 393 1435 484 1505; x_wconf 91' lang='lat' dir='ltr'>malo</span> <span class='ocrx_word' id='word_1_44' title='bbox 510 1436 723 1506; x_wconf 85' lang='lat' dir='ltr'>concesseris.</span> <span class='ocrx_word' id='word_1_45' title='bbox 1282 1447 1283 1450; x_wconf 76' lang='grc'>’</span> 
     </span>
    </p>

    <p class='ocr_par' dir='ltr' id='par_1_3' title="bbox 143 1557 1444 4001">
     <span class='ocr_line' id='line_1_8' title="bbox 225 1557 1361 1652; baseline 0.009 -24"><span class='ocrx_word' id='word_1_46' title='bbox 225 1559 278 1628; x_wconf 75' lang='lat' dir='ltr'>Ac</span> <span class='ocrx_word' id='word_1_47' title='bbox 302 1557 386 1628; x_wconf 92' lang='lat' dir='ltr'>mibi</span> <span class='ocrx_word' id='word_1_48' title='bbox 411 1559 554 1642; x_wconf 88' lang='lat' dir='ltr'>animus,</span> <span class='ocrx_word' id='word_1_49' title='bbox 589 1559 710 1652; x_wconf 89' lang='lat' dir='ltr'>quibus</span> <span class='ocrx_word' id='word_1_50' title='bbox 736 1563 835 1632; x_wconf 88' lang='lat' dir='ltr'>rebus</span> <span class='ocrx_word' id='word_1_51' title='bbox 860 1563 917 1632; x_wconf 88' lang='lat' dir='ltr'>alii</span> <span class='ocrx_word' id='word_1_52' title='bbox 943 1565 1070 1644; x_wconf 89' lang='lat' dir='ltr'>timent,</span> <span class='ocrx_word' id='word_1_53' title='bbox 1110 1588 1264 1637; x_wconf 79' lang='lat' dir='ltr'>maxume</span> <span class='ocrx_word' id='word_1_54' title='bbox 1293 1569 1361 1640; x_wconf 88' lang='lat' dir='ltr'>lre-</span> 
     </span>
     <span class='ocr_line' id='line_1_9' title="bbox 155 1683 1444 1780; baseline 0.007 -29"><span class='ocrx_word' id='word_1_55' title='bbox 155 1693 203 1751; x_wconf 86' lang='lat' dir='ltr'>tus</span> <span class='ocrx_word' id='word_1_56' title='bbox 228 1693 288 1764; x_wconf 84' lang='lat' dir='ltr'>cst,</span> <span class='ocrx_word' id='word_1_57' title='bbox 322 1685 448 1775; x_wconf 86' lang='lat' dir='ltr'>negotii</span> <span class='ocrx_word' id='word_1_58' title='bbox 473 1683 714 1774; x_wconf 87' lang='lat' dir='ltr'>magnitudine,</span> <span class='ocrx_word' id='word_1_59' title='bbox 749 1695 782 1754; x_wconf 90' lang='lat' dir='ltr'>et</span> <span class='ocrx_word' id='word_1_60' title='bbox 806 1686 885 1780; x_wconf 92' lang='lat' dir='ltr'>quia</span> <span class='ocrx_word' id='word_1_61' title='bbox 910 1686 970 1756; x_wconf 90' lang='lat' dir='ltr'>tibi</span> <span class='ocrx_word' id='word_1_62' title='bbox 996 1699 1092 1758; x_wconf 86' lang='lat' dir='ltr'>terrae</span> <span class='ocrx_word' id='word_1_63' title='bbox 1125 1700 1159 1758; x_wconf 89' lang='lat' dir='ltr'>et</span> <span class='ocrx_word' id='word_1_64' title='bbox 1182 1692 1289 1762; x_wconf 90' lang='lat' dir='ltr'>maria</span> <span class='ocrx_word' id='word_1_65' title='bbox 1313 1692 1361 1760; x_wconf 90' lang='lat' dir='ltr'>si·</span> <span class='ocrx_word' id='word_1_66' title='bbox 1440 1735 1444 1742; x_wconf 90' lang='lat'><em>-</em></span> 
     </span>
     <span class='ocr_line' id='line_1_10' title="bbox 154 1808 1360 1904; baseline 0.01 -30"><span class='ocrx_word' id='word_1_67' title='bbox 154 1808 222 1877; x_wconf 93' lang='lat' dir='ltr'>mul</span> <span class='ocrx_word' id='word_1_68' title='bbox 247 1808 360 1878; x_wconf 85' lang='lat' dir='ltr'>omnia</span> <span class='ocrx_word' id='word_1_69' title='bbox 385 1808 615 1901; x_wconf 89' lang='lat' dir='ltr'>componenda</span> <span class='ocrx_word' id='word_1_70' title='bbox 641 1819 728 1879; x_wconf 81' lang='lat' dir='ltr'>snut</span> <span class='ocrx_word' id='word_1_71' title='bbox 772 1808 905 1904; x_wconf 86' lang='lat' dir='ltr'>Quippe</span> <span class='ocrx_word' id='word_1_72' title='bbox 930 1834 983 1880; x_wconf 88' lang='lat' dir='ltr'>res</span> <span class='ocrx_word' id='word_1_73' title='bbox 1009 1835 1128 1904; x_wconf 86' lang='lat' dir='ltr'>parvas</span> <span class='ocrx_word' id='word_1_74' title='bbox 1153 1825 1279 1885; x_wconf 89' lang='lat' dir='ltr'>tantum</span> <span class='ocrx_word' id='word_1_75' title='bbox 1305 1816 1360 1886; x_wconf 92' lang='lat' dir='ltr'>in-</span> 
     </span>
     <span class='ocr_line' id='line_1_11' title="bbox 153 1929 1357 2030; baseline 0.009 -31"><span class='ocrx_word' id='word_1_76' title='bbox 153 1932 288 2021; x_wconf 86' lang='lat' dir='ltr'>genium</span> <span class='ocrx_word' id='word_1_77' title='bbox 314 1933 476 2024; x_wconf 90' lang='lat' dir='ltr'>attingere</span> <span class='ocrx_word' id='word_1_78' title='bbox 501 1932 672 2024; x_wconf 89' lang='lat' dir='ltr'>nequiret:</span> <span class='ocrx_word' id='word_1_79' title='bbox 712 1955 843 2026; x_wconf 82' lang='lat' dir='ltr'>magnae</span> <span class='ocrx_word' id='word_1_80' title='bbox 877 1929 965 2007; x_wconf 75' lang='lat' dir='ltr'>curae</span> <span class='ocrx_word' id='word_1_81' title='bbox 996 1959 1120 2030; x_wconf 90' lang='lat' dir='ltr'>magna</span> <span class='ocrx_word' id='word_1_82' title='bbox 1144 1961 1272 2009; x_wconf 87' lang='lat' dir='ltr'>merces</span> <span class='ocrx_word' id='word_1_83' title='bbox 1298 1952 1357 2010; x_wconf 91' lang='lat' dir='ltr'>est.</span> 
     </span>
     <span class='ocr_line' id='line_1_12' title="bbox 151 2054 1358 2155; baseline 0.008 -32"><span class='ocrx_word' id='word_1_84' title='bbox 151 2055 256 2144; x_wconf 80' lang='lat' dir='ltr'>Igitur</span> <span class='ocrx_word' id='word_1_85' title='bbox 289 2054 464 2146; x_wconf 89' lang='lat' dir='ltr'>provideas</span> <span class='ocrx_word' id='word_1_86' title='bbox 497 2066 639 2148; x_wconf 89' lang='lat' dir='ltr'>oportet,</span> <span class='ocrx_word' id='word_1_87' title='bbox 676 2058 721 2126; x_wconf 93' lang='lat' dir='ltr'>uti</span> <span class='ocrx_word' id='word_1_88' title='bbox 747 2058 852 2151; x_wconf 87' lang='lat' dir='ltr'>pleps,</span> <span class='ocrx_word' id='word_1_89' title='bbox 898 2058 1126 2150; x_wconf 85' lang='lat' dir='ltr'>largitionibus</span> <span class='ocrx_word' id='word_1_90' title='bbox 1159 2071 1193 2130; x_wconf 90' lang='lat' dir='ltr'>et</span> <span class='ocrx_word' id='word_1_91' title='bbox 1224 2062 1358 2155; x_wconf 93' lang='lat' dir='ltr'>publico</span> 
     </span>
     <span class='ocr_line' id='line_1_13' title="bbox 152 2178 1358 2281; baseline 0.007 -31"><span class='ocrx_word' id='word_1_92' title='bbox 152 2179 317 2251; x_wconf 81' lang='lat' dir='ltr'>frumento</span> <span class='ocrx_word' id='word_1_93' title='bbox 342 2190 513 2274; x_wconf 88' lang='lat' dir='ltr'>conrupta,</span> <span class='ocrx_word' id='word_1_94' title='bbox 550 2178 671 2251; x_wconf 86' lang='lat' dir='ltr'>babeat</span> <span class='ocrx_word' id='word_1_95' title='bbox 695 2183 828 2272; x_wconf 90' lang='lat' dir='ltr'>negotia</span> <span class='ocrx_word' id='word_1_96' title='bbox 853 2205 922 2264; x_wconf 90' lang='lat' dir='ltr'>sua,</span> <span class='ocrx_word' id='word_1_97' title='bbox 960 2183 1081 2276; x_wconf 90' lang='lat' dir='ltr'>quibus</span> <span class='ocrx_word' id='word_1_98' title='bbox 1112 2185 1154 2255; x_wconf 88' lang='lat' dir='ltr'>ab</span> <span class='ocrx_word' id='word_1_99' title='bbox 1180 2187 1267 2256; x_wconf 93' lang='lat' dir='ltr'>malo</span> <span class='ocrx_word' id='word_1_100' title='bbox 1293 2211 1358 2281; x_wconf 91' lang='lat' dir='ltr'>pu-</span> 
     </span>
     <span class='ocr_line' id='line_1_14' title="bbox 150 2304 1358 2403; baseline 0.005 -29"><span class='ocrx_word' id='word_1_101' title='bbox 150 2305 236 2374; x_wconf 93' lang='lat' dir='ltr'>blico</span> <span class='ocrx_word' id='word_1_102' title='bbox 261 2305 463 2376; x_wconf 90' lang='lat' dir='ltr'>detineatur:</span> <span class='ocrx_word' id='word_1_103' title='bbox 499 2305 651 2376; x_wconf 87' lang='lat' dir='ltr'>iuventus</span> <span class='ocrx_word' id='word_1_104' title='bbox 678 2304 832 2398; x_wconf 81' lang='lat' dir='ltr'>probitati</span> <span class='ocrx_word' id='word_1_105' title='bbox 858 2317 891 2376; x_wconf 90' lang='lat' dir='ltr'>et</span> <span class='ocrx_word' id='word_1_106' title='bbox 919 2307 1087 2377; x_wconf 74' lang='lat' dir='ltr'>industriae</span> <span class='ocrx_word' id='word_1_107' title='bbox 1122 2330 1188 2378; x_wconf 92' lang='lat' dir='ltr'>uon</span> <span class='ocrx_word' id='word_1_108' title='bbox 1215 2311 1358 2403; x_wconf 91' lang='lat' dir='ltr'>sumpti-</span> 
     </span>
     <span class='ocr_line' id='line_1_15' title="bbox 149 2429 1355 2527; baseline 0.004 -28"><span class='ocrx_word' id='word_1_109' title='bbox 149 2429 208 2500; x_wconf 85' lang='lat' dir='ltr'>bus</span> <span class='ocrx_word' id='word_1_110' title='bbox 233 2453 346 2524; x_wconf 89' lang='lat' dir='ltr'>ncque</span> <span class='ocrx_word' id='word_1_111' title='bbox 371 2430 493 2500; x_wconf 87' lang='lat' dir='ltr'>divitiis</span> <span class='ocrx_word' id='word_1_112' title='bbox 519 2429 658 2501; x_wconf 87' lang='lat' dir='ltr'>studeat.</span> <span class='ocrx_word' id='word_1_113' title='bbox 709 2431 746 2501; x_wconf 96' lang='lat' dir='ltr'>ld</span> <span class='ocrx_word' id='word_1_114' title='bbox 774 2431 820 2500; x_wconf 88' lang='lat' dir='ltr'>ita</span> <span class='ocrx_word' id='word_1_115' title='bbox 846 2431 985 2513; x_wconf 85' lang='lat' dir='ltr'>eveniet,</span> <span class='ocrx_word' id='word_1_116' title='bbox 1024 2432 1052 2500; x_wconf 89' lang='lat' dir='ltr'>si</span> <span class='ocrx_word' id='word_1_117' title='bbox 1083 2433 1246 2524; x_wconf 75' lang='lat' dir='ltr'>pecunie,</span> <span class='ocrx_word' id='word_1_118' title='bbox 1281 2457 1355 2527; x_wconf 86' lang='lat' dir='ltr'>quae</span> 
     </span>
     <span class='ocr_line' id='line_1_16' title="bbox 149 2555 1354 2651; baseline 0.003 -27"><span class='ocrx_word' id='word_1_119' title='bbox 149 2577 304 2625; x_wconf 75' lang='lat' dir='ltr'>naxuma</span> <span class='ocrx_word' id='word_1_120' title='bbox 329 2557 478 2626; x_wconf 91' lang='lat' dir='ltr'>omnium</span> <span class='ocrx_word' id='word_1_121' title='bbox 504 2555 667 2649; x_wconf 86' lang='lat' dir='ltr'>pernicies</span> <span class='ocrx_word' id='word_1_122' title='bbox 693 2567 751 2635; x_wconf 91' lang='lat' dir='ltr'>est,</span> <span class='ocrx_word' id='word_1_123' title='bbox 787 2579 884 2626; x_wconf 92' lang='lat' dir='ltr'>usum</span> <span class='ocrx_word' id='word_1_124' title='bbox 910 2566 1009 2648; x_wconf 89' lang='lat' dir='ltr'>atque</span> <span class='ocrx_word' id='word_1_125' title='bbox 1035 2556 1134 2626; x_wconf 89' lang='lat' dir='ltr'>decus</span> <span class='ocrx_word' id='word_1_126' title='bbox 1161 2556 1354 2651; x_wconf 88' lang='lat' dir='ltr'>dempseris.</span> 
     </span>
     <span class='ocr_line' id='line_1_17' title="bbox 149 2679 1354 2777; baseline 0.002 -27"><span class='ocrx_word' id='word_1_127' title='bbox 149 2680 232 2750; x_wconf 85' lang='lat' dir='ltr'>Nam</span> <span class='ocrx_word' id='word_1_128' title='bbox 266 2702 356 2773; x_wconf 74' lang='lat' dir='ltr'>sape</span> <span class='ocrx_word' id='word_1_129' title='bbox 388 2703 452 2772; x_wconf 89' lang='lat' dir='ltr'>ego</span> <span class='ocrx_word' id='word_1_130' title='bbox 484 2702 584 2773; x_wconf 90' lang='lat' dir='ltr'>quom</span> <span class='ocrx_word' id='word_1_131' title='bbox 615 2680 728 2750; x_wconf 90' lang='lat' dir='ltr'>animo</span> <span class='ocrx_word' id='word_1_132' title='bbox 752 2701 828 2750; x_wconf 94' lang='lat' dir='ltr'>meo</span> <span class='ocrx_word' id='word_1_133' title='bbox 859 2691 1027 2773; x_wconf 90' lang='lat' dir='ltr'>reputans,</span> <span class='ocrx_word' id='word_1_134' title='bbox 1062 2679 1183 2772; x_wconf 92' lang='lat' dir='ltr'>quibus</span> <span class='ocrx_word' id='word_1_135' title='bbox 1213 2682 1354 2777; x_wconf 91' lang='lat' dir='ltr'>quisque</span> 
     </span>
     <span class='ocr_line' id='line_1_18' title="bbox 147 2804 1355 2900; baseline 0.002 -26"><span class='ocrx_word' id='word_1_136' title='bbox 147 2805 244 2876; x_wconf 85' lang='lat' dir='ltr'>rebus</span> <span class='ocrx_word' id='word_1_137' title='bbox 268 2805 351 2875; x_wconf 89' lang='lat' dir='ltr'>clari</span> <span class='ocrx_word' id='word_1_138' title='bbox 377 2805 439 2875; x_wconf 86' lang='lat' dir='ltr'>riri</span> <span class='ocrx_word' id='word_1_139' title='bbox 466 2804 728 2896; x_wconf 83' lang='lat' dir='ltr'>magnitudinem</span> <span class='ocrx_word' id='word_1_140' title='bbox 754 2804 968 2886; x_wconf 89' lang='lat' dir='ltr'>invenissent,</span> <span class='ocrx_word' id='word_1_141' title='bbox 999 2826 1142 2896; x_wconf 77' lang='lat' dir='ltr'>qumque</span> <span class='ocrx_word' id='word_1_142' title='bbox 1167 2826 1220 2874; x_wconf 91' lang='lat' dir='ltr'>res</span> <span class='ocrx_word' id='word_1_143' title='bbox 1246 2829 1355 2900; x_wconf 92' lang='lat' dir='ltr'>popu-</span> 
     </span>
     <span class='ocr_line' id='line_1_19' title="bbox 148 2927 1353 3022; baseline 0.004 -26"><span class='ocrx_word' id='word_1_144' title='bbox 148 2927 194 2998; x_wconf 85' lang='lat' dir='ltr'>los</span> <span class='ocrx_word' id='word_1_145' title='bbox 217 2929 411 3000; x_wconf 77' lang='lat' dir='ltr'>nationesne</span> <span class='ocrx_word' id='word_1_146' title='bbox 436 2929 565 3019; x_wconf 88' lang='lat' dir='ltr'>magnis</span> <span class='ocrx_word' id='word_1_147' title='bbox 596 2928 746 2999; x_wconf 89' lang='lat' dir='ltr'>auctibus</span> <span class='ocrx_word' id='word_1_148' title='bbox 772 2928 959 3008; x_wconf 89' lang='lat' dir='ltr'>auxissent;</span> <span class='ocrx_word' id='word_1_149' title='bbox 996 2950 1034 2997; x_wconf 90' lang='lat' dir='ltr'>ac</span> <span class='ocrx_word' id='word_1_150' title='bbox 1066 2927 1196 3011; x_wconf 91' lang='lat' dir='ltr'>deinde,</span> <span class='ocrx_word' id='word_1_151' title='bbox 1232 2930 1353 3022; x_wconf 91' lang='lat' dir='ltr'>quibus</span> 
     </span>
     <span class='ocr_line' id='line_1_20' title="bbox 146 3054 1353 3148; baseline 0.002 -25"><span class='ocrx_word' id='word_1_152' title='bbox 146 3054 252 3124; x_wconf 86' lang='lat' dir='ltr'>causis</span> <span class='ocrx_word' id='word_1_153' title='bbox 277 3055 492 3148; x_wconf 84' lang='lat' dir='ltr'>amplissume</span> <span class='ocrx_word' id='word_1_154' title='bbox 518 3078 624 3147; x_wconf 87' lang='lat' dir='ltr'>regua</span> <span class='ocrx_word' id='word_1_155' title='bbox 647 3068 679 3126; x_wconf 89' lang='lat' dir='ltr'>et</span> <span class='ocrx_word' id='word_1_156' title='bbox 709 3055 850 3148; x_wconf 91' lang='lat' dir='ltr'>imperia</span> <span class='ocrx_word' id='word_1_157' title='bbox 875 3055 1097 3125; x_wconf 88' lang='lat' dir='ltr'>conruisseut:</span> <span class='ocrx_word' id='word_1_158' title='bbox 1125 3055 1242 3124; x_wconf 91' lang='lat' dir='ltr'>eadem</span> <span class='ocrx_word' id='word_1_159' title='bbox 1263 3078 1353 3125; x_wconf 89' lang='lat' dir='ltr'>sem·-</span> 
     </span>
     <span class='ocr_line' id='line_1_21' title="bbox 145 3178 1352 3274; baseline 0 -24"><span class='ocrx_word' id='word_1_160' title='bbox 145 3201 202 3271; x_wconf 90' lang='lat' dir='ltr'>psr</span> <span class='ocrx_word' id='word_1_161' title='bbox 225 3179 316 3250; x_wconf 83' lang='lat' dir='ltr'>bona</span> <span class='ocrx_word' id='word_1_162' title='bbox 342 3191 442 3274; x_wconf 82' lang='lat' dir='ltr'>atque</span> <span class='ocrx_word' id='word_1_163' title='bbox 473 3180 562 3251; x_wconf 87' lang='lat' dir='ltr'>mala</span> <span class='ocrx_word' id='word_1_164' title='bbox 592 3178 812 3273; x_wconf 86' lang='lat' dir='ltr'>reperiebam,</span> <span class='ocrx_word' id='word_1_165' title='bbox 847 3179 1024 3270; x_wconf 89' lang='lat' dir='ltr'>omnisque</span> <span class='ocrx_word' id='word_1_166' title='bbox 1055 3178 1195 3248; x_wconf 86' lang='lat' dir='ltr'>victores</span> <span class='ocrx_word' id='word_1_167' title='bbox 1222 3179 1352 3250; x_wconf 87' lang='lat' dir='ltr'>divitias</span> 
     </span>
     <span class='ocr_line' id='line_1_22' title="bbox 144 3304 1351 3400; baseline 0.003 -28"><span class='ocrx_word' id='word_1_168' title='bbox 144 3304 380 3398; x_wconf 77' lang='lat' dir='ltr'>contempsisse</span> <span class='ocrx_word' id='word_1_169' title='bbox 405 3316 439 3374; x_wconf 90' lang='lat' dir='ltr'>et</span> <span class='ocrx_word' id='word_1_170' title='bbox 462 3306 566 3375; x_wconf 81' lang='lat' dir='ltr'>victos</span> <span class='ocrx_word' id='word_1_171' title='bbox 592 3305 766 3400; x_wconf 81' lang='lat' dir='ltr'>cupivisse.</span> <span class='ocrx_word' id='word_1_172' title='bbox 818 3307 935 3398; x_wconf 86' lang='lat' dir='ltr'>Neque</span> <span class='ocrx_word' id='word_1_173' title='bbox 967 3305 1065 3375; x_wconf 90' lang='lat' dir='ltr'>aliter</span> <span class='ocrx_word' id='word_1_174' title='bbox 1089 3305 1264 3399; x_wconf 90' lang='lat' dir='ltr'>quisquam</span> <span class='ocrx_word' id='word_1_175' title='bbox 1290 3330 1351 3376; x_wconf 89' lang='lat' dir='ltr'>ex-</span> 
     </span>
     <span class='ocr_line' id='line_1_23' title="bbox 143 3429 1350 3524; baseline 0.002 -25"><span class='ocrx_word' id='word_1_176' title='bbox 143 3429 258 3500; x_wconf 91' lang='lat' dir='ltr'>tollere</span> <span class='ocrx_word' id='word_1_177' title='bbox 284 3453 356 3502; x_wconf 89' lang='lat' dir='ltr'>sese</span> <span class='ocrx_word' id='word_1_178' title='bbox 383 3443 415 3501; x_wconf 91' lang='lat' dir='ltr'>et</span> <span class='ocrx_word' id='word_1_179' title='bbox 439 3431 552 3503; x_wconf 88' lang='lat' dir='ltr'>divina</span> <span class='ocrx_word' id='word_1_180' title='bbox 583 3431 730 3502; x_wconf 89' lang='lat' dir='ltr'>mortalis</span> <span class='ocrx_word' id='word_1_181' title='bbox 763 3431 925 3523; x_wconf 86' lang='lat' dir='ltr'>attingere</span> <span class='ocrx_word' id='word_1_182' title='bbox 955 3440 1070 3524; x_wconf 88' lang='lat' dir='ltr'>potest,</span> <span class='ocrx_word' id='word_1_183' title='bbox 1109 3431 1184 3512; x_wconf 91' lang='lat' dir='ltr'>uisi,</span> <span class='ocrx_word' id='word_1_184' title='bbox 1221 3433 1350 3502; x_wconf 89' lang='lat' dir='ltr'>omissis</span> 
     </span>
     <span class='ocr_line' id='line_1_24' title="bbox 143 3554 1349 3648; baseline 0.001 -24"><span class='ocrx_word' id='word_1_185' title='bbox 143 3554 293 3645; x_wconf 72' lang='lat' dir='ltr'>pecunias</span> <span class='ocrx_word' id='word_1_186' title='bbox 318 3564 352 3623; x_wconf 92' lang='lat' dir='ltr'>et</span> <span class='ocrx_word' id='word_1_187' title='bbox 376 3555 524 3648; x_wconf 90' lang='lat' dir='ltr'>corporis</span> <span class='ocrx_word' id='word_1_188' title='bbox 549 3555 692 3648; x_wconf 90' lang='lat' dir='ltr'>gaudiis,</span> <span class='ocrx_word' id='word_1_189' title='bbox 719 3556 831 3624; x_wconf 91' lang='lat' dir='ltr'>animo</span> <span class='ocrx_word' id='word_1_190' title='bbox 853 3554 1042 3646; x_wconf 86' lang='lat' dir='ltr'>indulgens,</span> <span class='ocrx_word' id='word_1_191' title='bbox 1069 3576 1135 3623; x_wconf 93' lang='lat' dir='ltr'>non</span> <span class='ocrx_word' id='word_1_192' title='bbox 1153 3554 1349 3625; x_wconf 84' lang='lat' dir='ltr'>assentando</span> 
     </span>
     <span class='ocr_line' id='line_1_25' title="bbox 143 3679 1348 3775; baseline 0.001 -27"><span class='ocrx_word' id='word_1_193' title='bbox 143 3701 249 3773; x_wconf 90' lang='lat' dir='ltr'>neque</span> <span class='ocrx_word' id='word_1_194' title='bbox 277 3679 453 3773; x_wconf 86' lang='lat' dir='ltr'>eoncupita</span> <span class='ocrx_word' id='word_1_195' title='bbox 478 3680 671 3774; x_wconf 73' lang='lat' dir='ltr'>praebendo,</span> <span class='ocrx_word' id='word_1_196' title='bbox 697 3703 887 3775; x_wconf 89' lang='lat' dir='ltr'>pervorsam</span> <span class='ocrx_word' id='word_1_197' title='bbox 914 3681 1056 3772; x_wconf 89' lang='lat' dir='ltr'>gratiam</span> <span class='ocrx_word' id='word_1_198' title='bbox 1079 3680 1268 3771; x_wconf 88' lang='lat' dir='ltr'>gratificans</span> <span class='ocrx_word' id='word_1_199' title='bbox 1291 3679 1348 3749; x_wconf 89' lang='lat' dir='ltr'>sed</span> 
     </span>
     <span class='ocr_line' id='line_1_26' title="bbox 143 3803 1349 3898; baseline 0.002 -26"><span class='ocrx_word' id='word_1_200' title='bbox 143 3803 174 3872; x_wconf 92' lang='lat' dir='ltr'>in</span> <span class='ocrx_word' id='word_1_201' title='bbox 190 3805 318 3885; x_wconf 89' lang='lat' dir='ltr'>labore,</span> <span class='ocrx_word' id='word_1_202' title='bbox 344 3804 502 3896; x_wconf 89' lang='lat' dir='ltr'>patientia</span> <span class='ocrx_word' id='word_1_203' title='bbox 528 3805 691 3898; x_wconf 89' lang='lat' dir='ltr'>bonisque</span> <span class='ocrx_word' id='word_1_204' title='bbox 712 3805 884 3898; x_wconf 79' lang='lat' dir='ltr'>praeceptis</span> <span class='ocrx_word' id='word_1_205' title='bbox 911 3815 943 3874; x_wconf 90' lang='lat' dir='ltr'>et</span> <span class='ocrx_word' id='word_1_206' title='bbox 967 3804 1062 3875; x_wconf 90' lang='lat' dir='ltr'>lactis</span> <span class='ocrx_word' id='word_1_207' title='bbox 1088 3805 1226 3874; x_wconf 84' lang='lat' dir='ltr'>fortibus</span> <span class='ocrx_word' id='word_1_208' title='bbox 1250 3827 1349 3874; x_wconf 91' lang='lat' dir='ltr'>exer-</span> 
     </span>
     <span class='ocr_line' id='line_1_27' title="bbox 143 3928 283 4001; baseline 0.014 -4"><span class='ocrx_word' id='word_1_209' title='bbox 143 3928 283 4001; x_wconf 85' lang='lat' dir='ltr'>citando.</span> 
     </span>
    </p>

    <p class='ocr_par' dir='ltr' id='par_1_4' title="bbox 139 4055 1347 4772">
     <span class='ocr_line' id='line_1_28' title="bbox 213 4055 1347 4148; baseline -0.003 -21"><span class='ocrx_word' id='word_1_210' title='bbox 213 4059 301 4127; x_wconf 88' lang='lat' dir='ltr'>Nam</span> <span class='ocrx_word' id='word_1_211' title='bbox 337 4055 474 4127; x_wconf 92' lang='lat' dir='ltr'>domum</span> <span class='ocrx_word' id='word_1_212' title='bbox 508 4066 566 4127; x_wconf 89' lang='lat' dir='ltr'>aut</span> <span class='ocrx_word' id='word_1_213' title='bbox 597 4057 712 4126; x_wconf 88' lang='lat' dir='ltr'>villam</span> <span class='ocrx_word' id='word_1_214' title='bbox 746 4069 927 4137; x_wconf 86' lang='lat' dir='ltr'>exstruere,</span> <span class='ocrx_word' id='word_1_215' title='bbox 967 4079 1041 4126; x_wconf 88' lang='lat' dir='ltr'>cam</span> <span class='ocrx_word' id='word_1_216' title='bbox 1075 4056 1190 4148; x_wconf 90' lang='lat' dir='ltr'>signis,</span> <span class='ocrx_word' id='word_1_217' title='bbox 1233 4055 1347 4125; x_wconf 78' lang='lat' dir='ltr'>aulaeis</span> 
     </span>
     <span class='ocr_line' id='line_1_29' title="bbox 140 4177 1347 4274; baseline -0.002 -26"><span class='ocrx_word' id='word_1_218' title='bbox 140 4179 300 4273; x_wconf 86' lang='lat' dir='ltr'>alieisque</span> <span class='ocrx_word' id='word_1_219' title='bbox 326 4180 482 4274; x_wconf 89' lang='lat' dir='ltr'>operibus</span> <span class='ocrx_word' id='word_1_220' title='bbox 509 4202 683 4260; x_wconf 90' lang='lat' dir='ltr'>exornare,</span> <span class='ocrx_word' id='word_1_221' title='bbox 711 4190 743 4249; x_wconf 90' lang='lat' dir='ltr'>et</span> <span class='ocrx_word' id='word_1_222' title='bbox 767 4180 879 4250; x_wconf 90' lang='lat' dir='ltr'>omnia</span> <span class='ocrx_word' id='word_1_223' title='bbox 905 4179 1012 4273; x_wconf 90' lang='lat' dir='ltr'>potius</span> <span class='ocrx_word' id='word_1_224' title='bbox 1038 4200 1140 4270; x_wconf 91' lang='lat' dir='ltr'>quam</span> <span class='ocrx_word' id='word_1_225' title='bbox 1166 4189 1271 4247; x_wconf 90' lang='lat' dir='ltr'>semet</span> <span class='ocrx_word' id='word_1_226' title='bbox 1295 4177 1347 4246; x_wconf 82' lang='lat' dir='ltr'>xi-</span> 
     </span>
     <span class='ocr_line' id='line_1_30' title="bbox 140 4300 1345 4394; baseline -0.002 -23"><span class='ocrx_word' id='word_1_227' title='bbox 140 4305 279 4374; x_wconf 88' lang='lat' dir='ltr'>sundum</span> <span class='ocrx_word' id='word_1_228' title='bbox 298 4304 447 4384; x_wconf 80' lang='lat' dir='ltr'>allicere3</span> <span class='ocrx_word' id='word_1_229' title='bbox 475 4305 590 4385; x_wconf 91' lang='lat' dir='ltr'>idest,</span> <span class='ocrx_word' id='word_1_230' title='bbox 617 4327 683 4374; x_wconf 93' lang='lat' dir='ltr'>nou</span> <span class='ocrx_word' id='word_1_231' title='bbox 712 4303 841 4374; x_wconf 85' lang='lat' dir='ltr'>divitias</span> <span class='ocrx_word' id='word_1_232' title='bbox 867 4304 978 4374; x_wconf 92' lang='lat' dir='ltr'>decori</span> <span class='ocrx_word' id='word_1_233' title='bbox 1000 4302 1136 4384; x_wconf 87' lang='lat' dir='ltr'>babere,</span> <span class='ocrx_word' id='word_1_234' title='bbox 1162 4300 1220 4370; x_wconf 90' lang='lat' dir='ltr'>sed</span> <span class='ocrx_word' id='word_1_235' title='bbox 1238 4300 1345 4394; x_wconf 88' lang='lat' dir='ltr'>ipsum</span> 
     </span>
     <span class='ocr_line' id='line_1_31' title="bbox 140 4425 1343 4523; baseline -0.001 -28"><span class='ocrx_word' id='word_1_236' title='bbox 140 4425 202 4496; x_wconf 87' lang='lat' dir='ltr'>illis</span> <span class='ocrx_word' id='word_1_237' title='bbox 228 4428 357 4520; x_wconf 89' lang='lat' dir='ltr'>llagitio</span> <span class='ocrx_word' id='word_1_238' title='bbox 383 4453 466 4499; x_wconf 92' lang='lat' dir='ltr'>csse.</span> <span class='ocrx_word' id='word_1_239' title='bbox 510 4431 613 4500; x_wconf 88' lang='lat' dir='ltr'>Porro</span> <span class='ocrx_word' id='word_1_240' title='bbox 639 4431 682 4512; x_wconf 90' lang='lat' dir='ltr'>ei,</span> <span class='ocrx_word' id='word_1_241' title='bbox 716 4429 836 4523; x_wconf 92' lang='lat' dir='ltr'>quibus</span> <span class='ocrx_word' id='word_1_242' title='bbox 864 4429 913 4498; x_wconf 93' lang='lat' dir='ltr'>bis</span> <span class='ocrx_word' id='word_1_243' title='bbox 939 4428 992 4498; x_wconf 92' lang='lat' dir='ltr'>die</span> <span class='ocrx_word' id='word_1_244' title='bbox 1019 4437 1166 4496; x_wconf 87' lang='lat' dir='ltr'>ventrem</span> <span class='ocrx_word' id='word_1_245' title='bbox 1192 4447 1343 4506; x_wconf 89' lang='lat' dir='ltr'>onerare,</span> 
     </span>
     <span class='ocr_line' id='line_1_32' title="bbox 139 4547 1344 4646; baseline -0.002 -26"><span class='ocrx_word' id='word_1_246' title='bbox 139 4555 262 4625; x_wconf 86' lang='lat' dir='ltr'>nullam</span> <span class='ocrx_word' id='word_1_247' title='bbox 299 4565 430 4623; x_wconf 90' lang='lat' dir='ltr'>noctem</span> <span class='ocrx_word' id='word_1_248' title='bbox 463 4553 534 4623; x_wconf 90' lang='lat' dir='ltr'>siue</span> <span class='ocrx_word' id='word_1_249' title='bbox 565 4566 673 4624; x_wconf 86' lang='lat' dir='ltr'>scorto</span> <span class='ocrx_word' id='word_1_250' title='bbox 702 4553 875 4646; x_wconf 87' lang='lat' dir='ltr'>quiescere</span> <span class='ocrx_word' id='word_1_251' title='bbox 900 4574 973 4620; x_wconf 91' lang='lat' dir='ltr'>mos</span> <span class='ocrx_word' id='word_1_252' title='bbox 999 4561 1058 4631; x_wconf 90' lang='lat' dir='ltr'>est,</span> <span class='ocrx_word' id='word_1_253' title='bbox 1097 4547 1155 4619; x_wconf 93' lang='lat' dir='ltr'>ubi</span> <span class='ocrx_word' id='word_1_254' title='bbox 1182 4548 1344 4630; x_wconf 89' lang='lat' dir='ltr'>animum,</span> 
     </span>
     <span class='ocr_line' id='line_1_33' title="bbox 139 4676 1342 4772; baseline -0.003 -25"><span class='ocrx_word' id='word_1_255' title='bbox 139 4701 234 4768; x_wconf 88' lang='lat' dir='ltr'>quern</span> <span class='ocrx_word' id='word_1_256' title='bbox 262 4681 427 4752; x_wconf 89' lang='lat' dir='ltr'>dominari</span> <span class='ocrx_word' id='word_1_257' title='bbox 456 4680 603 4760; x_wconf 87' lang='lat' dir='ltr'>decebat,</span> <span class='ocrx_word' id='word_1_258' title='bbox 639 4680 771 4749; x_wconf 86' lang='lat' dir='ltr'>servitio</span> <span class='ocrx_word' id='word_1_259' title='bbox 797 4701 1002 4772; x_wconf 88' lang='lat' dir='ltr'>oppressere,</span> <span class='ocrx_word' id='word_1_260' title='bbox 1038 4676 1263 4769; x_wconf 91' lang='lat' dir='ltr'>nequeiquam</span> <span class='ocrx_word' id='word_1_261' title='bbox 1291 4698 1342 4754; x_wconf 89' lang='lat' dir='ltr'>eo,</span> 
     </span>
    </p>
   </div>
   <div class='ocr_carea' id='block_1_3' title="bbox 0 0 1796 5594">
    <p class='ocr_par' dir='ltr' id='par_1_5' title="bbox 0 0 1796 5594">
     <span class='ocr_line' id='line_1_34' title="bbox 0 0 1796 5594; baseline 0 9"><span class='ocrx_word' id='word_1_262' title='bbox 0 0 1796 5594; x_wconf 95' lang='lat' dir='ltr'> </span> 
     </span>
    </p>
   </div>
  </div>
 </body>
</html>
