3576 5602
1302 679 1367 748 lll

166 881 210 950 Et
234 877 445 948 observatum
470 878 639 971 deinceps,
675 899 717 946 ne
751 900 816 970 qua
847 877 951 948 hostia
978 878 1141 948 Parilibus
1167 877 1373 958 caederetur,

166 1015 203 1072 ut
228 1003 299 1072 dies
324 1001 384 1071 iste
412 1024 432 1070 a
457 1002 620 1092 sanguine
645 1024 747 1095 purus
776 1015 879 1082 esset;
913 1003 1007 1074 cuins
1031 1001 1307 1093 significationem
1333 1001 1375 1071 de
1432 979 1440 995 ⁹

165 1137 260 1220 partu
295 1127 376 1198 Iliae
410 1139 547 1198 tractam
579 1129 704 1198 volunt.
747 1128 877 1198 Solinus
895 1131 1001 1221 polyb.
1034 1128 1068 1200 2.
1096 1133 1153 1221 cfr.
1186 1129 1375 1197 Laurentius

166 1252 274 1340 Lydus
299 1251 338 1319 de
362 1273 458 1320 meus.
487 1249 518 1332 l,
552 1243 599 1322 14
622 1275 680 1321 seo.
707 1254 774 1321 cod.
809 1251 905 1322 Vatis.
956 1253 1078 1322 Lucius
1103 1251 1238 1345 quidem
1265 1250 1375 1320 Taru-

165 1375 231 1444 tius
248 1375 433 1457 Firmanus,
460 1377 630 1448 familiaris
657 1389 766 1448 noster
793 1379 947 1470 inprimis
976 1378 1166 1449 Chaldaicis
1192 1377 1374 1449 rationibus

166 1500 327 1582 eruditus,
361 1501 453 1571 urhis
487 1502 586 1571 etiam
620 1513 751 1572 nostrae
784 1504 929 1572 natalem
957 1504 1046 1573 diem
1073 1505 1242 1596 repetebat
1266 1504 1308 1572 ab
1335 1501 1375 1571 iis

166 1624 353 1704 Parilibus,
389 1625 510 1718 quibus
542 1648 615 1695 eam
646 1649 664 1694 a
692 1628 834 1696 Romulo
866 1628 1033 1697 conditam
1060 1628 1265 1719 accepimus,
1305 1628 1374 1696 llo-

167 1769 335 1840 mamque,
364 1748 502 1840 iniugo
528 1773 602 1820 cum
625 1759 710 1819 esset
726 1751 816 1830 luna,
843 1763 954 1820 natam
980 1773 1051 1820 esse
1071 1751 1202 1822 dicebat
1221 1775 1284 1822 nec
1303 1753 1374 1822 eius

167 1873 233 1941 lata
261 1893 380 1940 cancre
406 1870 589 1942 dubitabat.
634 1875 740 1944 Cicero
764 1877 802 1943 de
827 1876 962 1944 diuinet.
993 1874 1027 1955 2,
1053 1872 1113 1957 47,
1143 1874 1202 1946 98.
1251 1876 1374 1945 Urbem

165 1996 310 2065 Romam
335 2005 411 2063 ante
448 1994 536 2064 diem
575 1998 621 2065 XI
644 1998 719 2067 llal.
754 1997 859 2069 lllaias
893 1997 1060 2067 conditam
1095 2020 1185 2078 esse,
1224 1998 1373 2067 omnium

164 2121 324 2215 opinione
357 2131 527 2212 receptum
562 2134 610 2192 est
640 2146 783 2217 eumque
816 2124 902 2194 diem
935 2125 1053 2195 festum
1088 2124 1229 2194 Romani
1256 2131 1371 2212 agunt,

165 2247 312 2315 natalem
339 2246 429 2316 urbis
455 2247 668 2337 appellantes.
716 2249 759 2317 Et
784 2248 825 2316 ab
851 2248 946 2316 initio
971 2247 1107 2340 quidem
1133 2248 1217 2317 nihil
1243 2247 1374 2314 anima-

165 2381 236 2440 tum
263 2370 305 2440 ad
331 2371 494 2440 sacrificia
527 2371 738 2452 adhibebant,
773 2372 861 2443 diem
894 2373 1018 2464 patriae
1051 2373 1173 2463 origini
1199 2393 1374 2441 eonsecra-

36 2549 43 2560 .
165 2507 236 2565 turn
268 2517 389 2586 purum
424 2515 463 2562 ac
496 2493 568 2564 sine
603 2495 766 2586 sanguine
792 2497 855 2565 rati
882 2496 1004 2564 servari
1030 2506 1196 2588 oportere.
1244 2496 1374 2579 Onam-

164 2643 266 2714 quam
298 2621 365 2690 iam
397 2619 579 2714 antiquitus
613 2644 653 2690 eo
679 2621 733 2691 die
760 2633 905 2714 pastores
938 2621 1167 2692 celebritatem
1193 2620 1372 2713 agitabant,

164 2767 253 2839 qnae
279 2746 396 2817 Palilia
422 2747 463 2816 eh
490 2746 556 2816 illis
577 2746 781 2818 dicebantur.
828 2745 968 2833 [Varro:
1010 2748 1126 2818 Palilia
1153 2759 1220 2817 tam
1245 2747 1372 2839 private

165 2892 268 2962 quam
294 2870 425 2964 publica
452 2884 529 2942 sunt
553 2874 642 2966 apud
667 2874 816 2954 rusticos,
843 2887 879 2944 ut
901 2875 1063 2965 congestis
1089 2895 1165 2944 cum
1192 2874 1289 2943 loeno
1313 2871 1374 2941 sti-

164 2996 254 3088 pulis
280 2997 392 3087 ignem
417 3021 578 3088 magnum
603 2999 801 3080 transiliant,
829 3000 880 3069 his
906 2999 1067 3071 Palilibus
1092 3021 1128 3068 se
1151 2999 1278 3091 expiari
1298 3020 1375 3067 cre-

165 3118 291 3188 dentes.
334 3121 462 3191 Scbolr'u
482 3125 526 3191 od
543 3124 685 3192 Persium
706 3123 737 3204 l,
766 3117 838 3214 72]
859 3176 867 3193 .
889 3125 1014 3194 ,ΙΙΙιιιιι
1041 3135 1152 3192 autem
1179 3122 1279 3202 diem,
1306 3142 1373 3212 quo

165 3244 329 3316 Romulus
355 3245 446 3316 urbis
472 3247 687 3318 fundamenta
711 3249 799 3329 iecit,
830 3301 866 3318 ..
892 3249 925 3317 in
952 3247 1085 3317 tertium
1115 3268 1240 3316 annum
1265 3245 1375 3338 olym-

164 3370 273 3464 piadis
298 3383 412 3441 sextae
439 3373 592 3442 incidisse
624 3373 767 3442 tradunt.
814 3372 1035 3466 Temporibus
1066 3383 1175 3442 autem
1203 3369 1373 3450 Varronis,

165 3494 355 3588 philosophi
389 3505 421 3564 et
454 3497 622 3589 scriptoris
654 3497 886 3591 antiquitatum
912 3498 1136 3567 Romanarum
1171 3493 1372 3588 peritissimi,

165 3619 227 3690 rou
245 3618 412 3700 Tarutius,
440 3619 613 3690 familiaris
639 3620 710 3690 eius
737 3631 769 3690 et
794 3633 863 3691 tum
888 3621 1119 3714 philosophiae
1145 3629 1214 3688 tum
1242 3617 1373 3688 mathe-

165 3745 307 3814 maticae
339 3744 606 3814 studiosissimus.
655 3745 722 3828 Qui
755 3769 830 3816 cum
865 3746 1083 3837 astrologicae
1116 3744 1312 3835 disciplinae
1337 3765 1372 3812 se

165 3869 344 3940 dedidisset
374 3869 560 3939 litterarum
591 3870 699 3940 studio
730 3869 883 3941 inductus
917 3882 949 3938 et
981 3871 1014 3938 in
1041 3892 1082 3939 ea
1108 3881 1178 3939 arte
1205 3868 1372 3938 excellere

165 4000 347 4086 putaretur,
388 3992 418 4060 ci
447 3992 555 4062 Varro
588 3993 753 4086 imposuit,
792 4004 827 4063 ut
853 3994 985 4062 Romuli
1021 3993 1147 4062 natales
1178 3993 1213 4060 in
1246 4003 1373 4062 eertum

164 4117 332 4210 quendam
369 4116 457 4186 diem
495 4129 594 4209 atquc
627 4118 742 4188 horam
778 4119 1009 4198 constitueret,
1049 4115 1270 4208 inspectisque
1302 4116 1373 4185 eius

165 4241 251 4311 ritae
277 4241 432 4312 institutis
458 4264 497 4311 ac
523 4242 622 4312 rebus
649 4243 760 4334 gestis,
791 4242 1071 4336 quemadmodum
1097 4241 1373 4333 geometricorum

165 4365 397 4459 quaestionum
424 4367 508 4436 ratio
533 4367 606 4446 fert,
633 4368 719 4436 vitae
745 4368 873 4438 initium
896 4379 1084 4461 exputaret:
1113 4367 1261 4436 eiusdem
1285 4365 1373 4434 enim

166 4489 337 4560 doctrinae
375 4513 446 4559 esse
481 4490 603 4561 debere
638 4501 670 4560 et
702 4493 841 4583 cognitis
877 4493 1039 4563 nataliciis
1074 4491 1238 4562 sideribus
1272 4491 1373 4558 vitam

164 4617 400 4710 praenuntiare
427 4629 459 4686 et
484 4618 671 4710 propositae
697 4617 784 4686 vitae
811 4618 985 4688 exordium
1012 4618 1194 4711 inquirere.
1237 4613 1375 4706 Recepit

166 4739 269 4830 igitur
286 4739 441 4810 Tarutius
465 4741 693 4832 quaestionem
711 4763 730 4810 a
753 4743 901 4811 Varrone
922 4741 1123 4835 propositam
1146 4751 1178 4808 ct
1196 4737 1373 4830 perspectis
