<?xml version="1.0" encoding="UTF-8"?>
<!DOCTYPE html PUBLIC "-//W3C//DTD XHTML 1.0 Transitional//EN"
    "http://www.w3.org/TR/xhtml1/DTD/xhtml1-transitional.dtd">
<html xmlns="http://www.w3.org/1999/xhtml" xml:lang="en" lang="en">
 <head>
  <title>
</title>
<meta http-equiv="Content-Type" content="text/html;charset=utf-8" />
  <meta name='ocr-system' content='tesseract 3.04.00' />
  <meta name='ocr-capabilities' content='ocr_page ocr_carea ocr_par ocr_line ocrx_word'/>
</head>
<body>
  <div class='ocr_page' id='page_1' title='image "./gaisalustiicris00rothgoog_0602.png"; bbox 0 0 3702 5600; ppageno 0'>
   <div class='ocr_carea' id='block_1_1' title="bbox 1389 645 1460 714">
    <p class='ocr_par' dir='ltr' id='par_1_1' title="bbox 1389 645 1460 714">
     <span class='ocr_line' id='line_1_1' title="bbox 1389 645 1460 714; baseline 0.028 -2"><span class='ocrx_word' id='word_1_1' title='bbox 1389 645 1460 714; x_wconf 85' lang='lat'><strong>565</strong></span> 
     </span>
    </p>
   </div>
   <div class='ocr_carea' id='block_1_2' title="bbox 178 840 1462 2732">
    <p class='ocr_par' dir='ltr' id='par_1_2' title="bbox 178 840 1462 2090">
     <span class='ocr_line' id='line_1_2' title="bbox 264 840 1461 919; baseline -0.003 -16"><span class='ocrx_word' id='word_1_2' title='bbox 264 843 396 903; x_wconf 88' lang='lat' dir='ltr'><strong>inveniri</strong></span> <span class='ocrx_word' id='word_1_3' title='bbox 416 841 597 919; x_wconf 87' lang='lat' dir='ltr'><strong>putaverim,</strong></span> <span class='ocrx_word' id='word_1_4' title='bbox 623 841 674 918; x_wconf 93' lang='lat' dir='ltr'><strong>qui</strong></span> <span class='ocrx_word' id='word_1_5' title='bbox 698 845 820 917; x_wconf 79' lang='lat' dir='ltr'><strong>statuat,</strong></span> <span class='ocrx_word' id='word_1_6' title='bbox 842 859 910 918; x_wconf 73' lang='lat' dir='ltr'><strong>que</strong></span> <span class='ocrx_word' id='word_1_7' title='bbox 931 841 1060 902; x_wconf 84' lang='lat' dir='ltr'><strong>Gesneri</strong></span> <span class='ocrx_word' id='word_1_8' title='bbox 1084 840 1142 902; x_wconf 83' lang='lat' dir='ltr'><strong>luit</strong></span> <span class='ocrx_word' id='word_1_9' title='bbox 1162 843 1275 919; x_wconf 92' lang='lat' dir='ltr'><strong>opinio,</strong></span> <span class='ocrx_word' id='word_1_10' title='bbox 1306 841 1461 901; x_wconf 88' lang='lat' dir='ltr'><strong>declama-</strong></span> 
     </span>
     <span class='ocr_line' id='line_1_3' title="bbox 193 947 1461 1035; baseline -0.004 -24"><span class='ocrx_word' id='word_1_11' title='bbox 193 1029 196 1035; x_wconf 23' lang='grc' dir='ltr'><strong><em>Ι</em></strong></span> <span class='ocrx_word' id='word_1_12' title='bbox 261 954 361 1011; x_wconf 92' lang='lat' dir='ltr'><strong>torem</strong></span> <span class='ocrx_word' id='word_1_13' title='bbox 392 949 459 1008; x_wconf 81' lang='lat' dir='ltr'><strong>haec</strong></span> <span class='ocrx_word' id='word_1_14' title='bbox 488 949 585 1008; x_wconf 87' lang='lat' dir='ltr'><strong>verba</strong></span> <span class='ocrx_word' id='word_1_15' title='bbox 618 964 657 1008; x_wconf 84' lang='lat' dir='ltr'><strong>ex</strong></span> <span class='ocrx_word' id='word_1_16' title='bbox 684 949 816 1025; x_wconf 79' lang='lat' dir='ltr'><strong>genuina</strong></span> <span class='ocrx_word' id='word_1_17' title='bbox 846 947 972 1008; x_wconf 77' lang='lat' dir='ltr'><strong>Salustii</strong></span> <span class='ocrx_word' id='word_1_18' title='bbox 1001 948 1141 1009; x_wconf 87' lang='lat' dir='ltr'><strong>oratione</strong></span> <span class='ocrx_word' id='word_1_19' title='bbox 1169 948 1266 1025; x_wconf 90' lang='lat' dir='ltr'><strong>petita</strong></span> <span class='ocrx_word' id='word_1_20' title='bbox 1288 947 1461 1008; x_wconf 87' lang='lat' dir='ltr'><strong>subditiciis</strong></span> 
     </span>
     <span class='ocr_line' id='line_1_4' title="bbox 178 1056 1462 1135; baseline 0 -19"><span class='ocrx_word' id='word_1_21' title='bbox 178 1075 181 1080; x_wconf 91' lang='lat'>·</span> <span class='ocrx_word' id='word_1_22' title='bbox 260 1057 365 1117; x_wconf 88' lang='lat' dir='ltr'><strong>verbis</strong></span> <span class='ocrx_word' id='word_1_23' title='bbox 387 1057 596 1131; x_wconf 78' lang='lat' dir='ltr'><strong>immiscuisse,</strong></span> <span class='ocrx_word' id='word_1_24' title='bbox 625 1062 659 1117; x_wconf 93' lang='lat' dir='ltr'><strong>ut</strong></span> <span class='ocrx_word' id='word_1_25' title='bbox 678 1057 825 1135; x_wconf 88' lang='lat' dir='ltr'><strong>majorem</strong></span> <span class='ocrx_word' id='word_1_26' title='bbox 846 1059 1058 1118; x_wconf 87' lang='lat' dir='ltr'><strong>auctoritatem</strong></span> <span class='ocrx_word' id='word_1_27' title='bbox 1078 1059 1117 1117; x_wconf 91' lang='lat' dir='ltr'><strong>iis</strong></span> <span class='ocrx_word' id='word_1_28' title='bbox 1138 1058 1321 1119; x_wconf 77' lang='lat' dir='ltr'><strong>adstrueret.</strong></span> <span class='ocrx_word' id='word_1_29' title='bbox 1356 1056 1462 1132; x_wconf 80' lang='lat' dir='ltr'>Neque</span> 
     </span>
     <span class='ocr_line' id='line_1_5' title="bbox 261 1162 1461 1240; baseline 0.001 -19"><span class='ocrx_word' id='word_1_30' title='bbox 261 1179 299 1222; x_wconf 96' lang='lat' dir='ltr'><strong>eo</strong></span> <span class='ocrx_word' id='word_1_31' title='bbox 320 1162 404 1221; x_wconf 90' lang='lat' dir='ltr'><strong>illius</strong></span> <span class='ocrx_word' id='word_1_32' title='bbox 425 1163 592 1222; x_wconf 92' lang='lat' dir='ltr'><strong>testimonii</strong></span> <span class='ocrx_word' id='word_1_33' title='bbox 612 1163 780 1224; x_wconf 86' lang='lat' dir='ltr'><strong>auctoritas</strong></span> <span class='ocrx_word' id='word_1_34' title='bbox 802 1163 977 1239; x_wconf 85' lang='lat' dir='ltr'><strong>infirmatur,</strong></span> <span class='ocrx_word' id='word_1_35' title='bbox 1004 1179 1065 1238; x_wconf 90' lang='lat' dir='ltr'><strong>quo</strong></span> <span class='ocrx_word' id='word_1_36' title='bbox 1087 1163 1208 1224; x_wconf 83' lang='lat' dir='ltr'><strong>Cortice</strong></span> <span class='ocrx_word' id='word_1_37' title='bbox 1228 1164 1357 1240; x_wconf 88' lang='lat' dir='ltr'><strong>potavit,</strong></span> <span class='ocrx_word' id='word_1_38' title='bbox 1380 1163 1461 1238; x_wconf 93' lang='lat' dir='ltr'><strong>quod</strong></span> 
     </span>
     <span class='ocr_line' id='line_1_6' title="bbox 261 1267 1461 1345; baseline 0 -17"><span class='ocrx_word' id='word_1_39' title='bbox 261 1269 360 1328; x_wconf 88' lang='lat' dir='ltr'><strong>altero</strong></span> <span class='ocrx_word' id='word_1_40' title='bbox 393 1267 463 1328; x_wconf 92' lang='lat' dir='ltr'><strong>loco</strong></span> <span class='ocrx_word' id='word_1_41' title='bbox 499 1269 596 1327; x_wconf 88' lang='lat' dir='ltr'><strong>verba</strong></span> <span class='ocrx_word' id='word_1_42' title='bbox 627 1268 707 1345; x_wconf 88' lang='lat' dir='ltr'><strong>apud</strong></span> <span class='ocrx_word' id='word_1_43' title='bbox 740 1267 904 1328; x_wconf 76' lang='lat' dir='ltr'><strong>Salustium</strong></span> <span class='ocrx_word' id='word_1_44' title='bbox 937 1269 968 1326; x_wconf 91' lang='lat' dir='ltr'><strong>in</strong></span> <span class='ocrx_word' id='word_1_45' title='bbox 1000 1269 1098 1328; x_wconf 82' lang='lat' dir='ltr'><strong>tribus</strong></span> <span class='ocrx_word' id='word_1_46' title='bbox 1129 1268 1216 1328; x_wconf 92' lang='lat' dir='ltr'><strong>codd.</strong></span> <span class='ocrx_word' id='word_1_47' title='bbox 1248 1267 1345 1328; x_wconf 88' lang='lat' dir='ltr'><strong>Turic.</strong></span> <span class='ocrx_word' id='word_1_48' title='bbox 1380 1269 1461 1330; x_wconf 73' lang='lat' dir='ltr'><strong>iiior.</strong></span> 
     </span>
     <span class='ocr_line' id='line_1_7' title="bbox 261 1373 1462 1451; baseline 0.001 -18"><span class='ocrx_word' id='word_1_49' title='bbox 261 1373 360 1436; x_wconf 84' lang='lat' dir='ltr'><strong>Gueli.</strong></span> <span class='ocrx_word' id='word_1_50' title='bbox 381 1374 495 1434; x_wconf 90' lang='lat' dir='ltr'><strong>omissa</strong></span> <span class='ocrx_word' id='word_1_51' title='bbox 515 1377 594 1434; x_wconf 90' lang='lat' dir='ltr'><strong>sont.</strong></span> <span class='ocrx_word' id='word_1_52' title='bbox 628 1373 696 1435; x_wconf 78' lang='lat' dir='ltr'><strong>Etsi</strong></span> <span class='ocrx_word' id='word_1_53' title='bbox 719 1390 816 1451; x_wconf 81' lang='lat' dir='ltr'><strong>nuper</strong></span> <span class='ocrx_word' id='word_1_54' title='bbox 842 1374 908 1448; x_wconf 86' lang='lat' dir='ltr'><strong>icit,</strong></span> <span class='ocrx_word' id='word_1_55' title='bbox 938 1375 990 1450; x_wconf 94' lang='lat' dir='ltr'><strong>qui</strong></span> <span class='ocrx_word' id='word_1_56' title='bbox 1016 1374 1106 1434; x_wconf 86' lang='lat' dir='ltr'><strong>huius</strong></span> <span class='ocrx_word' id='word_1_57' title='bbox 1134 1373 1238 1435; x_wconf 92' lang='lat' dir='ltr'><strong>iudicii</strong></span> <span class='ocrx_word' id='word_1_58' title='bbox 1261 1376 1462 1451; x_wconf 76' lang='lat' dir='ltr'><strong>patrocinium</strong></span> 
     </span>
     <span class='ocr_line' id='line_1_8' title="bbox 260 1481 1461 1558; baseline 0.001 -17"><span class='ocrx_word' id='word_1_59' title='bbox 260 1482 442 1558; x_wconf 83' lang='lat' dir='ltr'><strong>susciperet,</strong></span> <span class='ocrx_word' id='word_1_60' title='bbox 475 1481 530 1540; x_wconf 85' lang='lat' dir='ltr'><strong>cir.</strong></span> <span class='ocrx_word' id='word_1_61' title='bbox 551 1483 669 1558; x_wconf 88' lang='lat' dir='ltr'><strong>Zumpt</strong></span> <span class='ocrx_word' id='word_1_62' title='bbox 696 1482 735 1541; x_wconf 92' lang='lat' dir='ltr'><strong>ad</strong></span> <span class='ocrx_word' id='word_1_63' title='bbox 762 1481 859 1550; x_wconf 82' lang='lat' dir='ltr'><strong>Quint.</strong></span> <span class='ocrx_word' id='word_1_64' title='bbox 881 1481 918 1540; x_wconf 89' lang='lat' dir='ltr'><strong>V.</strong></span> <span class='ocrx_word' id='word_1_65' title='bbox 939 1499 967 1558; x_wconf 93' lang='lat' dir='ltr'><strong>p.</strong></span> <span class='ocrx_word' id='word_1_66' title='bbox 991 1483 1057 1540; x_wconf 64' lang='lat'><strong>184.</strong></span> <span class='ocrx_word' id='word_1_67' title='bbox 1096 1481 1188 1556; x_wconf 84' lang='lat' dir='ltr'><strong>,Mihi</strong></span> <span class='ocrx_word' id='word_1_68' title='bbox 1215 1482 1337 1558; x_wconf 88' lang='lat' dir='ltr'><strong>quidem</strong></span> <span class='ocrx_word' id='word_1_69' title='bbox 1352 1483 1461 1542; x_wconf 67' lang='lat' dir='ltr'><strong>&#39;veris</strong></span> 
     </span>
     <span class='ocr_line' id='line_1_9' title="bbox 261 1586 1462 1664; baseline -0.001 -17"><span class='ocrx_word' id='word_1_70' title='bbox 261 1588 337 1648; x_wconf 90' lang='lat' dir='ltr'><strong>sime</strong></span> <span class='ocrx_word' id='word_1_71' title='bbox 358 1588 481 1647; x_wconf 91' lang='lat' dir='ltr'><strong>videtur</strong></span> <span class='ocrx_word' id='word_1_72' title='bbox 502 1586 621 1649; x_wconf 84' lang='lat' dir='ltr'><strong>Cortius</strong></span> <span class='ocrx_word' id='word_1_73' title='bbox 642 1589 683 1647; x_wconf 87' lang='lat' dir='ltr'><strong>ad</strong></span> <span class='ocrx_word' id='word_1_74' title='bbox 701 1587 866 1648; x_wconf 81' lang='lat' dir='ltr'><strong>Salustium</strong></span> <span class='ocrx_word' id='word_1_75' title='bbox 890 1588 1055 1662; x_wconf 78' lang='lat' dir='ltr'><strong>iudinassu,</strong></span> <span class='ocrx_word' id='word_1_76' title='bbox 1082 1591 1240 1664; x_wconf 90' lang='lat' dir='ltr'><strong>utrumque</strong></span> <span class='ocrx_word' id='word_1_77' title='bbox 1270 1589 1377 1662; x_wconf 92' lang='lat' dir='ltr'><strong>locum,</strong></span> <span class='ocrx_word' id='word_1_78' title='bbox 1410 1589 1462 1648; x_wconf 91' lang='lat' dir='ltr'><strong>ubi</strong></span> 
     </span>
     <span class='ocr_line' id='line_1_10' title="bbox 262 1693 1461 1772; baseline 0.002 -18"><span class='ocrx_word' id='word_1_79' title='bbox 262 1694 465 1764; x_wconf 85' lang='lat' dir='ltr'><strong>Quintilianus</strong></span> <span class='ocrx_word' id='word_1_80' title='bbox 481 1694 732 1756; x_wconf 86' lang='lat' dir='ltr'><strong>declamationem</strong></span> <span class='ocrx_word' id='word_1_81' title='bbox 754 1695 840 1754; x_wconf 90' lang='lat' dir='ltr'><strong>illam</strong></span> <span class='ocrx_word' id='word_1_82' title='bbox 857 1697 1009 1769; x_wconf 90' lang='lat' dir='ltr'><strong>tamquam</strong></span> <span class='ocrx_word' id='word_1_83' title='bbox 1020 1693 1156 1755; x_wconf 87' lang='lat' dir='ltr'><strong>Sallustii</strong></span> <span class='ocrx_word' id='word_1_84' title='bbox 1172 1695 1283 1772; x_wconf 90' lang='lat' dir='ltr'><strong>laudat,</strong></span> <span class='ocrx_word' id='word_1_85' title='bbox 1298 1696 1461 1756; x_wconf 91' lang='lat' dir='ltr'><strong>insiticium</strong></span> 
     </span>
     <span class='ocr_line' id='line_1_11' title="bbox 262 1793 1462 1871; baseline 0 -10"><span class='ocrx_word' id='word_1_86' title='bbox 262 1793 360 1861; x_wconf 84' lang='lat' dir='ltr'><strong>esse.“</strong></span> <span class='ocrx_word' id='word_1_87' title='bbox 394 1799 434 1860; x_wconf 83' lang='lat' dir='ltr'><strong>Et</strong></span> <span class='ocrx_word' id='word_1_88' title='bbox 455 1801 535 1861; x_wconf 91' lang='lat' dir='ltr'><strong>idem</strong></span> <span class='ocrx_word' id='word_1_89' title='bbox 564 1801 630 1860; x_wconf 85' lang='lat' dir='ltr'><strong>lere</strong></span> <span class='ocrx_word' id='word_1_90' title='bbox 652 1805 804 1862; x_wconf 79' lang='lat' dir='ltr'><strong>statuerat</strong></span> <span class='ocrx_word' id='word_1_91' title='bbox 826 1800 1015 1862; x_wconf 83' lang='lat' dir='ltr'><strong>Columesius</strong></span> <span class='ocrx_word' id='word_1_92' title='bbox 1043 1799 1098 1860; x_wconf 89' lang='lat' dir='ltr'><strong>cir.</strong></span> <span class='ocrx_word' id='word_1_93' title='bbox 1124 1801 1226 1862; x_wconf 89' lang='lat' dir='ltr'><strong>Burm.</strong></span> <span class='ocrx_word' id='word_1_94' title='bbox 1253 1803 1292 1862; x_wconf 92' lang='lat' dir='ltr'><strong>ad</strong></span> <span class='ocrx_word' id='word_1_95' title='bbox 1315 1802 1413 1871; x_wconf 85' lang='lat' dir='ltr'><strong>Quint.</strong></span> <span class='ocrx_word' id='word_1_96' title='bbox 1431 1823 1462 1861; x_wconf 83' lang='grc' dir='ltr'><strong>ιν</strong></span> 
     </span>
     <span class='ocr_line' id='line_1_12' title="bbox 262 1904 1459 1986; baseline 0.002 -20"><span class='ocrx_word' id='word_1_97' title='bbox 262 1911 288 1966; x_wconf 86' lang='grc'><strong>1.</strong></span> <span class='ocrx_word' id='word_1_98' title='bbox 310 1909 349 1966; x_wconf 84' lang='grc'><strong>68</strong></span> <span class='ocrx_word' id='word_1_99' title='bbox 372 1911 405 1967; x_wconf 91' lang='lat' dir='ltr'><strong>et</strong></span> <span class='ocrx_word' id='word_1_100' title='bbox 423 1908 605 1968; x_wconf 80' lang='lat' dir='ltr'><strong>Franciscus</strong></span> <span class='ocrx_word' id='word_1_101' title='bbox 625 1907 768 1968; x_wconf 81' lang='lat' dir='ltr'><strong>Floridus</strong></span> <span class='ocrx_word' id='word_1_102' title='bbox 789 1904 921 1970; x_wconf 87' lang='lat' dir='ltr'><strong>Sabinos</strong></span> <span class='ocrx_word' id='word_1_103' title='bbox 941 1907 996 1967; x_wconf 86' lang='lat' dir='ltr'><strong>cir.</strong></span> <span class='ocrx_word' id='word_1_104' title='bbox 1016 1907 1139 1968; x_wconf 83' lang='lat' dir='ltr'><strong>Gruteri</strong></span> <span class='ocrx_word' id='word_1_105' title='bbox 1160 1907 1289 1986; x_wconf 75' lang='lat' dir='ltr'><strong>lampas</strong></span> <span class='ocrx_word' id='word_1_106' title='bbox 1311 1908 1376 1969; x_wconf 84' lang='lat' dir='ltr'><strong>Crit</strong></span> <span class='ocrx_word' id='word_1_107' title='bbox 1397 1909 1419 1968; x_wconf 92' lang='lat' dir='ltr'><strong>l.</strong></span> <span class='ocrx_word' id='word_1_108' title='bbox 1439 1929 1459 1968; x_wconf 90' lang='grc' dir='ltr'><strong>ι.</strong></span> 
     </span>
     <span class='ocr_line' id='line_1_13' title="bbox 264 2014 405 2090; baseline 0 -18"><span class='ocrx_word' id='word_1_109' title='bbox 264 2030 293 2090; x_wconf 94' lang='lat' dir='ltr'><strong>p.</strong></span> <span class='ocrx_word' id='word_1_110' title='bbox 317 2014 405 2072; x_wconf 84' lang='lat'><strong>1⁰06.</strong></span> 
     </span>
    </p>

    <p class='ocr_par' dir='ltr' id='par_1_3' title="bbox 242 2119 1461 2732">
     <span class='ocr_line' id='line_1_14' title="bbox 341 2119 1461 2196; baseline 0 -17"><span class='ocrx_word' id='word_1_111' title='bbox 341 2119 475 2180; x_wconf 77' lang='lat' dir='ltr'><strong>Facilius</strong></span> <span class='ocrx_word' id='word_1_112' title='bbox 496 2123 596 2180; x_wconf 88' lang='lat' dir='ltr'><strong>autem</strong></span> <span class='ocrx_word' id='word_1_113' title='bbox 626 2121 665 2180; x_wconf 89' lang='lat' dir='ltr'><strong>de</strong></span> <span class='ocrx_word' id='word_1_114' title='bbox 694 2120 870 2189; x_wconf 89' lang='lat' dir='ltr'><strong>Quintiliani</strong></span> <span class='ocrx_word' id='word_1_115' title='bbox 899 2119 1012 2180; x_wconf 90' lang='lat' dir='ltr'><strong>iudicio</strong></span> <span class='ocrx_word' id='word_1_116' title='bbox 1035 2137 1123 2196; x_wconf 91' lang='lat' dir='ltr'><strong>quam</strong></span> <span class='ocrx_word' id='word_1_117' title='bbox 1145 2120 1184 2179; x_wconf 92' lang='lat' dir='ltr'><strong>de</strong></span> <span class='ocrx_word' id='word_1_118' title='bbox 1205 2120 1295 2180; x_wconf 85' lang='lat' dir='ltr'><strong>huius</strong></span> <span class='ocrx_word' id='word_1_119' title='bbox 1316 2120 1379 2179; x_wconf 92' lang='lat' dir='ltr'><strong>loci</strong></span> <span class='ocrx_word' id='word_1_120' title='bbox 1401 2119 1461 2179; x_wconf 88' lang='lat' dir='ltr'><strong>flde</strong></span> 
     </span>
     <span class='ocr_line' id='line_1_15' title="bbox 261 2225 1460 2304; baseline -0.002 -17"><span class='ocrx_word' id='word_1_121' title='bbox 261 2227 394 2287; x_wconf 72' lang='lat' dir='ltr'><strong>dubitmi</strong></span> <span class='ocrx_word' id='word_1_122' title='bbox 421 2243 516 2303; x_wconf 90' lang='lat' dir='ltr'><strong>posse</strong></span> <span class='ocrx_word' id='word_1_123' title='bbox 548 2227 745 2286; x_wconf 90' lang='lat' dir='ltr'><strong>doctissimos</strong></span> <span class='ocrx_word' id='word_1_124' title='bbox 773 2227 874 2287; x_wconf 91' lang='lat' dir='ltr'><strong>editor</strong></span> <span class='ocrx_word' id='word_1_125' title='bbox 901 2226 1098 2304; x_wconf 82' lang='lat' dir='ltr'><strong>Spaldingius</strong></span> <span class='ocrx_word' id='word_1_126' title='bbox 1128 2227 1250 2287; x_wconf 89' lang='lat' dir='ltr'><strong>monuit.</strong></span> <span class='ocrx_word' id='word_1_127' title='bbox 1285 2226 1341 2286; x_wconf 87' lang='lat' dir='ltr'><strong>cir.</strong></span> <span class='ocrx_word' id='word_1_128' title='bbox 1370 2225 1460 2286; x_wconf 87' lang='lat' dir='ltr'><strong>ilenr.</strong></span> 
     </span>
     <span class='ocr_line' id='line_1_16' title="bbox 260 2332 1460 2410; baseline 0 -18"><span class='ocrx_word' id='word_1_129' title='bbox 260 2333 405 2409; x_wconf 83' lang='lat' dir='ltr'><strong>Meyerus</strong></span> <span class='ocrx_word' id='word_1_130' title='bbox 426 2332 495 2393; x_wconf 90' lang='lat' dir='ltr'><strong>Vol.</strong></span> <span class='ocrx_word' id='word_1_131' title='bbox 519 2336 546 2392; x_wconf 91' lang='lat'><strong>1.</strong></span> <span class='ocrx_word' id='word_1_132' title='bbox 566 2351 596 2410; x_wconf 96' lang='lat' dir='ltr'><strong>p.</strong></span> <span class='ocrx_word' id='word_1_133' title='bbox 615 2335 683 2393; x_wconf 81' lang='grc'>386.</span> <span class='ocrx_word' id='word_1_134' title='bbox 706 2338 738 2392; x_wconf 90' lang='lat' dir='ltr'><strong>et</strong></span> <span class='ocrx_word' id='word_1_135' title='bbox 758 2334 957 2393; x_wconf 83' lang='lat' dir='ltr'><strong>Marklandus</strong></span> <span class='ocrx_word' id='word_1_136' title='bbox 981 2335 1011 2393; x_wconf 93' lang='lat' dir='ltr'><strong>in</strong></span> <span class='ocrx_word' id='word_1_137' title='bbox 1033 2333 1123 2392; x_wconf 85' lang='lat' dir='ltr'><strong>Praei.</strong></span> <span class='ocrx_word' id='word_1_138' title='bbox 1145 2333 1460 2408; x_wconf 83' lang='lat' dir='ltr'><strong>Animadversionem,</strong></span> 
     </span>
     <span class='ocr_line' id='line_1_17' title="bbox 242 2417 1461 2517; baseline -0.002 -17"><span class='ocrx_word' id='word_1_139' title='bbox 242 2417 348 2515; x_wconf 46' lang='lat' dir='ltr'><strong>‘quam</strong></span> <span class='ocrx_word' id='word_1_140' title='bbox 370 2440 454 2517; x_wconf 84' lang='lat' dir='ltr'><strong>typis</strong></span> <span class='ocrx_word' id='word_1_141' title='bbox 475 2441 638 2517; x_wconf 82' lang='lat' dir='ltr'><strong>repetitam</strong></span> <span class='ocrx_word' id='word_1_142' title='bbox 658 2439 706 2499; x_wconf 80' lang='lat' dir='ltr'><strong>ur.</strong></span> <span class='ocrx_word' id='word_1_143' title='bbox 722 2440 799 2516; x_wconf 77' lang='lat' dir='ltr'><strong>Aug.</strong></span> <span class='ocrx_word' id='word_1_144' title='bbox 818 2440 952 2500; x_wconf 89' lang='lat' dir='ltr'><strong>Woltius</strong></span> <span class='ocrx_word' id='word_1_145' title='bbox 974 2439 1132 2500; x_wconf 79' lang='lat' dir='ltr'><strong>Ciceronis</strong></span> <span class='ocrx_word' id='word_1_146' title='bbox 1154 2441 1249 2500; x_wconf 86' lang='lat' dir='ltr'><strong>Oratt</strong></span> <span class='ocrx_word' id='word_1_147' title='bbox 1272 2445 1401 2515; x_wconf 89' lang='lat' dir='ltr'><strong>quatuor</strong></span> <span class='ocrx_word' id='word_1_148' title='bbox 1422 2441 1461 2499; x_wconf 86' lang='lat' dir='ltr'><strong>ab</strong></span> 
     </span>
     <span class='ocr_line' id='line_1_18' title="bbox 260 2545 1461 2625; baseline 0.002 -21"><span class='ocrx_word' id='word_1_149' title='bbox 260 2547 330 2623; x_wconf 91' lang='lat' dir='ltr'><strong>ipso</strong></span> <span class='ocrx_word' id='word_1_150' title='bbox 352 2545 445 2605; x_wconf 92' lang='lat' dir='ltr'><strong>editis</strong></span> <span class='ocrx_word' id='word_1_151' title='bbox 466 2545 568 2606; x_wconf 92' lang='lat' dir='ltr'><strong>Berol.</strong></span> <span class='ocrx_word' id='word_1_152' title='bbox 589 2548 676 2606; x_wconf 80' lang='lat'><strong>1801.</strong></span> <span class='ocrx_word' id='word_1_153' title='bbox 698 2563 728 2623; x_wconf 92' lang='lat' dir='ltr'><strong>p.</strong></span> <span class='ocrx_word' id='word_1_154' title='bbox 747 2564 835 2606; x_wconf 79' lang='lat' dir='ltr'><strong>cxxv.</strong></span> <span class='ocrx_word' id='word_1_155' title='bbox 857 2548 1035 2625; x_wconf 83' lang='lat' dir='ltr'><strong>praeposuit;</strong></span> <span class='ocrx_word' id='word_1_156' title='bbox 1058 2548 1109 2624; x_wconf 88' lang='lat' dir='ltr'><strong>qui</strong></span> <span class='ocrx_word' id='word_1_157' title='bbox 1124 2547 1338 2616; x_wconf 89' lang='lat' dir='ltr'><strong>Quintilianum</strong></span> <span class='ocrx_word' id='word_1_158' title='bbox 1355 2547 1461 2607; x_wconf 89' lang='lat' dir='ltr'><strong>erudi-</strong></span> 
     </span>
     <span class='ocr_line' id='line_1_19' title="bbox 260 2654 1461 2732; baseline -0.001 -17"><span class='ocrx_word' id='word_1_159' title='bbox 260 2654 410 2715; x_wconf 88' lang='lat' dir='ltr'><strong>tissimum</strong></span> <span class='ocrx_word' id='word_1_160' title='bbox 425 2656 603 2732; x_wconf 88' lang='lat' dir='ltr'><strong>ceteroquin</strong></span> <span class='ocrx_word' id='word_1_161' title='bbox 620 2655 785 2731; x_wconf 86' lang='lat' dir='ltr'><strong>rhetorem,</strong></span> <span class='ocrx_word' id='word_1_162' title='bbox 807 2655 937 2716; x_wconf 87' lang='lat' dir='ltr'><strong>aliorum</strong></span> <span class='ocrx_word' id='word_1_163' title='bbox 954 2656 1007 2716; x_wconf 89' lang='lat' dir='ltr'><strong>vel</strong></span> <span class='ocrx_word' id='word_1_164' title='bbox 1025 2656 1208 2715; x_wconf 90' lang='lat' dir='ltr'><strong>testimoniis</strong></span> <span class='ocrx_word' id='word_1_165' title='bbox 1231 2657 1263 2714; x_wconf 88' lang='lat' dir='ltr'><strong>et</strong></span> <span class='ocrx_word' id='word_1_166' title='bbox 1278 2655 1461 2716; x_wconf 89' lang='lat' dir='ltr'><strong>auctoritate</strong></span> 
     </span>
    </p>
   </div>
   <div class='ocr_carea' id='block_1_3' title="bbox 259 2762 1462 3479">
    <p class='ocr_par' dir='ltr' id='par_1_4' title="bbox 259 2762 1462 3479">
     <span class='ocr_line' id='line_1_20' title="bbox 260 2762 1461 2841; baseline 0.002 -21"><span class='ocrx_word' id='word_1_167' title='bbox 260 2762 312 2821; x_wconf 87' lang='lat' dir='ltr'><strong>vel</strong></span> <span class='ocrx_word' id='word_1_168' title='bbox 326 2762 448 2839; x_wconf 79' lang='lat' dir='ltr'><strong>vulgari</strong></span> <span class='ocrx_word' id='word_1_169' title='bbox 465 2765 565 2824; x_wconf 76' lang='lat' dir='ltr'><strong>atatis</strong></span> <span class='ocrx_word' id='word_1_170' title='bbox 582 2782 645 2824; x_wconf 81' lang='lat' dir='ltr'><strong>suae</strong></span> <span class='ocrx_word' id='word_1_171' title='bbox 659 2765 812 2826; x_wconf 85' lang='lat' dir='ltr'><strong>hominum</strong></span> <span class='ocrx_word' id='word_1_172' title='bbox 826 2764 970 2840; x_wconf 92' lang='lat' dir='ltr'><strong>opinione</strong></span> <span class='ocrx_word' id='word_1_173' title='bbox 984 2764 1034 2824; x_wconf 88' lang='lat' dir='ltr'><strong>vel</strong></span> <span class='ocrx_word' id='word_1_174' title='bbox 1056 2764 1103 2824; x_wconf 91' lang='lat' dir='ltr'><strong>sui</strong></span> <span class='ocrx_word' id='word_1_175' title='bbox 1121 2763 1219 2841; x_wconf 92' lang='lat' dir='ltr'><strong>ipsius</strong></span> <span class='ocrx_word' id='word_1_176' title='bbox 1233 2764 1338 2823; x_wconf 92' lang='lat' dir='ltr'><strong>iudicii</strong></span> <span class='ocrx_word' id='word_1_177' title='bbox 1353 2780 1461 2823; x_wconf 91' lang='lat' dir='ltr'><strong>errore</strong></span> 
     </span>
     <span class='ocr_line' id='line_1_21' title="bbox 261 2868 1462 2947; baseline 0.002 -21"><span class='ocrx_word' id='word_1_178' title='bbox 261 2868 420 2946; x_wconf 88' lang='lat' dir='ltr'><strong>deceptum</strong></span> <span class='ocrx_word' id='word_1_179' title='bbox 436 2870 534 2931; x_wconf 84' lang='lat' dir='ltr'><strong>luisse</strong></span> <span class='ocrx_word' id='word_1_180' title='bbox 549 2871 664 2947; x_wconf 88' lang='lat' dir='ltr'><strong>statuit,</strong></span> <span class='ocrx_word' id='word_1_181' title='bbox 686 2875 719 2932; x_wconf 94' lang='lat' dir='ltr'><strong>ut</strong></span> <span class='ocrx_word' id='word_1_182' title='bbox 732 2871 867 2931; x_wconf 87' lang='lat' dir='ltr'><strong>Salustio</strong></span> <span class='ocrx_word' id='word_1_183' title='bbox 883 2870 1066 2944; x_wconf 82' lang='lat' dir='ltr'><strong>assignaret,</strong></span> <span class='ocrx_word' id='word_1_184' title='bbox 1088 2887 1155 2946; x_wconf 76' lang='lat' dir='ltr'><strong>quae</strong></span> <span class='ocrx_word' id='word_1_185' title='bbox 1170 2870 1332 2930; x_wconf 88' lang='lat' dir='ltr'><strong>imitatoris</strong></span> <span class='ocrx_word' id='word_1_186' title='bbox 1348 2872 1462 2930; x_wconf 88' lang='lat' dir='ltr'><strong>esseut.</strong></span> 
     </span>
     <span class='ocr_line' id='line_1_22' title="bbox 261 2975 1462 3055; baseline 0 -20"><span class='ocrx_word' id='word_1_187' title='bbox 261 2975 347 3043; x_wconf 90' lang='lat' dir='ltr'><strong>Quod</strong></span> <span class='ocrx_word' id='word_1_188' title='bbox 363 2977 485 3052; x_wconf 88' lang='lat' dir='ltr'><strong>quidem</strong></span> <span class='ocrx_word' id='word_1_189' title='bbox 507 2995 544 3038; x_wconf 95' lang='lat' dir='ltr'><strong>eo</strong></span> <span class='ocrx_word' id='word_1_190' title='bbox 565 2977 687 3039; x_wconf 82' lang='lat' dir='ltr'><strong>facilius</strong></span> <span class='ocrx_word' id='word_1_191' title='bbox 709 2979 776 3037; x_wconf 89' lang='lat' dir='ltr'><strong>lieri</strong></span> <span class='ocrx_word' id='word_1_192' title='bbox 797 2978 905 3055; x_wconf 93' lang='lat' dir='ltr'><strong>potuit,</strong></span> <span class='ocrx_word' id='word_1_193' title='bbox 927 2976 1008 3052; x_wconf 90' lang='lat' dir='ltr'><strong>quod</strong></span> <span class='ocrx_word' id='word_1_194' title='bbox 1028 2977 1124 3053; x_wconf 91' lang='lat' dir='ltr'><strong>ipsius</strong></span> <span class='ocrx_word' id='word_1_195' title='bbox 1140 2975 1279 3052; x_wconf 71' lang='lat' dir='ltr'><strong>Caesaris,</strong></span> <span class='ocrx_word' id='word_1_196' title='bbox 1302 2976 1462 3037; x_wconf 84' lang='lat' dir='ltr'><strong>Ciceronis</strong></span> 
     </span>
     <span class='ocr_line' id='line_1_23' title="bbox 260 3080 1461 3160; baseline -0.001 -19"><span class='ocrx_word' id='word_1_197' title='bbox 260 3082 448 3158; x_wconf 91' lang='lat' dir='ltr'><strong>aliorumque</strong></span> <span class='ocrx_word' id='word_1_198' title='bbox 468 3084 625 3144; x_wconf 91' lang='lat' dir='ltr'><strong>orationes</strong></span> <span class='ocrx_word' id='word_1_199' title='bbox 640 3083 821 3144; x_wconf 82' lang='lat' dir='ltr'><strong>ferebantur</strong></span> <span class='ocrx_word' id='word_1_200' title='bbox 842 3081 1052 3160; x_wconf 86' lang='lat' dir='ltr'><strong>suppositiciae</strong></span> <span class='ocrx_word' id='word_1_201' title='bbox 1068 3082 1123 3142; x_wconf 86' lang='lat' dir='ltr'><strong>cir.</strong></span> <span class='ocrx_word' id='word_1_202' title='bbox 1138 3080 1262 3142; x_wconf 90' lang='lat' dir='ltr'><strong>Sueton.</strong></span> <span class='ocrx_word' id='word_1_203' title='bbox 1277 3081 1353 3142; x_wconf 60' lang='grc' dir='ltr'><strong>(ἕως.</strong></span> <span class='ocrx_word' id='word_1_204' title='bbox 1375 3099 1401 3141; x_wconf 94' lang='lat' dir='ltr'><strong>c.</strong></span> <span class='ocrx_word' id='word_1_205' title='bbox 1422 3085 1461 3141; x_wconf 87' lang='lat'><strong>55</strong></span> 
     </span>
     <span class='ocr_line' id='line_1_24' title="bbox 261 3188 1461 3267; baseline 0 -21"><span class='ocrx_word' id='word_1_206' title='bbox 261 3192 293 3248; x_wconf 88' lang='lat' dir='ltr'><strong>et</strong></span> <span class='ocrx_word' id='word_1_207' title='bbox 313 3188 412 3249; x_wconf 77' lang='lat' dir='ltr'><strong>Wolf.</strong></span> <span class='ocrx_word' id='word_1_208' title='bbox 432 3190 471 3249; x_wconf 91' lang='lat' dir='ltr'><strong>ad</strong></span> <span class='ocrx_word' id='word_1_209' title='bbox 494 3189 576 3249; x_wconf 86' lang='lat' dir='ltr'><strong>Orat.</strong></span> <span class='ocrx_word' id='word_1_210' title='bbox 597 3206 654 3267; x_wconf 90' lang='lat' dir='ltr'><strong>pro</strong></span> <span class='ocrx_word' id='word_1_211' title='bbox 672 3190 820 3250; x_wconf 84' lang='lat' dir='ltr'><strong>Marcello</strong></span> <span class='ocrx_word' id='word_1_212' title='bbox 840 3207 870 3266; x_wconf 92' lang='lat' dir='ltr'><strong>p.</strong></span> <span class='ocrx_word' id='word_1_213' title='bbox 892 3208 997 3249; x_wconf 82' lang='lat' dir='ltr'><strong>xxvm.</strong></span> <span class='ocrx_word' id='word_1_214' title='bbox 1020 3205 1065 3264; x_wconf 90' lang='lat' dir='ltr'><strong>sq.</strong></span> <span class='ocrx_word' id='word_1_215' title='bbox 1087 3188 1193 3264; x_wconf 89' lang='lat' dir='ltr'><strong>Neque</strong></span> <span class='ocrx_word' id='word_1_216' title='bbox 1214 3190 1275 3250; x_wconf 85' lang='lat' dir='ltr'><strong>hoc</strong></span> <span class='ocrx_word' id='word_1_217' title='bbox 1296 3191 1346 3249; x_wconf 93' lang='lat' dir='ltr'><strong>est</strong></span> <span class='ocrx_word' id='word_1_218' title='bbox 1365 3189 1461 3248; x_wconf 89' lang='lat' dir='ltr'><strong>dissi·</strong></span> 
     </span>
     <span class='ocr_line' id='line_1_25' title="bbox 259 3294 1462 3382; baseline 0.002 -30"><span class='ocrx_word' id='word_1_219' title='bbox 259 3294 440 3371; x_wconf 82' lang='lat' dir='ltr'><strong>molendum,</strong></span> <span class='ocrx_word' id='word_1_220' title='bbox 462 3296 619 3382; x_wconf 81' lang='lat' dir='ltr'><strong>orationes</strong></span> <span class='ocrx_word' id='word_1_221' title='bbox 640 3295 712 3354; x_wconf 92' lang='lat' dir='ltr'><strong>illas</strong></span> <span class='ocrx_word' id='word_1_222' title='bbox 733 3298 766 3355; x_wconf 92' lang='lat' dir='ltr'><strong>et</strong></span> <span class='ocrx_word' id='word_1_223' title='bbox 784 3296 890 3356; x_wconf 86' lang='lat' dir='ltr'><strong>verbis</strong></span> <span class='ocrx_word' id='word_1_224' title='bbox 906 3299 938 3355; x_wconf 94' lang='lat' dir='ltr'><strong>et</strong></span> <span class='ocrx_word' id='word_1_225' title='bbox 959 3295 1121 3355; x_wconf 89' lang='lat' dir='ltr'><strong>sententiis</strong></span> <span class='ocrx_word' id='word_1_226' title='bbox 1137 3311 1210 3355; x_wconf 90' lang='lat' dir='ltr'><strong>esse</strong></span> <span class='ocrx_word' id='word_1_227' title='bbox 1230 3299 1355 3355; x_wconf 89' lang='lat' dir='ltr'><strong>ornatas</strong></span> <span class='ocrx_word' id='word_1_228' title='bbox 1370 3299 1462 3370; x_wconf 88' lang='lat' dir='ltr'><strong>atque</strong></span> 
     </span>
     <span class='ocr_line' id='line_1_26' title="bbox 260 3400 1462 3479; baseline -0.001 -17"><span class='ocrx_word' id='word_1_229' title='bbox 260 3401 382 3478; x_wconf 90' lang='lat' dir='ltr'><strong>politas.</strong></span> <span class='ocrx_word' id='word_1_230' title='bbox 422 3400 468 3461; x_wconf 88' lang='lat' dir='ltr'><strong>Ne</strong></span> <span class='ocrx_word' id='word_1_231' title='bbox 489 3401 628 3461; x_wconf 87' lang='lat' dir='ltr'><strong>convicia</strong></span> <span class='ocrx_word' id='word_1_232' title='bbox 649 3400 779 3477; x_wconf 92' lang='lat' dir='ltr'><strong>quidem,</strong></span> <span class='ocrx_word' id='word_1_233' title='bbox 815 3418 882 3477; x_wconf 82' lang='lat' dir='ltr'><strong>quae</strong></span> <span class='ocrx_word' id='word_1_234' title='bbox 903 3406 1012 3463; x_wconf 92' lang='lat' dir='ltr'><strong>auctor</strong></span> <span class='ocrx_word' id='word_1_235' title='bbox 1032 3401 1174 3462; x_wconf 84' lang='lat' dir='ltr'><strong>Ciceroni</strong></span> <span class='ocrx_word' id='word_1_236' title='bbox 1203 3401 1391 3479; x_wconf 88' lang='lat' dir='ltr'><strong>petulantius</strong></span> <span class='ocrx_word' id='word_1_237' title='bbox 1412 3404 1462 3461; x_wconf 92' lang='lat' dir='ltr'><strong>in·</strong></span> 
     </span>
    </p>
   </div>
   <div class='ocr_carea' id='block_1_4' title="bbox 259 3507 1473 4760">
    <p class='ocr_par' dir='ltr' id='par_1_5' title="bbox 259 3507 1473 4760">
     <span class='ocr_line' id='line_1_27' title="bbox 260 3507 1462 3586; baseline -0.001 -20"><span class='ocrx_word' id='word_1_238' title='bbox 260 3509 368 3584; x_wconf 77' lang='lat' dir='ltr'><strong>gessit,</strong></span> <span class='ocrx_word' id='word_1_239' title='bbox 388 3509 428 3567; x_wconf 89' lang='lat' dir='ltr'><strong>ab</strong></span> <span class='ocrx_word' id='word_1_240' title='bbox 450 3509 517 3567; x_wconf 87' lang='lat' dir='ltr'><strong>eius</strong></span> <span class='ocrx_word' id='word_1_241' title='bbox 539 3508 674 3569; x_wconf 88' lang='lat' dir='ltr'><strong>moribus</strong></span> <span class='ocrx_word' id='word_1_242' title='bbox 696 3507 796 3568; x_wconf 86' lang='lat' dir='ltr'><strong>aliena</strong></span> <span class='ocrx_word' id='word_1_243' title='bbox 811 3507 937 3583; x_wconf 85' lang='lat' dir='ltr'><strong>dixeris,</strong></span> <span class='ocrx_word' id='word_1_244' title='bbox 960 3509 1073 3586; x_wconf 90' lang='lat' dir='ltr'><strong>quippe</strong></span> <span class='ocrx_word' id='word_1_245' title='bbox 1088 3525 1155 3583; x_wconf 81' lang='lat' dir='ltr'><strong>quae</strong></span> <span class='ocrx_word' id='word_1_246' title='bbox 1176 3508 1215 3566; x_wconf 89' lang='lat' dir='ltr'><strong>ab</strong></span> <span class='ocrx_word' id='word_1_247' title='bbox 1238 3508 1318 3567; x_wconf 88' lang='lat' dir='ltr'><strong>irato</strong></span> <span class='ocrx_word' id='word_1_248' title='bbox 1339 3508 1462 3567; x_wconf 85' lang='lat' dir='ltr'><strong>homine</strong></span> 
     </span>
     <span class='ocr_line' id='line_1_28' title="bbox 260 3614 1462 3692; baseline 0.002 -20"><span class='ocrx_word' id='word_1_249' title='bbox 260 3614 291 3672; x_wconf 94' lang='lat' dir='ltr'><strong>in</strong></span> <span class='ocrx_word' id='word_1_250' title='bbox 313 3615 462 3674; x_wconf 89' lang='lat' dir='ltr'><strong>inimicum</strong></span> <span class='ocrx_word' id='word_1_251' title='bbox 483 3615 595 3674; x_wconf 84' lang='lat' dir='ltr'><strong>iactari</strong></span> <span class='ocrx_word' id='word_1_252' title='bbox 619 3631 714 3692; x_wconf 88' lang='lat' dir='ltr'><strong>posse</strong></span> <span class='ocrx_word' id='word_1_253' title='bbox 741 3614 911 3675; x_wconf 88' lang='lat' dir='ltr'><strong>videantur.</strong></span> <span class='ocrx_word' id='word_1_254' title='bbox 952 3614 998 3674; x_wconf 90' lang='lat' dir='ltr'><strong>Ne</strong></span> <span class='ocrx_word' id='word_1_255' title='bbox 1025 3615 1119 3692; x_wconf 83' lang='lat' dir='ltr'><strong>igitur</strong></span> <span class='ocrx_word' id='word_1_256' title='bbox 1144 3615 1174 3674; x_wconf 92' lang='lat' dir='ltr'><strong>in</strong></span> <span class='ocrx_word' id='word_1_257' title='bbox 1197 3615 1367 3674; x_wconf 88' lang='lat' dir='ltr'><strong>acerbitate</strong></span> <span class='ocrx_word' id='word_1_258' title='bbox 1388 3632 1462 3675; x_wconf 87' lang='lat' dir='ltr'><strong>ora-</strong></span> 
     </span>
     <span class='ocr_line' id='line_1_29' title="bbox 261 3721 1463 3796; baseline 0 -16"><span class='ocrx_word' id='word_1_259' title='bbox 261 3721 353 3781; x_wconf 85' lang='lat' dir='ltr'><strong>tionis</strong></span> <span class='ocrx_word' id='word_1_260' title='bbox 372 3721 550 3796; x_wconf 61' lang='lat' dir='ltr'><strong>offenderim</strong></span> <span class='ocrx_word' id='word_1_261' title='bbox 571 3722 655 3782; x_wconf 87' lang='lat' dir='ltr'><strong>haud</strong></span> <span class='ocrx_word' id='word_1_262' title='bbox 674 3721 846 3782; x_wconf 87' lang='lat' dir='ltr'><strong>modestius</strong></span> <span class='ocrx_word' id='word_1_263' title='bbox 868 3721 946 3780; x_wconf 91' lang='lat' dir='ltr'><strong>enim</strong></span> <span class='ocrx_word' id='word_1_264' title='bbox 968 3721 1075 3781; x_wconf 84' lang='lat' dir='ltr'><strong>Cicero</strong></span> <span class='ocrx_word' id='word_1_265' title='bbox 1090 3721 1254 3781; x_wconf 85' lang='lat' dir='ltr'><strong>Antonium</strong></span> <span class='ocrx_word' id='word_1_266' title='bbox 1276 3721 1306 3779; x_wconf 94' lang='lat' dir='ltr'><strong>in</strong></span> <span class='ocrx_word' id='word_1_267' title='bbox 1327 3721 1463 3780; x_wconf 90' lang='lat' dir='ltr'><strong>secunda</strong></span> 
     </span>
     <span class='ocr_line' id='line_1_30' title="bbox 261 3825 1462 3904; baseline -0.003 -16"><span class='ocrx_word' id='word_1_268' title='bbox 261 3829 402 3889; x_wconf 87' lang='lat' dir='ltr'><strong>oratione</strong></span> <span class='ocrx_word' id='word_1_269' title='bbox 417 3827 599 3904; x_wconf 86' lang='lat' dir='ltr'><strong>Philippica,</strong></span> <span class='ocrx_word' id='word_1_270' title='bbox 619 3829 773 3904; x_wconf 79' lang='lat' dir='ltr'><strong>praterea</strong></span> <span class='ocrx_word' id='word_1_271' title='bbox 789 3826 958 3903; x_wconf 84' lang='lat' dir='ltr'><strong>Gabinium,</strong></span> <span class='ocrx_word' id='word_1_272' title='bbox 974 3826 1122 3902; x_wconf 83' lang='lat' dir='ltr'><strong>clodium,</strong></span> <span class='ocrx_word' id='word_1_273' title='bbox 1143 3825 1286 3886; x_wconf 89' lang='lat' dir='ltr'><strong>Pisonem</strong></span> <span class='ocrx_word' id='word_1_274' title='bbox 1301 3843 1462 3904; x_wconf 83' lang='lat' dir='ltr'><strong>oppugna-</strong></span> 
     </span>
     <span class='ocr_line' id='line_1_31' title="bbox 261 3931 1463 4009; baseline 0.002 -19"><span class='ocrx_word' id='word_1_275' title='bbox 261 3933 314 4006; x_wconf 88' lang='lat' dir='ltr'><strong>vit,</strong></span> <span class='ocrx_word' id='word_1_276' title='bbox 336 3938 367 3992; x_wconf 88' lang='lat' dir='ltr'><strong>et</strong></span> <span class='ocrx_word' id='word_1_277' title='bbox 387 3934 593 3994; x_wconf 89' lang='lat' dir='ltr'><strong>atrocioribus</strong></span> <span class='ocrx_word' id='word_1_278' title='bbox 614 3934 706 3993; x_wconf 90' lang='lat' dir='ltr'><strong>etiam</strong></span> <span class='ocrx_word' id='word_1_279' title='bbox 720 3933 912 3994; x_wconf 87' lang='lat' dir='ltr'><strong>coutumeliis</strong></span> <span class='ocrx_word' id='word_1_280' title='bbox 932 3951 950 3992; x_wconf 88' lang='lat' dir='ltr'><strong>a</strong></span> <span class='ocrx_word' id='word_1_281' title='bbox 967 3931 1051 3992; x_wconf 74' lang='lat' dir='ltr'><strong>lluflo</strong></span> <span class='ocrx_word' id='word_1_282' title='bbox 1066 3931 1188 4009; x_wconf 83' lang='lat' dir='ltr'><strong>Caleno,</strong></span> <span class='ocrx_word' id='word_1_283' title='bbox 1209 3933 1333 3992; x_wconf 87' lang='lat' dir='ltr'><strong>Antonii</strong></span> <span class='ocrx_word' id='word_1_284' title='bbox 1355 3933 1463 4008; x_wconf 91' lang='lat' dir='ltr'><strong>amico,</strong></span> 
     </span>
     <span class='ocr_line' id='line_1_32' title="bbox 260 4038 1464 4117; baseline -0.001 -20"><span class='ocrx_word' id='word_1_285' title='bbox 260 4043 390 4099; x_wconf 85' lang='lat' dir='ltr'><strong>vexatus</strong></span> <span class='ocrx_word' id='word_1_286' title='bbox 413 4044 468 4098; x_wconf 92' lang='lat' dir='ltr'><strong>est.</strong></span> <span class='ocrx_word' id='word_1_287' title='bbox 511 4038 616 4114; x_wconf 87' lang='lat' dir='ltr'><strong>Neque</strong></span> <span class='ocrx_word' id='word_1_288' title='bbox 644 4039 746 4099; x_wconf 87' lang='lat' dir='ltr'><strong>stilum</strong></span> <span class='ocrx_word' id='word_1_289' title='bbox 771 4039 906 4101; x_wconf 89' lang='lat' dir='ltr'><strong>Salustio</strong></span> <span class='ocrx_word' id='word_1_290' title='bbox 936 4039 1089 4117; x_wconf 86' lang='lat' dir='ltr'><strong>indignum</strong></span> <span class='ocrx_word' id='word_1_291' title='bbox 1116 4039 1249 4114; x_wconf 63' lang='lat' dir='ltr'><strong>dixerim</strong></span> <span class='ocrx_word' id='word_1_292' title='bbox 1280 4038 1362 4098; x_wconf 90' lang='lat' dir='ltr'><strong>inest</strong></span> <span class='ocrx_word' id='word_1_293' title='bbox 1385 4039 1464 4097; x_wconf 91' lang='lat' dir='ltr'><strong>enim</strong></span> 
     </span>
     <span class='ocr_line' id='line_1_33' title="bbox 261 4145 1463 4224; baseline -0.001 -20"><span class='ocrx_word' id='word_1_294' title='bbox 261 4163 386 4224; x_wconf 75' lang='lat' dir='ltr'><strong>magnus</strong></span> <span class='ocrx_word' id='word_1_295' title='bbox 407 4145 587 4206; x_wconf 76' lang='lat' dir='ltr'><strong>facetiarum</strong></span> <span class='ocrx_word' id='word_1_296' title='bbox 609 4146 699 4224; x_wconf 91' lang='lat' dir='ltr'><strong>lepor</strong></span> <span class='ocrx_word' id='word_1_297' title='bbox 714 4151 747 4207; x_wconf 89' lang='lat' dir='ltr'><strong>et</strong></span> <span class='ocrx_word' id='word_1_298' title='bbox 764 4163 862 4224; x_wconf 87' lang='lat' dir='ltr'><strong>prava</strong></span> <span class='ocrx_word' id='word_1_299' title='bbox 878 4146 1036 4207; x_wconf 84' lang='lat' dir='ltr'><strong>Ciceronis</strong></span> <span class='ocrx_word' id='word_1_300' title='bbox 1051 4145 1176 4206; x_wconf 91' lang='lat' dir='ltr'><strong>ambitio</strong></span> <span class='ocrx_word' id='word_1_301' title='bbox 1197 4161 1368 4219; x_wconf 89' lang='lat' dir='ltr'><strong>vanumque</strong></span> <span class='ocrx_word' id='word_1_302' title='bbox 1390 4145 1463 4222; x_wconf 82' lang='lat' dir='ltr'><strong>glo-</strong></span> 
     </span>
     <span class='ocr_line' id='line_1_34' title="bbox 259 4251 1463 4326; baseline -0.001 -14"><span class='ocrx_word' id='word_1_303' title='bbox 259 4253 347 4313; x_wconf 84' lang='lat' dir='ltr'><strong>riolae</strong></span> <span class='ocrx_word' id='word_1_304' title='bbox 368 4253 501 4313; x_wconf 90' lang='lat' dir='ltr'><strong>studium</strong></span> <span class='ocrx_word' id='word_1_305' title='bbox 521 4253 616 4314; x_wconf 90' lang='lat' dir='ltr'><strong>multa</strong></span> <span class='ocrx_word' id='word_1_306' title='bbox 643 4270 710 4314; x_wconf 91' lang='lat' dir='ltr'><strong>cum</strong></span> <span class='ocrx_word' id='word_1_307' title='bbox 736 4254 901 4313; x_wconf 88' lang='lat' dir='ltr'><strong>acrimonia</strong></span> <span class='ocrx_word' id='word_1_308' title='bbox 922 4254 1045 4312; x_wconf 90' lang='lat' dir='ltr'><strong>irrisum</strong></span> <span class='ocrx_word' id='word_1_309' title='bbox 1067 4257 1125 4312; x_wconf 87' lang='lat' dir='ltr'><strong>est</strong></span> <span class='ocrx_word' id='word_1_310' title='bbox 1158 4251 1229 4311; x_wconf 78' lang='lat' dir='ltr'><strong>lieo</strong></span> <span class='ocrx_word' id='word_1_311' title='bbox 1255 4252 1326 4311; x_wconf 89' lang='lat' dir='ltr'><strong>ideo</strong></span> <span class='ocrx_word' id='word_1_312' title='bbox 1350 4253 1463 4326; x_wconf 86' lang='lat' dir='ltr'><strong>monui,</strong></span> 
     </span>
     <span class='ocr_line' id='line_1_35' title="bbox 260 4359 1465 4438; baseline -0.002 -18"><span class='ocrx_word' id='word_1_313' title='bbox 260 4379 299 4421; x_wconf 91' lang='lat' dir='ltr'><strong>ne</strong></span> <span class='ocrx_word' id='word_1_314' title='bbox 320 4361 390 4438; x_wconf 83' lang='lat' dir='ltr'><strong>quis</strong></span> <span class='ocrx_word' id='word_1_315' title='bbox 417 4361 632 4430; x_wconf 91' lang='lat' dir='ltr'><strong>Quintilianum</strong></span> <span class='ocrx_word' id='word_1_316' title='bbox 658 4361 758 4421; x_wconf 76' lang='lat' dir='ltr'><strong>nimiae</strong></span> <span class='ocrx_word' id='word_1_317' title='bbox 785 4360 1052 4422; x_wconf 80' lang='lat' dir='ltr'><strong>inconsiderantia</strong></span> <span class='ocrx_word' id='word_1_318' title='bbox 1079 4359 1246 4433; x_wconf 90' lang='lat' dir='ltr'><strong>insimulet,</strong></span> <span class='ocrx_word' id='word_1_319' title='bbox 1281 4359 1362 4434; x_wconf 90' lang='lat' dir='ltr'><strong>qnod</strong></span> <span class='ocrx_word' id='word_1_320' title='bbox 1385 4359 1465 4418; x_wconf 88' lang='lat' dir='ltr'><strong>hanc</strong></span> 
     </span>
     <span class='ocr_line' id='line_1_36' title="bbox 260 4467 1463 4546; baseline 0.001 -21"><span class='ocrx_word' id='word_1_321' title='bbox 260 4470 430 4529; x_wconf 89' lang='lat' dir='ltr'><strong>orationem</strong></span> <span class='ocrx_word' id='word_1_322' title='bbox 450 4487 468 4528; x_wconf 87' lang='lat' dir='ltr'><strong>a</strong></span> <span class='ocrx_word' id='word_1_323' title='bbox 489 4467 624 4530; x_wconf 91' lang='lat' dir='ltr'><strong>Salustio</strong></span> <span class='ocrx_word' id='word_1_324' title='bbox 645 4469 850 4546; x_wconf 90' lang='lat' dir='ltr'><strong>conscriptam</strong></span> <span class='ocrx_word' id='word_1_325' title='bbox 871 4469 1035 4546; x_wconf 87' lang='lat' dir='ltr'><strong>putaverit</strong></span> <span class='ocrx_word' id='word_1_326' title='bbox 1066 4467 1164 4528; x_wconf 85' lang='lat' dir='ltr'><strong>Multa</strong></span> <span class='ocrx_word' id='word_1_327' title='bbox 1184 4467 1215 4527; x_wconf 90' lang='lat' dir='ltr'><strong>in</strong></span> <span class='ocrx_word' id='word_1_328' title='bbox 1235 4467 1315 4527; x_wconf 85' lang='lat' dir='ltr'><strong>hanc</strong></span> <span class='ocrx_word' id='word_1_329' title='bbox 1337 4471 1463 4526; x_wconf 68' lang='lat' dir='ltr'><strong>scamn-</strong></span> 
     </span>
     <span class='ocr_line' id='line_1_37' title="bbox 260 4571 1463 4652; baseline -0.003 -19"><span class='ocrx_word' id='word_1_330' title='bbox 260 4575 332 4634; x_wconf 90' lang='lat' dir='ltr'><strong>tiam</strong></span> <span class='ocrx_word' id='word_1_331' title='bbox 354 4591 452 4652; x_wconf 91' lang='lat' dir='ltr'><strong>nuper</strong></span> <span class='ocrx_word' id='word_1_332' title='bbox 471 4573 642 4652; x_wconf 87' lang='lat' dir='ltr'><strong>disputavit</strong></span> <span class='ocrx_word' id='word_1_333' title='bbox 661 4575 700 4634; x_wconf 88' lang='grc' dir='ltr'><strong>Μ.</strong></span> <span class='ocrx_word' id='word_1_334' title='bbox 723 4573 887 4635; x_wconf 78' lang='lat' dir='ltr'><strong>Christian.</strong></span> <span class='ocrx_word' id='word_1_335' title='bbox 909 4573 1012 4634; x_wconf 82' lang='lat' dir='ltr'><strong>Gottlr.</strong></span> <span class='ocrx_word' id='word_1_336' title='bbox 1031 4573 1162 4652; x_wconf 79' lang='lat' dir='ltr'><strong>Herzog.</strong></span> <span class='ocrx_word' id='word_1_337' title='bbox 1184 4573 1359 4632; x_wconf 86' lang='lat' dir='ltr'><strong>Observatt.</strong></span> <span class='ocrx_word' id='word_1_338' title='bbox 1380 4571 1463 4630; x_wconf 86' lang='lat' dir='ltr'><strong>Part.</strong></span> 
     </span>
     <span class='ocr_line' id='line_1_38' title="bbox 260 4677 1473 4760; baseline -0.003 -20"><span class='ocrx_word' id='word_1_339' title='bbox 260 4701 323 4742; x_wconf 87' lang='lat' dir='ltr'><strong>vm.</strong></span> <span class='ocrx_word' id='word_1_340' title='bbox 343 4681 431 4741; x_wconf 83' lang='lat' dir='ltr'><strong>Gerae</strong></span> <span class='ocrx_word' id='word_1_341' title='bbox 452 4699 651 4742; x_wconf 81' lang='lat' dir='ltr'><strong>uocccxxxvr.</strong></span> <span class='ocrx_word' id='word_1_342' title='bbox 684 4683 812 4760; x_wconf 78' lang='lat' dir='ltr'><strong>,Agitur</strong></span> <span class='ocrx_word' id='word_1_343' title='bbox 832 4683 961 4759; x_wconf 87' lang='lat' dir='ltr'><strong>primum</strong></span> <span class='ocrx_word' id='word_1_344' title='bbox 982 4681 1022 4740; x_wconf 90' lang='lat' dir='ltr'><strong>de</strong></span> <span class='ocrx_word' id='word_1_345' title='bbox 1043 4679 1222 4757; x_wconf 87' lang='lat' dir='ltr'><strong>quibusdam</strong></span> <span class='ocrx_word' id='word_1_346' title='bbox 1243 4680 1319 4740; x_wconf 90' lang='lat' dir='ltr'><strong>artis</strong></span> <span class='ocrx_word' id='word_1_347' title='bbox 1341 4677 1473 4750; x_wconf 75' lang='lat' dir='ltr'><strong>critica,</strong></span> 
     </span>
    </p>
   </div>
   <div class='ocr_carea' id='block_1_5' title="bbox 0 0 1857 5600">
    <p class='ocr_par' dir='ltr' id='par_1_6' title="bbox 0 0 1857 5600">
     <span class='ocr_line' id='line_1_39' title="bbox 0 0 1857 5600; baseline 0 0"><span class='ocrx_word' id='word_1_348' title='bbox 0 0 1857 5600; x_wconf 95' lang='lat' dir='ltr'><strong> </strong></span> 
     </span>
    </p>
   </div>
  </div>
 </body>
</html>
