3576 5602
1299 659 1370 728 tas

163 855 302 946 repetita
328 855 433 926 Servii
462 855 564 927 Tullii
589 856 752 925 memoria
770 865 982 948 percuterent
1000 857 1032 926 ei
1052 859 1086 927 in
1113 858 1289 938 nundinis;
1317 858 1370 928 cui

162 979 210 1047 rei
229 980 329 1048 etiam
345 983 449 1051 Varro
468 981 639 1050 consentit.
667 981 847 1050 Macrobius
861 981 991 1051 Satura.
1009 982 1041 1064 1,
1059 980 1114 1053 16.
1216 983 1275 1052 143.
1302 984 1371 1052 La·

163 1125 239 1172 nam
271 1105 305 1174 in
336 1107 411 1176 colu
441 1117 473 1175 et
502 1106 575 1175 tuso
604 1105 811 1198 Tanaquilis,
850 1129 937 1197 quae
968 1107 1083 1177 eadem
1114 1106 1195 1177 Gaia
1224 1106 1370 1177 Caecilia

161 1239 276 1296 vocata
311 1240 375 1308 est,
415 1229 449 1298 in
483 1229 607 1321 templo
638 1228 739 1320 Sangi
768 1228 905 1298 durasse
938 1230 1097 1323 prodente
1123 1255 1158 1300 se
1184 1241 1296 1301 auctor
1322 1242 1370 1299 est

161 1354 206 1422 Μ.
223 1354 342 1432 Varro,
370 1354 555 1446 lectamque
583 1352 624 1423 ab
651 1375 690 1421 ea
716 1363 826 1443 togam
853 1354 980 1445 regiam
1007 1354 1200 1424 undulatam
1227 1355 1260 1424 in
1287 1355 1368 1425 aede

162 1477 340 1556 Fortunae,
376 1500 441 1569 qua
472 1477 605 1548 Seruius
631 1477 760 1546 Tullius
792 1477 899 1546 luerat
932 1499 1021 1548 usus.
1076 1479 1156 1548 lnde
1186 1478 1308 1548 lactum
1332 1489 1369 1548 ut

88 1687 92 1697 q
160 1600 322 1669 nubentes
347 1601 493 1692 virgines
520 1601 733 1670 comitaretur
758 1601 850 1670 colus
876 1611 1005 1694 compta
1031 1613 1063 1670 et
1089 1603 1179 1671 lusus
1205 1625 1281 1672 cum
1301 1613 1368 1671 sta·

158 1724 261 1794 mine.
313 1727 439 1795 Plinius
472 1741 540 1796 nat.
569 1728 641 1795 tiss.
676 1723 712 1805 8,
745 1721 804 1805 48,
835 1721 916 1795 194.
972 1727 1097 1794 Nonius
1124 1751 1159 1818 p.
1194 1723 1275 1808 189,
1302 1723 1365 1797 24.

159 1847 219 1916 dd.
250 1849 324 1918 Fuit
349 1850 382 1919 in
410 1849 540 1920 Sabinis
566 1849 697 1919 cuidam
724 1849 864 1920 Autroni
882 1849 1015 1919 Curatio
1042 1872 1142 1919 vacca
1166 1850 1367 1943 praecipuae

158 1972 397 2064 magnitudinis
424 1986 457 2043 et
481 1973 626 2042 eximiae
653 1975 788 2042 formae.
838 1975 868 2042 ls
894 1973 1039 2043 monitus
1065 1997 1084 2042 a
1110 1986 1184 2043 vate
1209 1974 1366 2066 quodam,

158 2097 228 2167 lore
254 2109 291 2167 nt
322 2097 471 2190 quisquis
507 2120 581 2166 eam
613 2098 741 2167 Dianae
775 2097 809 2165 in
844 2097 1010 2167 Aventino
1041 2097 1258 2178 immolasset,
1295 2097 1366 2166 eius

157 2221 262 2311 patria
288 2243 451 2290 summam
478 2231 670 2310 potestatem
705 2220 868 2312 totiusque
894 2220 1007 2289 ltaliae
1034 2220 1209 2312 imperium
1235 2219 1366 2290 obtine-

155 2355 221 2424 ret,
256 2348 397 2416 Romam
432 2369 468 2414 se
494 2346 633 2416 contulit
658 2346 752 2416 bovis
779 2346 825 2414 ibi
850 2346 1045 2416 mactandae
1071 2347 1190 2436 gratia.
1240 2347 1365 2438 Regius

154 2481 266 2540 autem
301 2470 437 2564 qnidam
472 2493 584 2541 servus
617 2471 732 2541 Servio
767 2470 851 2540 clam
888 2470 922 2540 id
956 2470 1149 2540 vaticinium
1179 2471 1308 2562 aperuit
1334 2481 1365 2540 et

154 2617 213 2664 rex
232 2595 388 2666 Cornelio
413 2597 575 2667 sacerdoti
599 2596 767 2666 indicavit.
812 2599 897 2666 Tum
915 2596 1090 2665 Cornelius
1108 2597 1249 2666 Autroni
1267 2620 1365 2665 man-

154 2717 252 2798 davit,
287 2743 330 2789 ne
356 2719 447 2812 prius
473 2721 640 2790 victimam
667 2720 820 2790 caederet
851 2743 951 2812 quam
977 2719 1105 2791 Tiberis
1132 2743 1219 2813 aqua
1244 2742 1278 2789 se
1304 2721 1364 2790 ab·

154 2843 282 2924 luisset;
321 2845 367 2914 sic
399 2845 488 2914 enim
523 2846 571 2914 las
604 2868 675 2914 esse
707 2845 793 2914 bene
823 2845 967 2915 litaturo.
1020 2846 1135 2938 ltaque
1170 2843 1226 2914 ille
1259 2845 1363 2913 lotum

152 2969 250 3048 abiit;
285 2969 418 3039 interim
444 2970 577 3039 Servius
603 2971 812 3039 occasionem
844 2968 1067 3039 immolandae
1092 2991 1214 3038 vaccae
1240 2968 1273 3036 in
1300 2967 1363 3037 ho-

153 3113 269 3162 norem
302 3092 431 3162 Dianae
466 3093 634 3184 praecepit
664 3102 892 3184 mactataeque
927 3114 1052 3161 cornua
1086 3092 1210 3184 templo
1244 3091 1362 3161 affixit.

151 3218 225 3286 Hoc
243 3227 276 3286 et
292 3218 373 3288 luha
399 3231 511 3289 narrat
537 3229 568 3288 et
588 3220 705 3297 Varro,
732 3219 796 3287 nisi
823 3220 911 3311 quod
935 3219 1090 3290 Antronis
1116 3241 1236 3286 nomen
1256 3220 1361 3288 Varro

150 3365 217 3412 non
245 3343 402 3435 prodidit,
429 3344 671 3436 deceptumque
693 3344 852 3413 Sabinum
880 3342 1047 3412 hominem
1073 3364 1140 3412 non
1168 3343 1361 3413 aCornelio

150 3466 324 3536 sacerdote
359 3466 451 3546 dicit,
487 3467 544 3537 sed
575 3468 616 3537 ab
642 3467 785 3536 aedituo.
838 3468 1024 3536 Plutarchus
1057 3481 1174 3557 quaest.
1208 3469 1297 3537 Rom.
1325 3464 1360 3538 4.

150 3590 256 3659 Varro
292 3591 325 3661 in
358 3593 417 3661 Vll
451 3592 676 3662 Divinarum.
701 3617 736 3661 .:
780 3592 865 3661 inter
899 3591 979 3661 duas
1018 3590 1102 3659 filias
1132 3613 1249 3682 regum
1281 3592 1360 3684 quid

150 3725 270 3797 mutet,
305 3715 391 3783 inter
417 3713 620 3804 Antigonam
654 3727 686 3784 et
711 3714 855 3784 Tulliam
887 3725 936 3784 est
965 3715 1240 3784 animadvertere.
1285 3715 1360 3784 Gel-

149 3839 213 3908 lius
246 3837 302 3918 18,
336 3835 392 3918 12,
423 3836 458 3908 9.
559 3837 618 3907 s5.
647 3840 753 3909 Varro
779 3837 863 3906 libro
889 3847 994 3916 sextu,
1029 3837 1085 3929 qui
1113 3848 1161 3905 est
1187 3837 1228 3907 de
1254 3839 1357 3907 sacris

147 3962 296 4042 aedibus,
332 3960 446 4030 scribit
483 3961 599 4031 aedem
632 3962 763 4031 Saturni
797 3961 837 4030 ad
868 3963 977 4031 sorum
1011 3961 1197 4030 faciendam
1234 3963 1358 4031 locasse

149 4091 187 4160 L.
205 4089 425 4182 Tarquinium
451 4111 576 4178 regem,
603 4088 713 4158 Titum
740 4112 819 4159 vero
841 4089 997 4158 Larcium
1024 4087 1215 4156 dictatorem
1242 4089 1359 4155 Satur-

147 4214 278 4284 nalibus
304 4237 377 4284 eam
406 4213 586 4283 dedicasse.
629 4215 810 4284 Macrobius
828 4215 957 4283 Satura.
980 4213 1012 4292 1,
1038 4211 1073 4284 8.
1101 4214 1274 4301 Regnante
1292 4213 1357 4279 Su·

148 4337 250 4428 perbo
276 4336 457 4429 Tarquinio
486 4390 493 4405 .
518 4390 526 4406 .
554 4337 623 4407 ludi
650 4337 853 4431 diislinleris
880 4335 1017 4406 instituti
1044 4345 1076 4403 et
1101 4335 1214 4404 Taurii
1249 4335 1357 4404 vocati

145 4470 222 4530 sunt
248 4513 256 4528 .
283 4509 291 4529 .
324 4460 385 4530 Sed
419 4461 552 4530 Taurios
586 4459 681 4530 ludos
715 4461 821 4530 Varro
848 4461 894 4530 ait
918 4459 1041 4540 vocari,
1077 4458 1166 4552 quod
1199 4460 1243 4526 cis
1270 4459 1357 4526 ludis

145 4586 321 4677 discipulus
355 4585 503 4677 pendens
537 4607 556 4654 a
590 4585 725 4655 doctore
754 4585 792 4672 ‚in
820 4587 920 4655 crudo
946 4586 1032 4654 corio
1057 4585 1145 4652 tcum
1173 4583 1288 4653 solitus
1315 4582 1357 4650 sit

145 4711 271 4804 impelli
310 4722 409 4804 atque
442 4735 540 4802 usque
572 4735 606 4780 so
636 4712 719 4780 loidi
748 4713 818 4801 copi
849 4712 987 4787 docere,
1027 4709 1137 4801 quoad
1163 4707 1355 4778 consisteret
