3610 5592
510 663 553 731 le

505 861 627 943 voluit,
654 861 816 932 inunum
843 863 953 932 omnis
970 873 1146 944 convocat,
1172 863 1291 956 quibus
1318 884 1473 933 maxuma
1498 863 1695 932 necessitudo

505 995 538 1054 ct
560 985 741 1077 plurimum
766 985 912 1056 audaciae
939 986 1055 1057 inerat.
1106 987 1156 1058 Eo
1181 1009 1366 1057 convenere
1399 989 1554 1058 senatorii
1579 987 1695 1058 ordinis

504 1111 541 1178 P.
575 1109 735 1180 Lentulus
769 1111 872 1192 Sura,
913 1112 948 1179 P.
975 1111 1175 1193 Autronius,
1214 1114 1253 1182 L.
1290 1111 1420 1182 Cassius
1444 1113 1627 1203 Longinus,
1659 1114 1696 1181 G.

505 1231 690 1324 Cethegus,
721 1235 757 1302 P.
784 1243 816 1303 et
842 1235 975 1304 Servius
1001 1235 1119 1314 Sullae,
1152 1235 1257 1306 Servii
1283 1236 1366 1318 lilii,
1400 1239 1439 1307 L.
1466 1237 1697 1328 Vargunteius.

505 1355 547 1440 Q.
573 1357 717 1438 Annius,
742 1359 787 1428 Μ.
806 1357 940 1429 Porcius
958 1360 1074 1441 Laeea,
1101 1362 1139 1428 L.
1158 1361 1284 1442 Bestia,
1310 1359 1353 1444 Q.
1379 1359 1519 1440 Curius;
1544 1371 1698 1452 praeterea

504 1503 548 1550 cx
573 1481 717 1571 equestri
742 1481 859 1552 ordine
884 1485 930 1554 Μ.
948 1483 1083 1554 Fulvius
1108 1482 1278 1565 Nobilior,
1303 1486 1342 1555 L.
1361 1483 1520 1564 Statilius,
1546 1486 1581 1552 P.
1600 1484 1700 1554 Gabi·

503 1604 578 1674 nius
596 1604 726 1697 Capito,
752 1606 792 1678 G.
811 1607 1000 1688 Comelius;
1027 1607 1070 1677 ad
1094 1607 1158 1678 boc
1188 1608 1281 1679 multi
1306 1631 1349 1677 ex
1374 1607 1511 1679 coloniis
1537 1619 1568 1678 et
1592 1609 1700 1678 muni-

503 1729 613 1824 cipiis,
653 1730 743 1801 domi
768 1732 907 1803 nobiles.
950 1735 1054 1804 Erant
1078 1742 1240 1825 preterea
1265 1733 1439 1825 conplures
1463 1733 1564 1824 paulo
1589 1733 1700 1801 occul-

505 1853 568 1924 tius
586 1855 717 1926 consilii
733 1855 871 1928 huiusce
889 1855 1065 1948 participes
1078 1856 1222 1938 nobiles,
1248 1879 1330 1950 quos
1346 1857 1453 1947 magis
1471 1855 1701 1926 dominationis

502 1999 578 2071 spes
601 1979 793 2052 hortabatur
817 2003 917 2072 quam
943 1981 1054 2073 inopia
1078 1991 1135 2051 aut
1159 1980 1270 2075 aliqua
1295 1979 1512 2051 necessitudo.
1550 1981 1701 2051 Ceterum

446 2151 448 2156 -
506 2103 655 2176 iuventus
679 2105 859 2198 pleraque,
894 2104 952 2174 sed
982 2125 1136 2176 maxume
1170 2104 1352 2185 nobilium,
1387 2103 1538 2175 Catilinae
1567 2104 1702 2195 inceptis

505 2226 652 2308 larebat;
678 2228 798 2322 quibus
824 2228 857 2298 iu
883 2229 949 2298 otio
973 2228 1027 2298 vel
1044 2227 1220 2320 magnifice
1236 2229 1290 2299 rel
1315 2228 1460 2299 molliter
1472 2229 1583 2299 vivere
1609 2228 1702 2320 copia

505 2333 590 2433 e'rat,
616 2351 742 2422 incerta
758 2373 819 2444 pro
845 2352 955 2434 certis,
982 2351 1108 2422 bellum
1126 2373 1226 2446 quam
1243 2373 1360 2446 pacem
1377 2353 1554 2423 malebant.
1597 2354 1703 2423 Fuere

504 2475 584 2546 item
609 2499 649 2547 ea
674 2485 884 2569 tempestate,
910 2476 968 2569 qui
993 2476 1166 2548 crederent
1195 2479 1240 2548 Μ.
1266 2475 1432 2547 Licinium
1457 2477 1612 2548 Crassum
1637 2497 1702 2545 non

504 2599 658 2690 ignarum
684 2601 754 2671 eius
780 2601 909 2672 consilii
934 2601 1049 2682 fuisse;
1075 2600 1155 2693 quia
1171 2599 1235 2670 Gn.
1258 2599 1451 2692 Pompeius,
1479 2598 1601 2670 invisus
1626 2600 1703 2692 ipsi,

505 2738 665 2815 magnum
699 2725 881 2796 exercitum
915 2723 1085 2806 ductabat,
1124 2723 1267 2796 cuiusvis
1305 2745 1385 2816 opes
1415 2723 1558 2794 voluisse
1592 2735 1705 2794 contra

505 2847 594 2918 illius
611 2849 789 2941 potentiam
809 2872 976 2930 crescere,
1002 2848 1100 2920 simul
1117 2847 1300 2928 confisum,
1326 2847 1355 2917 si
1379 2847 1564 2919 coniuratio
1581 2849 1706 2918 valuis-

504 2981 571 3052 set,
598 2971 696 3042 lacilc
720 2973 808 3065 apud
833 2974 908 3043 illos
933 2972 1118 3066 principem
1144 2994 1179 3041 se
1205 2971 1288 3041 lore.

578 3118 674 3167 xum.
725 3096 790 3168 Sed
807 3107 903 3168 antea
928 3098 1007 3168 item
1033 3097 1248 3167 coniuravere
1281 3096 1378 3189 pauci
1403 3107 1518 3192 contra
1543 3118 1615 3166 rem
1641 3119 1707 3188 pu-

504 3218 644 3300 blicam,
671 3221 704 3290 in
731 3220 850 3313 quibus
868 3221 1008 3292 Catilina
1031 3221 1109 3302 luit3
1134 3221 1176 3291 de
1193 3243 1376 3314 quaquam
1394 3221 1575 3292 verissume
1592 3231 1708 3313 potero

503 3341 624 3412 dicam.
676 3348 714 3414 L.
741 3345 838 3416 Tullo
872 3357 905 3416 ct
928 3348 973 3417 Μ.
999 3346 1127 3438 Lepido
1165 3345 1354 3417 consulibus
1387 3349 1423 3417 P.
1454 3347 1636 3418 Autronius
1677 3359 1709 3415 et

503 3467 540 3535 P.
558 3467 670 3550 Sulla,
697 3467 860 3559 designati
878 3471 1047 3550 consules,
1073 3470 1202 3562 legibus
1223 3470 1366 3542 ambitus
1382 3471 1574 3563 interrogati
1592 3495 1709 3565 poenas

504 3591 673 3664 dederant.
740 3595 817 3664 Post
852 3595 953 3686 paulo
991 3593 1152 3676 Catilina,
1190 3595 1406 3687 pecuniarum
1447 3595 1710 3688 repetundarum

504 3739 599 3798 reue,
625 3717 810 3810 prohibitus
831 3729 903 3788 crat
927 3720 1133 3790 consulatum
1149 3729 1273 3811 petere,
1300 3719 1389 3812 quod
1416 3719 1502 3790 intra
1529 3720 1710 3812 legitumos

503 3841 574 3912 dies
611 3819 765 3933 profiteri
802 3843 997 3937 nequiverit.
1056 3845 1137 3914 Erat
1174 3843 1291 3913 eodem
1328 3853 1476 3936 tempore
1515 3844 1578 3914 Gn.
1617 3843 1711 3923 Piso,

484 3965 696 4056 ,adulescens
731 3968 866 4048 nobilis,
901 3989 1037 4038 summm
1064 3967 1231 4048 audaciae,
1264 3977 1380 4060 egens,
1408 3967 1578 4050 factiosus,
1604 3991 1710 4061 quem

503 4091 545 4161 ad
570 4091 827 4184 perturbandam
844 4114 914 4162 rom
932 4091 1099 4184 publicam
1116 4092 1228 4186 inopia
1249 4103 1349 4185 atque
1365 4093 1446 4163 mali
1463 4115 1571 4163 mores
1588 4092 1713 4162 stimu-

503 4215 625 4286 labant.
665 4215 747 4287 Cum
774 4215 837 4285 hoc
854 4215 996 4286 Catilina
1022 4227 1054 4286 et
1078 4216 1259 4286 Autronius
1277 4216 1408 4287 circiter
1425 4219 1535 4288 Nonas
1561 4218 1713 4286 Decem-

503 4339 571 4410 bris
618 4339 754 4410 consilio
792 4341 1034 4422 conmunicato,
1072 4342 1233 4434 parabant
1279 4341 1313 4411 in
1353 4341 1515 4436 Capitolio
1546 4341 1713 4413 Kalendis

503 4464 664 4536 Ianuariis
699 4467 738 4533 L.
774 4464 901 4535 Cottam
934 4477 966 4534 et
1003 4469 1042 4536 L.
1077 4465 1280 4559 Torquatum
1318 4465 1469 4536 consules
1508 4465 1712 4546 interficere,

505 4588 581 4680 ipsi,
617 4589 758 4659 fascibus
785 4590 958 4681 correptis,
991 4590 1143 4660 Pisonem
1170 4611 1245 4660 cum
1271 4589 1417 4660 exercitu
1443 4589 1484 4659 ad
1510 4589 1712 4682 optinendas

503 4712 586 4782 duas
625 4714 801 4807 Hispanias
839 4715 979 4784 mittere.
1030 4716 1081 4784 Ea
1114 4737 1150 4784 re
1184 4715 1334 4806 cognita,
1375 4737 1487 4785 rursus
1523 4716 1557 4784 in
1595 4717 1714 4785 Nonas
