3582 5594
468 689 536 756 160

463 887 538 959 telis
556 885 692 988 spoliat.
738 885 875 966 Verum,
902 883 929 954 si
956 884 1105 978 pecuniae
1131 883 1231 956 decus
1256 883 1431 966 ademeris,
1462 907 1586 976 magna
1611 887 1662 955 ille

464 1014 513 1085 ris
530 1008 676 1082 everitiae
694 1007 792 1077 lucile
813 1007 910 1078 bonis
932 1008 1078 1078 moribus
1103 1008 1265 1079 vincetur.
1307 1011 1416 1102 Atque
1443 1009 1513 1080 baec
1535 1010 1581 1079 ite
1598 1033 1662 1080 sese

464 1137 589 1210 bebere
606 1133 736 1206 temetsi
757 1156 873 1203 omnes
894 1133 983 1227 requi
1008 1145 1107 1228 etque
1134 1133 1241 1226 iniqui
1259 1147 1454 1216 memorent,
1480 1147 1592 1206 temen
1609 1136 1663 1204 tibi

464 1283 541 1332 cum
554 1258 696 1330 factione
714 1257 894 1328 nobilitatis
912 1257 1000 1328 beud
1017 1256 1228 1328 mediocriter
1245 1257 1437 1327 certandum
1455 1269 1523 1338 est;
1551 1260 1664 1351 quoius

464 1386 493 1456 si
518 1383 631 1456 dolum
657 1380 796 1462 noveris,
831 1381 898 1450 elia
921 1380 1035 1451 omnia
1069 1381 1103 1450 in
1132 1380 1270 1473 proclivi
1302 1392 1409 1450 erunt.
1460 1383 1546 1454 Nam
1572 1383 1607 1462 ii,
1640 1382 1664 1450 si

462 1508 583 1580 virtute
609 1505 685 1575 satis
709 1504 870 1586 valerent,
902 1504 1008 1595 magis
1033 1502 1146 1574 aemuli
1170 1502 1334 1573 bonorum
1360 1526 1460 1596 quem
1485 1504 1591 1576 invidi
1615 1529 1665 1574 es-

464 1643 547 1704 sent.
590 1631 679 1716 Quia
704 1630 833 1701 desidia
858 1640 890 1700 et
915 1631 1035 1700 inertia
1059 1639 1173 1723 stupor
1197 1653 1253 1698 eos
1279 1641 1378 1724 atque
1410 1629 1548 1724 torpedo
1575 1632 1665 1700 invu-

464 1757 516 1838 sit,
543 1768 703 1850 strepunt,
728 1756 922 1836 obtrectant,
950 1755 1095 1840 nlienem
1112 1755 1236 1824 lamam
1260 1753 1381 1824 bonam
1406 1777 1504 1826 suum
1527 1755 1664 1826 dedecus

464 1892 648 1954 aestumunt.

539 2005 616 2089 Sed,
645 2005 726 2099 quid
754 2029 818 2098 ego
843 2007 940 2099 plure
967 2006 1062 2100 quasi
1088 2005 1129 2075 de
1155 2005 1275 2097 ignotis
1301 2005 1507 2075 memorem?
1540 2007 1587 2076 bl.
1612 2008 1666 2078 Ri-

464 2132 535 2204 buli
568 2131 726 2202 fortitudo
760 2141 859 2224 atque
893 2130 995 2201 enimi
1025 2131 1074 2201 ris
1107 2132 1140 2200 in
1171 2131 1380 2202 consulatum
1405 2131 1531 2222 erupit;
1569 2131 1666 2201 bebes

463 2259 592 2350 lingue,
619 2256 725 2348 magis
750 2257 856 2326 mulus
881 2279 982 2348 quam
1001 2255 1142 2326 collidus
1165 2255 1312 2348 ingenio.
1356 2254 1446 2339 Quid
1463 2255 1521 2325 ille
1537 2255 1666 2336 audent,

464 2381 550 2486 quoi
569 2380 769 2460 consulatus,
795 2401 989 2449 maxumum
1015 2377 1204 2471 imperium,
1232 2400 1389 2448 maxumo
1412 2378 1569 2448 dedecori
1588 2381 1666 2450 luitl

464 2510 518 2580 An
540 2509 579 2576 L.
596 2505 721 2580 Domiti
747 2525 869 2595 magna
893 2504 942 2572 vis
968 2515 1027 2584 est,
1054 2503 1174 2596 quoius
1199 2504 1331 2574 nullum
1358 2504 1544 2574 membrum
1572 2506 1667 2575 alle·

464 2631 546 2724 gitio
571 2641 629 2702 rut
653 2629 803 2700 facinore
828 2629 945 2700 vaceti
983 2629 1100 2720 lingua
1125 2651 1220 2708 vene,
1248 2651 1367 2700 menus
1385 2641 1542 2710 cruente,
1570 2631 1667 2723 pedes

464 2757 625 2848 fugaces;
667 2775 742 2846 quae
781 2753 917 2824 honeste
955 2751 1120 2822 nominari
1156 2763 1337 2844 nequeunt,
1380 2751 1666 2824 inhonestissume.

465 2879 569 2952 Unius
594 2889 704 2947 temen
729 2879 774 2948 bl.
794 2875 926 2946 Catonis
951 2875 1123 2967 ingenium
1143 2886 1322 2956 versutum,
1348 2876 1483 2969 loquax,
1511 2879 1667 2948 callidum

465 3003 557 3078 baud
575 3013 761 3072 contemno.
803 3001 965 3069 Pnrnntur
989 2996 1061 3069 baec
1083 2999 1256 3091 discipline
1274 3001 1478 3070 Graecorum.
1518 3002 1585 3071 Sed
1602 3003 1669 3071 rir-

465 3138 527 3206 rus,
565 3123 750 3216 vigilantia,
789 3122 882 3192 labos
913 3123 1000 3215 apnd
1026 3123 1160 3194 Grrecos
1190 3123 1283 3195 nullo
1318 3135 1404 3194 sunt.
1452 3124 1586 3220 Quippe
1612 3128 1667 3220 qui

466 3249 555 3319 domi
580 3247 766 3318 libertatem
791 3267 885 3315 suem
910 3267 971 3337 per
991 3245 1145 3316 inertiam
1167 3246 1349 3328 amiserint,
1376 3269 1535 3316 censesne
1553 3271 1667 3319 eorum

465 3370 637 3467 praeceptis
670 3369 847 3464 imperium
884 3369 1001 3440 baberi
1030 3369 1147 3462 possed
1191 3370 1323 3463 Reliqui
1353 3371 1394 3440 de
1427 3371 1570 3442 lectione
1596 3383 1668 3443 sunt

467 3495 670 3568 inertissumi
695 3495 841 3566 nobiles:
881 3495 916 3564 in
949 3495 1070 3588 quibus
1095 3496 1180 3566 sicut
1213 3495 1359 3567 instituto
1392 3508 1511 3589 praeter
1543 3496 1668 3568 bonum

465 3644 587 3694 nomen
629 3620 714 3691 nihil
756 3632 814 3690 est.
875 3619 1107 3691 Additamento
1148 3622 1186 3690 L.
1220 3621 1393 3702 Postumii,
1437 3623 1482 3692 bl.
1518 3621 1666 3700 Favonii,

465 3747 548 3818 mibi
581 3746 733 3818 videntur
763 3745 858 3841 quusi
888 3769 1018 3837 megnae
1049 3745 1143 3816 neus
1174 3757 1420 3838 supervacaneo
1451 3768 1555 3816 onera
1582 3769 1666 3824 esse;

465 3870 523 3942 ubi
548 3871 630 3942 salvi
656 3893 850 3964 pervenere,
884 3870 959 3939 usui
985 3881 1080 3950 sunt;
1118 3870 1146 3938 si
1171 3869 1251 3962 quid
1277 3869 1408 3940 advorsi
1433 3880 1584 3939 coortum
1610 3882 1666 3949 est,

465 3998 507 4067 de
534 3996 619 4066 illeis
646 3997 863 4089 potissumum
890 3995 1015 4064 iectura
1041 3993 1088 4076 fit,
1121 3995 1200 4086 quia
1226 3995 1310 4086 preti
1335 3993 1478 4065 minumi
1502 4005 1590 4064 sunt.

539 4124 635 4192 Nunc
668 4119 838 4214 quoniam,
878 4119 962 4189 sicut
991 4117 1072 4188 mibi
1104 4117 1230 4198 videor,
1270 4118 1312 4187 de
1346 4118 1443 4210 plebe
1478 4117 1668 4188 renovenda

465 4243 729 4337 corrigendosque
756 4244 831 4313 setis
857 4243 1015 4313 disserui:
1053 4242 1093 4312 de
1120 4253 1248 4320 senatu,
1278 4264 1353 4334 quse
1378 4241 1437 4311 tibi
1462 4241 1593 4333 ngendn
1619 4242 1669 4310 vi-

466 4363 596 4452 dentur,
634 4369 754 4438 dicnm.
804 4368 978 4461 Postquam
1014 4365 1097 4436 mihi
1130 4377 1207 4435 cetos
1241 4364 1481 4458 ingeniumque
1512 4365 1668 4446 adolevit,

465 4493 555 4565 baud
580 4493 684 4563 lerme
716 4490 816 4562 armis
846 4501 945 4584 atque
976 4491 1073 4583 equis
1105 4511 1224 4582 corpus
1250 4490 1397 4570 exercui,
1436 4489 1492 4559 sed
1519 4489 1668 4559 animum

466 4617 501 4687 in
527 4617 644 4688 litteris
668 4616 811 4710 rugituum
851 4614 940 4710 quod
966 4627 1084 4686 nature
1112 4613 1238 4684 firmius
1265 4625 1347 4695 erat,
1382 4612 1414 4683 id
1440 4613 1474 4682 in
1499 4612 1669 4684 laboribus

466 4740 580 4812 habui.
623 4745 732 4836 Atque
758 4763 821 4833 ego
851 4739 885 4808 in
912 4763 952 4810 ea
980 4739 1046 4809 vite
1075 4739 1177 4809 multu
1205 4737 1349 4830 legendo
1374 4749 1472 4832 atque
1498 4737 1668 4808 audiundo
