3610 5592
741 689 806 730 xvn

248 849 383 912 moden
404 852 513 913 lamam
534 855 642 912 aneton
663 852 896 913 deelamationis
910 854 1033 913 senatus
1050 855 1106 927 est,
1129 853 1214 913 euius
1229 853 1369 913 testimo·

169 957 249 1018 nium
277 957 360 1018 inira
389 959 550 1036 seriptum:
588 957 713 1033 ,ltaque
743 959 861 1036 timens,
893 977 931 1018 ne
957 958 1098 1019 lauinora
1126 959 1192 1019 eius
1216 959 1293 1019 clam
1313 975 1371 1018 vos

170 1069 282 1138 essent,
305 1081 371 1124 cum
393 1065 532 1123 omnibus
554 1067 682 1123 matrum
702 1063 886 1124 familiarum
900 1066 977 1124 viris
993 1065 1160 1143 opprobrio
1179 1071 1273 1140 esset,
1296 1081 1371 1124 oon·

170 1169 271 1230 lessus
299 1177 348 1229 est
371 1170 461 1230 vobis
488 1170 682 1230 audientibus
708 1169 892 1230 adulterium
916 1189 973 1232 neo
998 1173 1122 1232 erubuit
1152 1188 1207 1233 ora
1236 1165 1368 1232 vestra.“

171 1277 198 1336 Δ
219 1294 279 1352 qua
305 1277 502 1354 turpitudinis
523 1277 596 1336 nota
617 1294 678 1336 non
703 1276 835 1336 alienum
864 1281 921 1353 est,
950 1279 1032 1353 qnod
1053 1279 1232 1338 solroliastae
1252 1277 1373 1338 lloratii

171 1399 236 1442 sum
257 1381 440 1442 Nomentani
468 1382 625 1442 cuiusdam
651 1399 755 1442 eooum
785 1384 923 1443 contenis
944 1384 1081 1444 millibus
1102 1385 1172 1444 aeris
1194 1385 1373 1445 conductum

170 1489 317 1548 habuisse
342 1494 476 1548 narrant
521 1489 627 1551 Horat.
649 1487 744 1548 Serm.
772 1509 791 1548 ι.
814 1493 841 1550 2.
867 1491 924 1550 sub
950 1491 998 1550 lin.
1045 1490 1117 1550 Cum
1143 1490 1255 1550 bellum
1281 1491 1373 1551 oivile

171 1597 350 1670 exarsisset,
376 1596 407 1654 in
430 1600 531 1656 eastra
553 1595 694 1671 Caesaris,
724 1613 784 1672 quo
811 1597 907 1656 omnis
934 1598 1055 1657 sentina
1079 1598 1126 1656 rei
1147 1597 1275 1673 publieae
1297 1613 1372 1657 eon-

171 1701 308 1776 duxerat,
337 1720 373 1762 se
396 1703 530 1762 eontulit
572 1701 738 1762 Deelamat.
763 1721 788 1762 e.
811 1708 838 1762 5.
879 1703 909 1762 A
930 1720 990 1778 quo
1011 1705 1122 1763 iterum
1144 1707 1298 1779 quaestura
1320 1721 1374 1763 or-

173 1813 261 1868 natus
282 1813 315 1868 at
340 1810 371 1868 in
398 1813 535 1869 senatum
560 1809 660 1868 lentus
682 1813 738 1869 est.
761 1811 780 1870 l.
802 1810 821 1869 l.
863 1810 935 1869 lllox
960 1812 1041 1887 parti
1064 1812 1219 1887 ennianum
1241 1809 1374 1887 praefes-

172 1921 229 1991 tus,
251 1918 281 1974 in
296 1915 421 1994 lllyrioo
437 1933 503 1976 oum
522 1916 651 1976 Octavio
666 1922 698 1976 et
711 1915 839 1992 Libone,
853 1917 991 1994 Pompeii
1004 1916 1141 1992 donibus,
1163 1917 1274 1994 proelio
1289 1934 1374 1977 eom-

172 2025 265 2083 misso
293 2039 357 2082 rem
384 2021 465 2080 male
490 2023 598 2099 gessit,
626 2019 680 2082 eir.
703 2022 806 2082 0rosii
826 2020 940 2082 ilistor.
962 2041 1001 2082 vr.
1026 2026 1070 2082 15.
1093 2042 1121 2100 p.
1144 2026 1210 2083 tie.
1253 2023 1373 2084 llaver-

173 2147 267 2208 camp.
302 2128 365 2188 Sed
386 2129 471 2188 bello
492 2129 521 2188 in
542 2127 669 2202 Graeeia,
691 2128 835 2206 Aegypto
855 2134 888 2189 et
905 2129 982 2189 Asia
997 2129 1148 2205 eonfeeto,
1170 2134 1285 2207 prator
1306 2130 1373 2190 iao-

173 2241 222 2296 tus
248 2253 267 2295 a
292 2234 415 2296 Caesare
442 2236 472 2296 in
494 2211 687 2312 ennianum
719 2236 831 2295 missus
857 2239 916 2309 est,
946 2237 997 2311 qui
1026 2237 1166 2312 legiones
1192 2237 1375 2297 seditionem

173 2349 333 2403 moventes
356 2349 388 2405 et
408 2346 438 2404 in
454 2345 590 2404 Alrieam
612 2345 756 2404 traiicere
778 2349 957 2406 recusantes
979 2344 1018 2404 ad
1040 2345 1171 2404 oilieium
1193 2347 1297 2405 redire
1319 2363 1373 2405 eo·

174 2457 268 2528 geret
310 2450 373 2512 Sed
395 2451 626 2512 eondioionibus
657 2469 732 2527 quas
754 2450 876 2510 terebat
895 2450 1023 2510 reieetis
1044 2467 1148 2528 parum
1170 2451 1276 2527 abluit,
1305 2454 1374 2528 quio

175 2561 271 2636 ipsum
291 2559 406 2619 milites
428 2559 644 2632 interficerent,
670 2558 714 2617 ita
742 2560 776 2617 nt
795 2557 868 2634 iuga
889 2557 1018 2617 salutem
1040 2575 1179 2633 quaerere
1206 2565 1375 2636 cogeretur.

174 2665 302 2743 Aonian.
325 2665 364 2724 de
387 2663 471 2724 bello
493 2664 551 2724 oiv.
573 2683 603 2722 n.
625 2665 673 2723 92.
708 2663 766 2723 llio
781 2662 866 2723 Cass.
888 2665 1024 2722 xu11.52.
1058 2663 1217 2724 Seditione
1232 2682 1376 2742 repressa

174 2771 276 2830 Cesar
300 2770 332 2830 iu
356 2770 495 2830 Alrioam
524 2770 679 2844 traieetus,
708 2772 769 2829 tum
796 2787 916 2845 quoque
943 2769 1070 2829 Salustii
1094 2787 1189 2848 opera
1215 2789 1288 2830 usus
1318 2776 1375 2832 est.

174 2875 246 2936 Nam
267 2879 351 2954 parti
371 2878 527 2954 eopiarum
549 2874 728 2954 praelectum
749 2877 779 2935 in
802 2876 930 2937 insulam
946 2876 1103 2936 Cercinam
1124 2877 1215 2950 misit,
1239 2883 1270 2936 nt
1290 2895 1375 2936 eom-

175 2987 303 3044 meatum
336 2984 376 3043 ab
408 2984 549 3044 hostibus
581 2999 618 3042 eo
652 2984 794 3044 oollatum
821 2984 1028 3060 interoiperet.
1077 2982 1195 3043 Auctor
1222 2983 1262 3042 de
1289 2984 1373 3046 bello

176 3091 268 3152 Atrio.
290 3093 319 3152 8.
345 3094 393 3150 it.
407 3093 454 3150 ss.
472 3092 520 3150 st.
542 3090 607 3159 Qua
620 3107 654 3150 re
671 3091 750 3150 bene
764 3095 852 3166 gesta
867 3090 1028 3164 victisque,
1051 3106 1127 3165 quas
1142 3089 1245 3165 Scipio
1261 3093 1292 3148 et
1305 3089 1377 3148 lube

176 3205 351 3277 coegerant,
381 3215 399 3257 a
421 3197 542 3258 Gaesare
573 3197 683 3274 eopiis,
708 3195 860 3254 Salustius
880 3196 1046 3273 proconsul
1070 3195 1228 3271 Numidiae,
1257 3213 1324 3270 quae
1345 3197 1376 3254 in

175 3307 343 3381 provineiae
365 3302 494 3364 formam
516 3303 642 3363 redacta
663 3303 772 3376 luerat,
794 3301 920 3362 relictus
942 3307 1000 3362 est.
1041 3301 1135 3371 Quam
1157 3303 1281 3377 quidem
1298 3318 1374 3378 pro-

176 3413 315 3484 vinciam,
342 3419 378 3471 ut
398 3411 615 3472 declamatoris
640 3411 746 3470 verbis
774 3415 850 3484 utar,
880 3409 923 3467 ita
949 3409 1084 3468 vastavit
1111 3409 1145 3466 ut
1169 3407 1246 3466 nihil
1275 3424 1375 3482 nequo

177 3521 259 3596 passi
279 3521 343 3579 sint
364 3533 464 3595 neque
485 3517 694 3596 exspectarint
712 3516 838 3593 gravius
868 3514 897 3572 in
920 3514 1004 3572 bello
1026 3513 1113 3588 soeii,
1141 3529 1229 3588 quam
1259 3513 1378 3590 experti

177 3627 295 3685 suntin
317 3643 404 3702 paee,
425 3625 485 3686 hoo
506 3623 643 3684 Africam
665 3623 842 3684 interiorem
858 3621 1024 3680 obtinente.
1060 3619 1155 3689 Quam
1174 3620 1213 3678 ob
1229 3636 1294 3678 rem
1312 3636 1379 3678 enm

178 3730 301 3792 lionam
323 3730 480 3805 rediisset,
503 3731 736 3806 repetundarum
757 3732 927 3803 aecusatus,
949 3726 1005 3786 ted
1028 3725 1160 3786 Caesaris
1177 3725 1261 3786 iussu
1282 3724 1379 3784 abso·

179 3837 257 3898 lutus
286 3841 346 3898 est.
387 3835 521 3898 Deelam.
548 3854 573 3896 e.
601 3839 628 3894 7.
657 3835 713 3895 llio
739 3835 825 3894 Cass.
849 3851 929 3894 xnrn.
958 3835 985 3894 a.
1028 3827 1094 3894 Kal
1121 3828 1170 3913 τῷ
1189 3825 1378 3912 Σαλουστίῳ

178 3933 260 4027 λόγῳ
277 3941 336 4023 μὲν
358 3936 466 4026 ἄρχειν
486 3935 569 4026 ἔργῳ
591 3937 628 4004 dd
648 3933 733 4024 ἄγειν
750 3959 786 4003 τε
805 3935 858 4002 καὶ
879 3934 991 4025 φέρειν
1011 3932 1191 4024 ἐπέτρεψεν
1206 3935 1288 4008 (soil.
1302 3924 1380 4010 τούς

183 4041 362 4130 Νομάδας).
384 4043 493 4130 duitas
512 4045 566 4112 uel
586 4035 807 4132 ἐδωροδόκησε
833 4033 940 4108 noti&
964 4039 1016 4105 καὶ
1045 4036 1198 4129 ἥρπασεν,
1220 4037 1304 4105 oi'oue
1326 4038 1378 4104 noi

180 4156 437 4244 κατηγορρθρναι
445 4177 495 4218 και
506 4151 656 4239 usurasne
664 4147 831 4236 αισχιστην
842 4139 1035 4238 doissac
1014 4169 1066 4213 οτι
1074 4169 1210 4214 toloneo
1220 4167 1379 4232 συγγραμ

180 4287 264 4343 ματα
292 4251 499 4388 συγγράψας
513 4258 565 4324 καὶ
592 4248 699 4324 nond
727 4255 780 4322 καὶ
800 4279 903 4343 nanno
895 4246 1086 4342 περὶτῶν
1113 4250 1379 4338 ἐκκαρπουμὲνων

181 4360 265 4446 eredo
283 4358 385 4433 damma
405 4357 462 4433 oris
483 4357 660 4486 ἓγιμήσατο
681 4366 732 4449 τῷ
757 4360 841 4448 ἔργῳ
866 4385 943 4438 τους
961 4353 1085 4483 λόγους.
1115 4355 1194 4425 ὅθεν
1218 4383 1247 4424 ει
1240 4356 1319 4423 καὶ
1339 4383 1381 4425 τα

181 4467 317 4558 μάλιστα
337 4467 468 4564 ἀφείθη
488 4496 553 4539 vno
575 4495 632 4538 του
620 4467 826 4554 Καίσαρος,
847 4460 916 4534 dtt'
936 4457 1035 4543 arietis
1048 4489 1083 4551 γε
1104 4455 1217 4530 ἑαυτόν
1230 4463 1282 4530 καὶ
1296 4488 1379 4529 novo

180 4582 221 4668 τῇ
240 4601 412 4668 συγγραφῃ
399 4569 694 4666 ‘guentoniensem
