3610 5592
1304 687 1349 756 bd

145 893 254 965 serat,
280 883 315 954 in
333 883 457 966 boote,
482 894 556 978 post
572 905 627 956 eos
644 893 790 955 cetorum
808 885 990 956 exercitum
1008 885 1044 954 in
1068 885 1227 958 subsidiis
1252 885 1349 958 locat.

145 1009 218 1100 lpse
244 1029 333 1100 equo
358 1007 575 1089 circumiens,
601 1029 872 1101 unumquemque
890 1009 1064 1080 nominans
1081 1009 1243 1103 appellat,
1269 1010 1351 1082 bor-

145 1142 249 1213 tatur,
283 1139 397 1222 rogat,
432 1141 468 1200 nt
503 1131 716 1202 meminerint
747 1145 782 1202 se'
810 1141 925 1203 contra
949 1133 1093 1204 latrones
1117 1133 1261 1206 inerms
1280 1157 1350 1228 qsro

145 1256 272 1348 patria,
299 1277 361 1348 pro
385 1255 515 1337 liberis,
547 1277 609 1348 pro
634 1255 700 1326 aris
726 1265 825 1350 atque
850 1255 931 1326 iocis
956 1257 1024 1326 suis
1049 1265 1188 1328 certare.
1239 1259 1350 1330 Homo

144 1379 317 1460 militaris,
344 1379 433 1473 qnod
459 1379 601 1474 amplius
631 1401 736 1450 annos
765 1380 900 1474 ciffum
917 1380 1067 1452 tribunus
1098 1389 1154 1451 aut
1177 1382 1351 1474 prefectus

144 1515 201 1574 aut
226 1503 357 1595 legatus
385 1515 443 1576 aut
466 1514 587 1598 praetor
611 1525 687 1576 cum
712 1527 836 1595 magna
861 1505 968 1595 gloria
994 1505 1028 1578 in
1057 1505 1205 1576 exercitu
1230 1506 1349 1588 fuerat,

143 1627 324 1720 plerosque
350 1627 438 1721 ipsos
462 1629 614 1721 tacmque
640 1650 756 1698 eornm
782 1629 1051 1712 sortianovera13
1078 1652 1119 1700 ea
1143 1652 1349 1702 commemo-

144 1751 251 1822 rando
276 1753 419 1822 rnilitum
444 1754 573 1823 animos
597 1751 809 1824 accendebat.

219 1898 277 1946 cx.
320 1875 384 1948 Sed
398 1876 467 1959 ubi,
485 1875 639 1946 omnibns
651 1875 750 1947 rebus
763 1875 952 1969 exploratis,
966 1877 1113 1948 Petreius
1125 1877 1205 1948 tuba
1217 1837 1349 1968 signdm

144 1999 214 2081 dat,
233 1999 387 2070 cobortes
403 1999 563 2093 paulatim
580 1999 736 2070 incedere
753 2000 860 2082 iubet3
888 1999 975 2072 idem
994 2000 1072 2070 tacit
1090 2000 1231 2070 bostium
1250 2023 1351 2070 exer-

144 2123 240 2194 citus.
291 2125 468 2216 Postquam
494 2146 534 2192 eo
558 2133 693 2194 venmm
717 2135 785 2208 est,
819 2123 908 2194 uude
943 2123 1174 2196 aterentariis
1199 2124 1352 2217 praelium

145 2247 306 2317 committi
333 2258 457 2340 posset,
483 2269 640 2318 maxumo
656 2249 801 2319 clamore
827 2271 902 2320 cunr
929 2249 1055 2318 infestis
1079 2249 1184 2340 signis
1208 2269 1350 2320 concur·

144 2383 235 2452 runt:
270 2373 341 2466 pila
365 2373 535 2455 omittunt,
568 2371 689 2464 gladiis
722 2395 775 2443 res
801 2373 938 2463 geritur.
993 2373 1168 2454 Veterani,
1202 2371 1349 2464 pristinis

144 2497 274 2566 virtutis
298 2517 477 2578 memores,
511 2496 694 2566 comminus
719 2495 839 2566 acriter
864 2495 1006 2576 instare,
1042 2495 1093 2566 illi
1126 2495 1217 2568 baud
1242 2495 1349 2565 timidi

144 2621 314 2701 resistam:
340 2641 499 2691 murima
524 2620 557 2690 vi
582 2629 737 2690 certatur.
775 2621 906 2690 Interea
922 2618 1066 2689 Catilina
1091 2642 1167 2689 cum
1188 2618 1349 2711 expeditis

146 2745 179 2814 in
204 2745 312 2837 prima
338 2743 411 2814 acie
446 2743 586 2826 versari,
622 2742 848 2813 laborantibus
873 2764 1083 2824 succurrere,
1118 2741 1263 2834 integros
1288 2764 1349 2835 pro

145 2869 267 2940 saucfis
284 2889 469 2951 accersere,
483 2867 597 2937 omnia
612 2866 803 2960 providere,
822 2867 962 2938 multum
979 2887 1129 2959 pugnare
1148 2865 1235 2958 ipse,
1261 2887 1349 2958 saepe

146 2992 274 3064 bostem
298 2993 420 3073 terire3
454 2993 579 3063 strenui
603 2990 718 3062 militis
736 3001 770 3061 et
793 2992 872 3063 boni
886 2990 1106 3097 imperatoris·
1120 2988 1230 3060 officia
1246 2989 1349 3060 simul

145 3117 384 3210 exequebatur.
434 3117 581 3187 Petreius
607 3117 664 3187 ubi
695 3115 784 3186 videt
809 3114 999 3196 Catilinam,
1034 3125 1148 3186 oonua
1181 3135 1221 3183 ac
1259 3121 1349 3182 ratus

145 3253 229 3324 erat,
255 3263 381 3334 magna
404 3241 602 3324 vitendere,
628 3241 797 3312 cohortem
822 3239 1010 3333 praetoriam
1027 3238 1063 3307 in
1089 3236 1215 3307 medios
1241 3235 1349 3306 hostes

145 3365 288 3446 inducit,
317 3388 438 3459 eosque
464 3366 668 3459 perturbatos
695 3377 794 3458 atqrw
820 3363 903 3433 alios
928 3361 1008 3433 aiibi
1034 3361 1220 3431 resistentes
1246 3359 1350 3429 inter-

146 3489 230 3571 ficia
258 3487 379 3559 deinde
393 3489 559 3581 utrimque
584 3511 627 3558 ex
643 3487 803 3559 lateribus
819 3495 944 3558 ceteros
962 3484 1166 3578 adgreditur.
1205 3485 1349 3557 Manlius

146 3626 178 3684 et
201 3614 395 3685 Faesntanus
421 3614 455 3684 in
480 3613 596 3706 pomis
620 3622 805 3706 pugnantes
832 3610 963 3682 cadunt.
1002 3610 1179 3701 Postquam
1204 3608 1349 3679 Catilina

147 3739 234 3808 fusas
259 3738 371 3831 copias
396 3761 496 3830 seque
521 3759 598 3807 cum
621 3737 735 3830 paucis
760 3735 911 3806 relictum
936 3733 1039 3815 videt,
1065 3755 1193 3802 mernor
1218 3730 1349 3824 generis

147 3875 246 3956 atquo
279 3861 426 3956 pristinae
459 3885 526 3932 snae
558 3861 727 3954 dignitatis
758 3860 792 3930 in
819 3857 1085 3930 confertissumos
1110 3855 1211 3926 bostis
1236 3855 1350 3925 incur-

147 3987 190 4056 rit
213 3987 327 4079 ibique
350 4007 502 4079 pugnans
527 3984 724 4055 confoditur.

218 4131 288 4180 nn.
340 4109 405 4180 Sed
442 4109 590 4180 consecto
622 4109 758 4203 proelio,
796 4117 867 4178 turn
904 4129 983 4178 vero
1016 4127 1186 4184 cerneres,
1225 4111 1349 4195 quanta

148 4234 303 4316 andacia,
330 4233 529 4329 quantavis
558 4233 662 4303 animi
693 4232 806 4302 fuisset
830 4232 864 4301 in
890 4230 1037 4301 exercitu
1062 4228 1224 4300 Catilinas.
1263 4228 1349 4297 Nam

147 4359 215 4428 tere
239 4379 340 4452 quem
358 4357 499 4452 quisque
524 4358 617 4430 vivus
632 4357 814 4450 pugnando
830 4357 941 4427 iocum
958 4365 1107 4448 ceperat,
1134 4375 1211 4422 enm
1236 4349 1349 4419 anima

147 4483 265 4552 amissa
291 4505 430 4576 corpore
447 4482 591 4572 tegebat.
617 4481 717 4552 Pauci
735 4491 857 4564 autem,
879 4501 962 4573 quos
976 4477 1102 4548 medios
1121 4475 1238 4547 cohors
1261 4493 1349 4565 prse-

147 4606 231 4678 toria
247 4606 440 4688 disiecerat,
466 4606 566 4700 paulo
582 4605 759 4686 divorsius,
779 4604 835 4675 sed
854 4625 969 4672 omnes
986 4612 1095 4671 tamen
1113 4597 1259 4672 advorsis
1272 4597 1349 4667 vul-

148 4731 281 4804 neribus
294 4730 516 4802 conciderant.
560 4729 699 4800 Catiliue
726 4751 804 4798 vero
829 4728 965 4818 longer
989 4724 1057 4796 suis
1094 4724 1178 4793 iuter
1206 4719 1347 4790 bostium
