3554 5600
454 609 526 682 228

453 812 609 883 ordinum
644 823 790 882 extrema
822 813 934 883 munia
975 814 1081 908 sequi.
1138 813 1197 883 55.
1224 815 1315 884 Duos
1350 837 1450 906 qnam
1484 837 1642 884 mammos

453 938 534 1008 utris
560 937 625 1007 levi
643 936 764 1006 tabula
782 936 931 1017 subiecit,
957 961 1023 1030 qua
1050 960 1149 1030 super
1174 937 1264 1007 omni
1290 960 1427 1031 corpore
1452 939 1581 1030 quietus
1599 939 1644 1006 in·
1760 949 1761 954 ’

452 1063 558 1132 vicem
584 1072 688 1132 tractu
714 1063 807 1154 pedis
832 1062 927 1153 quasi
952 1063 1154 1153 gubernator
1179 1062 1344 1142 existeret,
1371 1075 1402 1132 et
1423 1063 1510 1135 inter
1534 1065 1644 1132 molem

451 1196 551 1279 atque
575 1185 718 1255 insulam
744 1186 844 1255 maris
870 1185 1068 1256 vitabundus
1094 1187 1230 1255 classem
1257 1186 1399 1256 bostium
1430 1188 1472 1258 ad
1498 1187 1644 1280 oppidum

451 1311 611 1403 pervenit.
654 1309 712 1380 56.
740 1311 894 1402 Saxaque
920 1311 1067 1402 ingentia
1093 1321 1124 1380 et
1149 1311 1260 1381 trabes
1284 1334 1347 1381 axe
1366 1313 1484 1381 vinctae
1502 1335 1561 1404 par
1575 1335 1645 1404 pro-

450 1457 532 1506 num
556 1436 789 1516 incitabantur,
815 1436 998 1530 axibusque
1017 1437 1209 1506 eminebant
1226 1438 1259 1506 in
1286 1437 1422 1507 modum
1449 1438 1542 1508 ericii
1561 1438 1646 1507 mili-

451 1560 530 1629 taris
555 1571 669 1630 veruta
695 1559 810 1630 binum
836 1560 970 1653 pedum.
1011 1561 1070 1629 57.
1103 1561 1198 1631 Unde
1224 1584 1305 1654 pons
1331 1562 1364 1630 in
1391 1562 1551 1654 oppidum
1575 1587 1645 1655 per-
1760 1601 1761 1604 ¹

449 1684 557 1754 tineus
590 1685 784 1777 explicatur.
839 1685 898 1755 58.
937 1689 981 1756 lit
1017 1709 1117 1756 onere
1156 1687 1295 1756 turrium
1335 1687 1468 1756 incertis
1502 1688 1643 1757 naribus.

450 1808 508 1878 59.
536 1809 653 1879 Utres
679 1809 786 1901 magis
812 1832 912 1902 quam
938 1810 1040 1880 verba
1061 1821 1266 1901 gererentur,
1292 1809 1416 1880 liberos
1433 1823 1645 1905 parentesque
1760 1859 1761 1878 .

449 1933 482 2002 in
510 1933 612 2002 muris
638 1933 839 2004 locaverant.
879 1936 938 2006 60.
966 1935 1116 2018 Quarum
1143 1959 1244 2005 unam
1271 1935 1441 2027 epistolam
1469 1936 1645 2006 loriacum

450 2081 545 2127 servo
581 2056 669 2126 nacti
695 2057 895 2149 praedatores
924 2058 1092 2129 Valeriani
1125 2059 1300 2154 scorpione
1326 2060 1359 2129 in
1385 2073 1492 2130 castra
1518 2063 1644 2130 misere.

449 2180 507 2250 61.
541 2181 590 2250 Ne
621 2180 763 2274 simplici
798 2181 934 2274 quidem
965 2194 1069 2252 morte
1108 2183 1345 2253 moriebantur.
1388 2186 1447 2254 62.
1480 2186 1568 2255 Nam
1597 2185 1646 2278 qui

448 2327 549 2374 enare
575 2304 682 2372 conati
701 2304 841 2386 luerent,
868 2305 924 2376 icti
949 2329 1036 2399 sape
1063 2307 1255 2398 fragmentis
1280 2307 1426 2388 navium,
1453 2318 1512 2377 aut
1528 2309 1645 2378 adflicti

448 2428 559 2498 alveos
586 2428 748 2498 undarum
772 2430 817 2511 vi,
845 2431 987 2501 mulcato
1013 2431 1099 2501 frede
1126 2455 1276 2524 corpore,
1304 2442 1469 2523 postremo
1495 2433 1646 2503 interiere

448 2563 572 2622 tamen.
618 2553 676 2624 63.
704 2555 746 2624 Et
771 2556 853 2624 iorte
879 2556 912 2624 in
940 2556 1130 2648 navigando
1156 2556 1273 2626 cohors
1301 2579 1377 2638 una,
1403 2558 1525 2649 grandi
1552 2559 1646 2629 faselo

447 2689 539 2746 vecta
561 2679 716 2749 arcteris
734 2679 898 2749 deerravit
922 2681 1073 2773 marique
1098 2681 1230 2773 placido
1256 2705 1276 2750 a
1302 2680 1431 2751 dnobus
1456 2682 1646 2775 praedonum

445 2802 706 2893 myoparonibus
724 2804 957 2874 circumventa.
1002 2804 1061 2874 ot.
1088 2805 1270 2876 Crebritate
1293 2807 1464 2888 fluctuum,
1493 2819 1529 2876 ut
1556 2809 1647 2901 aqui·

447 2925 523 2995 lone
549 2927 642 2995 solet.
686 2926 746 2996 65.
780 2930 826 2998 bl.
853 2929 1017 3000 Antonius
1043 2929 1224 3022 perdundae
1249 2931 1399 3022 pecuniae
1430 2933 1564 3022 genitus
1592 2957 1647 3002 va-

446 3115 493 3171 55.
511 3112 587 3174 Non.
611 3116 677 3174 186.
701 3118 748 3176 73.
779 3119 826 3176 56.
850 3117 1019 3178 51555555.
1041 3121 1088 3178 33.
1111 3118 1198 3179 Serv.
1216 3120 1255 3179 ad
1271 3119 1347 3180 Aen.
1371 3122 1399 3180 9.
1417 3122 1486 3179 505.
1525 3123 1574 3180 57.
1587 3121 1646 3180 Ar-

445 3237 506 3278 555.
527 3238 550 3278 5.
572 3239 601 3281 v.
626 3229 700 3297 pert.
726 3240 754 3301 p.
777 3224 844 3282 965.
895 3227 941 3284 58.
969 3223 1056 3285 Serv.
1083 3227 1123 3286 ad
1148 3225 1224 3286 Aen.
1257 3231 1281 3285 1.
1305 3227 1372 3286 576.
1426 3229 1475 3286 59.
1496 3224 1584 3289 bant.
1604 3227 1641 3286 ad

444 3324 520 3385 stat.
549 3326 642 3386 Theb.
671 3330 719 3387 10.
745 3331 813 3388 573.
855 3332 903 3389 60.
925 3329 1000 3390 Non.
1031 3335 1098 3392 553.
1121 3335 1168 3392 22.
1211 3335 1259 3393 61.
1281 3331 1367 3393 Serv.
1390 3331 1430 3392 ad
1451 3331 1504 3392 Ge.
1528 3335 1555 3392 3.
1579 3335 1643 3393 582.

444 3433 749 3494 6555515515.
779 3436 832 3494 Ar.
860 3453 884 3496 s.
910 3455 938 3496 v.
959 3437 1018 3514 ads.
1046 3456 1075 3515 p.
1097 3440 1164 3498 215.
1197 3439 1305 3498 Arcus.
1334 3438 1536 3499 5555555515
1574 3438 1645 3516 „ad-

447 3538 521 3600 dicti
549 3540 657 3601 alveos
686 3542 833 3603 undarum
858 3543 890 3602 vi
918 3543 1048 3605 mulcato
1081 3561 1212 3622 corpore
1241 3545 1415 3606 interibant.
1449 3545 1504 3605 alr.
1533 3544 1645 3606 Linde-

444 3663 520 3705 man.
547 3650 579 3706 et
605 3647 791 3725 iuterpretes
822 3649 862 3708 ad
882 3647 1020 3709 Nonium.
1069 3653 1117 3711 63.
1139 3651 1214 3712 Non.
1237 3653 1306 3711 535.
1332 3654 1377 3711 18.
1427 3652 1475 3712 65.
1498 3650 1586 3712 Serv.
1607 3653 1646 3712 ad

444 3751 523 3812 Aen.
546 3757 572 3811 1.
596 3755 663 3813 117.
706 3757 753 3814 65.
774 3755 882 3815 Arcus.
904 3774 932 3832 p.
956 3758 1024 3816 937.
1047 3773 1071 3815 5.
1093 3775 1121 3815 v.
1142 3775 1206 3835 pen.
1227 3757 1482 3818 Pseudo-Asson.
1504 3758 1537 3817 iu
1558 3758 1645 3818 Verr.

443 3876 471 3935 p.
493 3859 562 3918 206.
583 3857 697 3920 Baiter.
733 3861 807 3936 „llio
829 3863 935 3922 estid.
959 3862 1117 3940 Antonius,
1140 3865 1192 3940 qui
1212 3865 1314 3941 gratia
1340 3863 1438 3924 cottae
1459 3865 1598 3924 consulis
1616 3869 1646 3924 et

443 3963 573 4042 Cethegi
594 3966 729 4028 faotione
755 3969 783 4027 iu
812 3973 920 4029 senatu
947 3971 1135 4030 curationem
1160 3970 1306 4030 infinitam
1329 3975 1435 4030 nactus
1463 3971 1559 4031 totius
1585 3989 1645 4032 orso

439 4073 599 4131 maritima
621 4077 652 4134 51
673 4074 808 4134 Siciliam
839 4081 871 4136 51
898 4076 1073 4152 provincias
1103 4093 1207 4136 omnes
1240 4077 1441 4155 depopulatus
1468 4081 1520 4136 est
1548 4081 1581 4137 51
1607 4077 1645 4136 ad

441 4181 628 4255 postremum
653 4179 791 4241 inserens
813 4179 1011 4242 Cretensibus
1039 4181 1153 4242 bellum
1178 4184 1284 4244 morbo
1307 4183 1426 4243 interiit
1447 4182 1502 4242 cir.
1525 4184 1566 4243 ib.
1589 4185 1645 4242 176

440 4301 528 4359 quam
555 4283 706 4346 Salustius
734 4287 778 4346 ait
804 4288 969 4364 perdundae
995 4289 1132 4365 pecuniae
1159 4291 1294 4367 genitum
1316 4295 1349 4350 et
1368 4307 1496 4349 vaenum
1523 4290 1644 4349 acoris

440 4389 501 4449 nisi
522 4391 706 4452 instantibus
748 4393 835 4462 Quod
857 4393 991 4454 additum
1013 4399 1063 4455 est
1083 4395 1285 4474 fragmentum
1307 4414 1346 4456 ex
1366 4395 1468 4455 Sobol.
1491 4395 1644 4454 luvenalis

439 4497 478 4555 ad
499 4495 528 4556 S.
549 4517 612 4558 vm.
635 4501 701 4558 105.
749 4499 867 4574 „Trium
892 4500 1094 4562 Antoniorum
1121 4503 1278 4563 consulum
1305 4508 1395 4580 pater
1415 4501 1478 4576 ille,
1507 4503 1560 4576 qui
1582 4518 1643 4560 orae

437 4605 604 4680 maritimae,
633 4622 693 4681 qua
714 4610 800 4665 esset
820 4607 978 4685 imperium
999 4608 1174 4682 Romanurn,
1204 4608 1336 4686 prael'uit,
1362 4609 1537 4668 5551555555
1558 4607 1643 4684 pira-

438 4703 495 4768 tis“
524 4711 622 4787 ipsius
644 4711 770 4773 Salustii
796 4715 892 4773 verba
920 4732 991 4775 esse
1019 4718 1111 4791 negat
1132 4715 1230 4776 Orelli
1251 4714 1356 4778 0nom.
1378 4715 1453 4775 Tull.
1475 4733 1503 4792 p.
1529 4717 1576 4774 ta
1610 4711 1642 4771 ln
