3582 5594
458 660 504 727 92

457 862 570 928 omnia
596 860 684 929 bello
711 861 838 953 potiora
864 861 1013 942 duceret,
1049 863 1214 933 interdum
1248 887 1360 935 seeum
1386 868 1456 958 ipse
1481 879 1662 960 reputaret,

457 1007 558 1078 quam
576 987 686 1076 gravis
710 1008 804 1056 casus
825 987 859 1054 in
881 987 1050 1058 servitium
1075 1013 1118 1058 ex
1140 1011 1245 1080 regno
1263 991 1357 1074 foret,
1384 994 1496 1063 multis
1516 996 1666 1086 magnis-

458 1133 523 1202 que
549 1109 709 1201 praesidiis
741 1113 962 1204 nequicquam
998 1112 1135 1206 perditis
1162 1115 1202 1183 de
1229 1116 1358 1204 integro
1392 1117 1518 1188 bellum
1552 1121 1664 1190 sumit..

456 1237 501 1304 Et
527 1237 641 1306 Romae
671 1247 803 1307 senatus
835 1238 876 1308 de
907 1237 1086 1330 provinciis
1117 1241 1284 1311 consultus
1306 1242 1501 1313 Numidiam
1529 1245 1666 1315 ldetello

458 1361 659 1430 decreverat.

530 1505 624 1554 nrm.
676 1487 740 1553 Per
766 1485 854 1554 idem
880 1497 1008 1577 tempus
1034 1487 1134 1558 Utirae
1161 1488 1243 1557 forte
1270 1489 1308 1560 G.
1328 1490 1433 1560 llario
1458 1514 1520 1584 per
1540 1489 1665 1561 hostias

458 1607 521 1676 diis
538 1608 737 1700 supplicanti
754 1631 874 1702 magna
892 1622 992 1702 atque
1008 1611 1175 1680 mirabilia
1192 1613 1342 1703 portendi
1360 1635 1503 1706 aruspex
1517 1615 1664 1686 dixerat:

457 1734 597 1826 proinde
623 1756 697 1827 quar
724 1736 834 1805 animo
860 1736 1006 1828 agitabat
1031 1738 1132 1807 fretus
1158 1739 1208 1807 dis
1226 1751 1351 1830 ageret,
1378 1740 1544 1810 fortunam
1562 1763 1664 1832 quam

458 1859 651 1951 saepissume
678 1861 900 1952 experiretur,
939 1873 1057 1931 cuneta
1091 1885 1249 1954 prospere
1277 1875 1447 1934 eventura.
1497 1867 1541 1935 At
1566 1865 1663 1935 illum

458 1983 523 2051 iam
550 1993 644 2052 antea
672 1985 859 2054 consulatus
884 1985 1002 2076 ingens
1028 1985 1149 2079 cupido
1175 1987 1375 2077 exagitabat,
1410 1987 1451 2057 ad
1477 2011 1579 2081 quem
1606 2013 1664 2059 oa-

457 2108 620 2198 piundum
645 2119 766 2202 praeter
790 2121 984 2180 vetustatem
1010 2112 1146 2182 familia·
1172 2115 1239 2183 alia
1266 2116 1377 2184 omnia
1398 2095 1531 2185 abunde
1551 2127 1663 2186 erant:

459 2233 630 2316 industria,
665 2235 821 2327 probitas,
854 2235 981 2306 militiae
1007 2260 1128 2329 magna
1162 2238 1310 2320 seientia,
1345 2239 1475 2309 animus
1501 2240 1582 2310 belli
1610 2241 1666 2310 iu·

459 2380 552 2450 gens,
587 2359 677 2430 domi
702 2361 864 2443 modicus,
902 2361 1061 2432 lubidinis
1091 2374 1122 2432 et
1148 2363 1337 2434 divitiarum
1367 2365 1483 2444 victor,
1518 2374 1665 2434 tantum-

457 2483 558 2553 modo
583 2484 698 2574 gloriae
724 2484 852 2554 avidus.
903 2485 966 2554 Sed
998 2485 1025 2554 is
1055 2497 1150 2554 natus
1183 2496 1215 2554 et
1245 2509 1303 2577 per
1328 2508 1460 2556 omnem
1485 2489 1665 2580 pueritiam

458 2607 576 2700 Arpini
603 2608 699 2690 altus,
726 2608 783 2678 ubi
809 2609 953 2702 primum
980 2621 1058 2678 aetas
1085 2609 1210 2680 militiae
1235 2610 1364 2702 patiens
1389 2611 1460 2691 fuit,
1491 2612 1665 2704 stipendiis

458 2730 624 2800 faciundis
650 2753 718 2800 non
743 2733 859 2802 Graeea
892 2735 1047 2804 facundia
1076 2757 1187 2826 neque
1217 2736 1352 2806 urbanis
1386 2735 1558 2806 munditiis
1592 2758 1665 2804 sese

460 2857 619 2936 exercuit,
652 2857 697 2926 ita
721 2858 809 2927 inter
834 2859 912 2928 artis
939 2860 1040 2930 bonas
1068 2859 1236 2951 integrum
1261 2861 1432 2952 ingenium
1462 2859 1556 2932 brevi
1581 2862 1666 2931 ado-

459 2981 548 3051 levit.
590 2983 683 3072 Ergo
707 2982 764 3051 ubi
791 2983 934 3074 primum
961 2984 1164 3053 tribunatum
1190 2984 1369 3053 militarem
1395 2985 1554 3077 apopnlo
1572 2987 1665 3078 petit,

458 3105 626 3199 plerisque
661 3106 780 3176 laniem
815 3106 885 3176 eius
920 3107 1163 3198 ignorantibus,
1204 3108 1301 3177 facile
1335 3119 1432 3177 notus
1464 3131 1525 3200 per
1556 3111 1666 3178 omnis

459 3230 562 3299 tribus
588 3230 785 3301 declaratur.
830 3233 959 3301 Deinde
986 3232 1027 3301 ab
1053 3256 1092 3302 eo
1118 3233 1310 3324 magistratu
1337 3232 1439 3303 alium
1465 3243 1538 3324 post
1559 3233 1665 3302 alium

459 3353 521 3423 sibi
555 3355 699 3447 peperit,
739 3377 936 3448 semperque
976 3357 1010 3424 iu
1049 3357 1260 3448 potestatibus
1295 3379 1335 3425 eo
1367 3355 1467 3425 modo
1506 3357 1665 3447 agitabat,

459 3489 494 3548 ut
518 3479 681 3573 ampliore
706 3502 808 3572 quam
829 3481 965 3570 gerebat
986 3481 1104 3572 dignus
1126 3479 1313 3550 haberetur.
1357 3482 1482 3552 Tamen
1509 3482 1536 3550 is
1562 3481 1605 3552 ad
1632 3483 1666 3552 id

459 3604 607 3674 locorum
637 3605 711 3674 talis
746 3606 807 3687 vir,
848 3629 924 3675 nam
953 3617 1066 3700 postea
1098 3607 1276 3676 ambitione
1311 3629 1458 3699 praeceps
1484 3606 1577 3676 datus
1604 3619 1665 3686 est,

458 3738 614 3820 appetere
648 3752 715 3798 nou
750 3729 903 3800 audebat.
955 3732 1063 3800 Etiam
1098 3745 1167 3801 tum
1199 3731 1281 3801 alios
1314 3731 1523 3823 magistratus
1557 3732 1665 3823 plebs,

458 3855 664 3924 consulatum
686 3854 842 3924 nobilitas
866 3857 952 3924 inter
969 3879 1003 3924 se
1021 3880 1082 3948 per
1098 3880 1217 3926 manus
1235 3856 1396 3926 tradebat.
1436 3859 1547 3926 Novus
1564 3879 1667 3926 nemo

459 3989 524 4048 tam
550 3979 659 4049 clarus
684 4004 794 4073 neque
820 3991 886 4050 tam
914 3981 1069 4071 egregius
1099 3981 1193 4050 saetis
1225 3993 1305 4062 erat,
1340 3981 1421 4075 quin
1454 3981 1480 4048 is
1507 3981 1666 4071 indignus

457 4104 515 4172 illo
542 4104 667 4175 bonore
693 4117 724 4175 et
750 4108 843 4199 quasi
869 4107 1013 4199 pollutus
1042 4107 1228 4176 baberetur.

412 4305 413 4310 ἵ
530 4251 621 4300 nxrv.
674 4232 778 4323 lgitur
804 4232 862 4301 ubi
888 4233 1011 4302 Marius
1042 4233 1202 4325 aruspicis
1234 4233 1321 4301 dicta
1346 4219 1464 4302 eodem
1491 4230 1666 4301 intendere

456 4351 555 4434 videt,
582 4375 648 4445 quo
674 4355 794 4446 cupido
820 4355 924 4424 animi
950 4354 1154 4436 hortabatur,
1182 4357 1223 4426 ab
1243 4356 1376 4427 Metello
1398 4355 1532 4449 petendi
1557 4355 1667 4446 gratia

457 4478 648 4547 missionem
669 4487 780 4569 rogat:
809 4478 861 4547 eui
888 4501 1091 4570 quamquam
1121 4481 1233 4560 virtus,
1261 4481 1369 4570 gloria
1392 4491 1491 4572 atque
1517 4481 1582 4548 alia
1602 4502 1667 4570 op-

458 4603 556 4674 tanda
581 4603 676 4673 bonis
702 4605 916 4695 superabant,
956 4615 1066 4673 tamen
1098 4605 1204 4674 inerat
1238 4615 1441 4696 contemptor
1474 4603 1606 4672 animus
1632 4613 1666 4671 et

459 4727 625 4820 superbia,
659 4751 833 4798 commune
863 4715 1042 4799 nobilitatis
1073 4731 1208 4800 malum.
1259 4731 1374 4821 ltaque
1399 4729 1545 4821 primum
1570 4749 1666 4795 com-
