3554 5600
1302 631 1368 698 211

166 837 290 920 potem.
319 807 400 897 bd.
428 825 497 896 Nisi
518 848 594 895 cum
614 827 664 896 ira
681 827 762 898 belli
780 827 995 899 desenuisset.
1039 828 1098 899 65.
1123 831 1375 900 Maturavorunt
1454 853 1461 863 ’

164 951 353 1020 exercitum
380 948 604 1020 Durrachium
633 973 766 1043 cogere.
818 953 878 1021 66.
905 952 1020 1046 ltaque
1037 952 1194 1021 Servilius
1212 962 1374 1044 aegrotum

161 1075 299 1144 Tarenti
350 1076 516 1166 collegam
562 1075 652 1167 prior
696 1086 931 1166 transgressus.
1000 1077 1058 1148 67.
1103 1075 1154 1146 Ad
1197 1076 1373 1170 Corycum.

163 1201 224 1272 68.
251 1202 343 1272 Idem
371 1202 479 1272 iecere
504 1201 662 1272 Octavius
689 1211 721 1271 et
747 1201 789 1282 Ο.
816 1201 928 1294 Caepio
958 1202 1028 1271 sine
1058 1202 1152 1292 gravi
1179 1203 1374 1295 cuiusquam

163 1325 405 1418 expectatione,
440 1345 549 1415 neque
579 1345 660 1392 sane
695 1323 809 1393 ambiti
843 1323 988 1418 publice.
1040 1325 1099 1395 69.
1132 1324 1374 1395 Festinantibus

163 1451 198 1518 in
224 1471 356 1519 summa
382 1448 494 1541 inopia
519 1447 678 1540 patribus.
722 1450 781 1518 70.
809 1449 885 1517 Post
909 1448 1127 1518 delectionem
1152 1449 1318 1518 sociorum
1343 1459 1375 1517 et

163 1573 263 1643 Latii.
317 1576 375 1641 71.
403 1574 494 1663 Ergo
520 1570 625 1640 senati
650 1570 784 1640 decreto
810 1571 1068 1641 serviundnmne
1094 1573 1144 1640 sit.
1196 1575 1254 1641 72.
1290 1573 1374 1642 Pru-

163 1700 247 1768 dens
272 1697 435 1778 omnium,
473 1718 548 1790 quac
574 1706 707 1766 senatus
734 1705 918 1765 censuerat.
971 1696 1030 1766 73.
1066 1694 1132 1775 Qui
1161 1696 1276 1766 liberis
1302 1697 1374 1766 eius

163 1822 350 1892 avunculus
376 1830 456 1890 erat.
501 1820 560 1889 76.
587 1818 679 1889 Nihil
697 1819 740 1889 ob
763 1829 887 1888 tantam
914 1818 1102 1888 mercedem
1127 1819 1191 1889 sibi
1218 1819 1374 1890 abnuitu-

161 1969 230 2016 ros.
280 1947 338 2016 75.
375 1949 428 2016 Ex
461 1945 635 2015 insolentia
669 1946 785 2016 avidus
819 1945 907 2014 male
940 1944 1098 2014 faciundi.
1146 1947 1204 2014 76.
1242 1946 1373 2038 Quippe

161 2083 257 2140 vasta
281 2072 376 2140 ltalia
402 2071 539 2162 rapinis,
566 2071 656 2161 luga,
684 2069 839 2139 caedibus.
894 2072 953 2138 77.
985 2068 1052 2152 Qui
1078 2070 1171 2140 nullo
1197 2082 1374 2140 6661666-

162 2199 221 2268 ilio
248 2197 465 2288 vagabantur.
518 2198 578 2268 78.
603 2194 891 2287 npudmninam.
942 2196 1002 2264 79.
1029 2196 1163 2288 Imperii
1189 2195 1373 2289 prolatandi

163 2319 368 2414 percupidus
393 2320 589 2402 habebatur,
628 2329 739 2389 cetera
765 2318 931 2409 egregius.
976 2318 1034 2388 80.
1068 2319 1118 2388 Ea
1145 2319 1269 2409 paucis,
1296 2318 1373 2410 qni-

164 2449 225 2516 bns
250 2448 371 2540 peritia
397 2458 429 2516 et
453 2469 568 2516 verum
596 2445 767 2537 ingenium
795 2454 854 2526 est,
881 2443 1113 2514 abnuentibus.
1166 2444 1223 2513 81.
1250 2445 1373 2535 Magna

163 2572 271 2662 gloria
290 2573 442 2641 tribunus
460 2571 601 2641 militum
619 2570 653 2639 in
672 2569 835 2662 Hispania
855 2571 893 2638 Τ.
911 2568 1011 2639 Didio
1029 2568 1223 2660 imperante,
1250 2591 1372 2661 magno

164 2720 224 2766 usu
246 2697 338 2766 bello
356 2696 496 2766 Marsico
523 2706 640 2787 paratu
667 2693 809 2764 militum
836 2704 868 2762 et
893 2715 1062 2763 armorum
1089 2693 1159 2762 luit.
1203 2694 1372 2784 Multaque

163 2835 232 2892 tum
260 2823 361 2892 ductu
388 2821 459 2890 eins
493 2830 605 2890 curata
637 2820 744 2911 primo
778 2842 837 2910 per
869 2819 1122 2909 ignobilitatem,
1159 2817 1280 2887 deinde
1313 2841 1371 2910 per

163 2947 323 3016 invidiam
350 2946 551 3039 scriptorum
574 2946 679 3015 celata
701 2954 788 3014 sunt.
833 2943 917 3024 Qnae
935 2944 1065 3013 eminus
1084 2943 1167 3012 facie
1185 2966 1243 3013 sua
1260 2953 1371 3013 osten-

162 3075 265 3153 tabat,
304 3072 434 3164 aliquot
458 3071 604 3142 advorsis
630 3070 840 3140 cicatricibus
874 3081 907 3139 et
931 3070 1049 3139 effosso
1074 3071 1182 3150 oculo,
1222 3093 1289 3162 quo
1314 3069 1371 3138 illo

162 3196 459 3268 dehonestamento
476 3197 624 3288 corporis
642 3218 798 3266 maxume
817 3195 1000 3274 laetabatun
1027 3217 1136 3287 neque
1156 3194 1221 3263 illis
1239 3194 1369 3273 anxius,

161 3322 242 3414 quia
268 3323 399 3413 reliqua
425 3321 601 3413 gloriosius
618 3319 792 3390 retinebat.
836 3318 894 3388 82.
921 3317 1074 3388 Traditur
1100 3319 1212 3408 lugam
1240 3318 1272 3386 in
1295 3318 1370 3387 lon-

162 3445 290 3536 ginqua
313 3445 441 3516 Oceani
467 3443 653 3535 agitavisse.
697 3443 756 3513 83.
783 3442 887 3512 Cuius
911 3441 993 3511 duas
1019 3443 1142 3512 insulas
1167 3442 1370 3535 propinquas

162 3569 250 3639 intcr
275 3593 311 3637 se
338 3579 369 3638 et
395 3568 511 3638 decem
544 3567 687 3638 stadium
721 3567 837 3659 procul
868 3590 888 3636 a
914 3566 1061 3637 Gadibus
1094 3566 1173 3634 satis
1199 3565 1370 3635 constabat

162 3784 212 3842 66.
235 3779 332 3840 Prisc.
356 3783 402 3840 16.
426 3783 453 3840 3.
477 3782 544 3841 687.
587 3781 636 3839 65.
658 3777 712 3838 Ar.
734 3795 758 3838 6.
779 3796 808 3837 v.
830 3795 902 3855 copo
924 3794 952 3854 p.
974 3779 1041 3837 218.
1082 3779 1129 3838 66.
1152 3777 1248 3837 Prisc.
1273 3781 1317 3836 15.
1340 3778 1368 3837 2.

163 3889 232 3948 616.
274 3889 322 3946 67.
344 3885 425 3947 idem
453 3889 500 3947 15.
529 3889 555 3946 2.
577 3888 645 3947 618.
691 3886 739 3944 68.
768 3884 854 3944 Serv.
881 3884 921 3943 ad
949 3885 1024 3944 Aen.
1050 3887 1076 3943 6.
1105 3887 1173 3944 283.
1221 3883 1367 3944 691166.

164 3995 205 4054 ad
227 3993 302 4055 Eun.
325 3997 352 4053 6.
375 3995 402 4053 3.
424 3997 452 4053 8.
496 3995 543 4052 70.
565 3993 642 4052 Dun.
664 3992 704 4051 66
717 3992 850 4069 Adolpb.
872 3994 899 4051 3.
922 3993 949 4051 6.
973 3995 1020 4052 11.
1054 3994 1102 4051 71.
1124 3991 1199 4051 bon.
1219 3990 1260 4050 ad
1274 3989 1367 4050 Andr.

163 4105 192 4160 2.
214 4103 242 4160 2.
265 4103 313 4160 28.
357 4103 404 4160 72.
425 4101 479 4160 Ar.
502 4117 527 4159 s.
548 4118 577 4158 v.
597 4099 726 4174 prudens
747 4101 816 4160 256.
860 4102 907 4158 73.
928 4099 1004 4160 Don.
1027 4098 1068 4158 ad
1088 4098 1210 4156 Phorm.
1232 4101 1260 4155 5.
1275 4097 1302 4155 6.
1319 4098 1367 4156 32.

165 4211 211 4267 76,
234 4209 288 4268 Ar.
311 4225 337 4269 s.
358 4227 387 4266 v.
408 4208 503 4267 abnuo
523 4222 552 4283 p.
574 4209 643 4266 216.
686 4207 733 4265 75.
761 4205 849 4265 Serv.
873 4205 913 4266 ad
934 4207 1008 4265 Aen.
1037 4207 1065 4264 9.
1095 4207 1164 4262 363.
1209 4205 1256 4263 76.
1280 4201 1366 4262 Serv.

164 4314 205 4375 ad
226 4316 301 4375 Aen.
324 4317 350 4374 8.
372 4315 400 4374 8.
436 4313 585 4374 778666.
607 4311 826 4372 66116612.
860 4314 906 4371 78.
929 4311 1025 4371 Prisc.
1046 4314 1090 4369 15.
1106 4313 1131 4369 2.
1149 4311 1216 4368 618.
1250 4307 1366 4368 7966.

163 4439 193 4499 p.
214 4423 282 4480 228.
303 4439 328 4480 s.
351 4439 379 4479 v.
400 4424 542 4498 egreglus.
574 4419 736 4479 laudantur
756 4418 824 4477 baec
848 4416 930 4476 salso
959 4434 998 4476 ex
1024 4416 1178 4494 lugurtba,
1207 4414 1265 4473 sed
1285 4413 1368 4474 band

165 4527 256 4588 dnbio
280 4544 319 4586 ex
340 4527 482 4587 historiis
504 4529 575 4586 sunt
594 4527 700 4603 petita.
732 4527 780 4584 80.
802 4523 889 4583 Serv.
911 4523 951 4582 ad
965 4522 1041 4585 Aen.
1065 4525 1112 4582 12.
1127 4520 1195 4582 696.
1225 4523 1273 4580 81.
1289 4519 1366 4580 Gall.

165 4635 193 4692 2.
215 4637 262 4693 37.
284 4634 467 4694 varietatem
489 4633 631 4694 lectionis
652 4632 725 4692 vide
746 4631 827 4707 apud
842 4629 927 4689 Lion.
950 4629 972 4688 l.
994 4646 1022 4705 p.
1038 4631 1107 4687 251.
1150 4629 1198 4687 82.
1219 4626 1306 4686 Serv.
1327 4625 1368 4685 ad

167 4739 241 4798 Aen
263 4745 290 4800 2.
313 4742 381 4800 out).
423 4743 471 4800 83.
492 4744 564 4799 citor
584 4755 642 4816 pro
663 4737 856 4798 6666666616
872 4736 1022 4797 emendat.
1038 4734 1092 4794 616.
1116 4735 1226 4794 Acron.
1242 4733 1280 4792 66
1295 4733 1366 4794 llor.

1143 4835 1204 4900 at*
