3662 5594
437 641 505 709 120

432 840 584 933 erumpit.
618 841 727 934 Atque
747 838 878 908 interim
896 839 1020 910 ldarius
1046 839 1167 929 fugatis
1192 837 1357 930 equitibus
1379 837 1522 908 accurrit
1536 837 1621 907 auri-
1762 865 1777 920 r

433 965 478 1034 lio
503 963 581 1045 suis,
616 986 699 1058 quos
724 963 805 1056 pelli
831 963 898 1032 iam
924 973 1109 1055 acceperat.
1159 962 1314 1055 Denique
1344 961 1452 1033 hostes
1478 962 1543 1030 iam
1567 983 1622 1030 un·

434 1087 534 1182 dique
561 1089 635 1158 lusi.
679 1089 763 1158 Tum
788 1088 1013 1181 spectaculum
1039 1087 1200 1158 horribile
1224 1088 1259 1156 in
1286 1087 1410 1182 campis
1429 1085 1622 1181 patentibus:

434 1213 540 1308 sequi,
567 1214 695 1305 sugere,
722 1213 839 1296 occidi,
866 1213 954 1306 capi;
987 1213 1065 1308 equi
1091 1223 1190 1306 atque
1214 1212 1278 1282 viri
1302 1212 1435 1283 afflicti:
1461 1235 1501 1282 nc
1527 1207 1624 1288 multi,
1766 1214 1781 1285 l

433 1337 626 1408 vulneribus
651 1337 804 1431 acceptis,
834 1359 943 1432 neque
967 1338 1083 1428 lugere
1108 1359 1204 1430 posse
1236 1359 1346 1430 neque
1372 1336 1520 1430 quietem
1545 1332 1623 1428 pati3

433 1461 494 1530 niti
519 1461 628 1544 modo,
665 1485 704 1532 ac
730 1461 838 1531 statim
867 1460 1057 1531 concidere:
1095 1473 1260 1552 postremo
1293 1461 1416 1544 omnia,
1453 1483 1520 1554 qua
1545 1458 1626 1528 visus

434 1595 516 1667 erat,
543 1595 705 1656 constrata
724 1585 810 1666 telis,
836 1585 947 1666 armis,
974 1583 1198 1668 cadaveribus,
1226 1594 1259 1654 ct
1278 1584 1366 1654 inter
1381 1607 1421 1654 ea
1438 1583 1559 1656 humus
1579 1584 1627 1652 in-

434 1712 519 1781 iecta
544 1711 719 1802 sanguine.

507 1858 564 1909 cn.
614 1839 730 1908 Postea
746 1837 812 1908 loci
839 1838 953 1908 consul
978 1835 1067 1908 haud
1092 1835 1193 1907 dubie
1218 1836 1284 1905 iam
1309 1836 1413 1907 victor
1429 1835 1628 1929 pervenitin

435 1960 591 2055 oppidum
624 1961 763 2042 Cirtam,
803 1983 869 2053 quo
901 1959 994 2030 initio
1030 1961 1195 2053 proiectus
1228 1959 1424 2029 intenderat.
1478 1961 1530 2030 Eo
1563 1967 1630 2052 poet

434 2084 523 2154 diem
549 2085 711 2177 quintum,
738 2106 838 2176 quam
861 2083 979 2153 iterum
1005 2083 1136 2154 barbari
1158 2083 1247 2153 male
1268 2093 1508 2175 pugnaverant,
1535 2081 1631 2174 legati

434 2231 455 2277 a
480 2205 612 2278 Boccho
637 2206 784 2288 veniunt,
822 2205 879 2300 qui
905 2206 994 2299 rogis
1019 2207 1129 2276 verbis
1161 2206 1203 2276 ab
1229 2205 1335 2277 Mario
1360 2205 1518 2299 petivere,
1553 2207 1631 2277 dnos

434 2353 534 2426 quam
560 2330 745 2401 fidissumos
776 2329 818 2399 ad
852 2351 927 2400 eum
954 2329 1112 2410 mitteret;
1151 2330 1237 2400 velle
1266 2329 1307 2399 de
1336 2351 1372 2399 se
1398 2329 1495 2400 etde
1520 2329 1632 2425 populi

434 2455 576 2526 Romani
593 2453 767 2525 commodo
793 2477 868 2524 cum
894 2453 946 2524 his
972 2454 1142 2524 disserere.
1176 2455 1237 2524 llle
1263 2455 1369 2524 statim
1393 2457 1433 2524 L.
1451 2455 1577 2526 Sullam
1602 2463 1633 2524 et

434 2581 558 2651 Aulum
581 2581 743 2652 Manlium
765 2583 814 2652 ire
838 2581 938 2652 iubet.
979 2581 1046 2665 Qui
1069 2603 1271 2674 quamquam
1287 2581 1383 2650 acciti
1396 2580 1499 2664 ibant,
1525 2591 1632 2651 umen

435 2707 558 2800 placuit
582 2709 682 2779 verba
708 2707 795 2802 apud
820 2730 935 2800 regem
961 2708 1082 2790 lacere,
1117 2707 1290 2799 ingenium
1323 2717 1379 2777 aut
1409 2728 1561 2777 avorsum
1586 2704 1632 2776 uti

435 2831 614 2914 llecterent,
641 2842 697 2902 aut
717 2832 873 2926 cupidum
895 2832 984 2926 pacis
1005 2831 1233 2902 vehementius
1251 2831 1506 2940 accenderent*
1520 2832 1633 2924 ltaque

435 2956 538 3038 Sulla,
573 2954 666 3026 euius
694 2953 856 3026 facundia
891 2977 956 3024 non
983 2954 1072 3026 etati
1098 2977 1117 3024 a
1142 2955 1268 3025 Manlio
1294 2977 1497 3038 concessum,
1530 2977 1633 3048 panca

434 3081 534 3153 verba
560 3078 786 3149 huiuscemodi
810 3080 953 3150 locutus:

511 3207 604 3276 «Rex
629 3204 771 3287 Bocche,
804 3227 927 3297 magna
951 3205 1064 3276 laetitia
1090 3206 1185 3276 nobis
1212 3217 1271 3289 cst,
1297 3229 1373 3276 cum
1399 3215 1431 3276 te
1456 3205 1558 3276 talem
1583 3205 1634 3275 vi-

434 3351 509 3398 rum
534 3327 568 3398 di
594 3351 764 3410 monuere,
796 3327 844 3397 uti
875 3329 1054 3422 aliquando
1079 3351 1195 3424 pacem
1225 3352 1327 3423 quam
1352 3329 1479 3400 bellum
1504 3329 1631 3409 malles,

434 3473 500 3520 neu
532 3461 565 3520 te
598 3462 769 3545 optumum
803 3475 879 3523 cum
910 3474 1064 3546 pessumo
1099 3453 1248 3524 omnium
1274 3452 1434 3545 iugurtha
1466 3450 1632 3524 miscendo

435 3574 714 3655 commaculares;
744 3575 843 3669 simul
868 3576 964 3646 nobis
989 3575 1138 3647 demeres
1164 3577 1318 3648 acerbam
1343 3574 1631 3657 necessitudinem,

434 3695 559 3788 pariter
575 3706 608 3766 te
627 3708 792 3768 errantem
817 3708 915 3792 atque
941 3699 1036 3769 illum
1062 3699 1360 3781 sceleratissumum
1382 3700 1548 3794 persequi.
1591 3701 1633 3770 At

435 3819 498 3890 hoc
512 3819 636 3913 populo
649 3819 799 3892 Romano
826 3821 892 3892 iam
912 3845 931 3891 a
949 3823 1114 3917 principio
1139 3824 1230 3918 inopi
1256 3825 1375 3895 melius
1401 3824 1520 3906 visum,
1548 3819 1632 3891 ami-

435 3966 490 4014 cos
514 3967 614 4037 quam
640 3966 749 4014 servos
774 3967 949 4038 quaerere:
989 3947 1089 4018 tutius
1115 3970 1187 4018 esse
1211 3948 1286 4031 rati,
1319 3948 1507 4018 volentibus
1531 3967 1633 4039 quam

434 4068 555 4139 coactis
580 4068 780 4163 imperitare.
831 4072 906 4142 Tibi
930 4096 1009 4143 vero
1041 4073 1134 4144 nulla
1160 4073 1354 4168 oportunior
1377 4085 1489 4144 nostra
1514 4070 1633 4143 amici-

433 4193 492 4266 tia:
525 4194 670 4288 primum
695 4197 772 4289 quia
797 4199 913 4292 procul
939 4199 1105 4282 absumus,
1138 4201 1172 4270 in
1195 4223 1261 4293 quo
1280 4198 1414 4269 offensae
1434 4197 1631 4277 minumum,

433 4317 541 4410 gratia
564 4341 625 4413 par
649 4341 690 4390 ac
714 4319 740 4389 si
762 4343 865 4414 propo
885 4321 1091 4403 adessemus:
1118 4323 1194 4393 dein
1220 4323 1297 4416 quic
1323 4332 1476 4414 parentes
1501 4318 1632 4390 munde

434 4441 607 4525 hahemus,
634 4443 817 4513 amicorum
842 4468 951 4538 neque
977 4445 1072 4515 nobis
1096 4467 1206 4539 usquc
1233 4445 1388 4540 cuiquem
1402 4443 1563 4518 ,omnium
1579 4465 1632 4512 sa-

433 4565 474 4635 tis
499 4565 570 4638 fuit.
620 4571 730 4663 Atque
755 4568 818 4638 hoc
843 4569 968 4640 utinam
1001 4571 1208 4665 aprincipio
1240 4571 1299 4641 tibi
1323 4570 1519 4665 placuissotl
1554 4592 1633 4663 pro·

433 4690 518 4759 lecto
556 4715 597 4762 ex
631 4694 753 4786 populo
779 4694 928 4764 Romano
962 4694 1003 4764 ad
1033 4692 1096 4764 hoc
1130 4707 1258 4788 tempus
1291 4696 1395 4765 multo
1424 4695 1520 4786 plura
1545 4687 1633 4764 bonu
