3526 5604
1260 621 1332 693 297

126 813 212 880 mum
235 812 380 886 Pisonem
405 815 583 905 Dionysius
607 813 714 885 Helie.
743 814 774 897 1,
802 814 850 888 *19
882 831 998 889 amotos
1032 841 1094 890 ease
1119 821 1166 891 eit
1199 819 1240 905 0.
1266 820 1333 891 Fo-

127 937 209 1006 bium
234 938 399 1020 Pictorem,
439 943 498 1031 cfr.
528 962 626 1031 sumu
649 963 683 1031 p.
710 937 795 1023 253,
830 938 887 1013 13.
990 945 1024 1013 7.
1059 943 1197 1037 Asylum
1233 945 1332 1016 etiarn

126 1061 281 1132 Romulus
314 1062 460 1132 imitatus
494 1073 543 1131 est
567 1113 576 1130 .
596 1112 633 1130 ..
675 1085 774 1156 quem
807 1065 919 1136 locum
947 1065 1034 1140 ,dens
1059 1067 1210 1150 Lucoris,
1248 1070 1333 1140 sicut

125 1184 198 1254 Piso
230 1186 290 1266 ait,
332 1210 452 1258 curare
492 1186 623 1256 dicitur.
677 1186 806 1257 Seruius
843 1190 887 1259 od
930 1189 1016 1280 Verp.
1060 1191 1137 1260 Ass.
1172 1189 1211 1272 2,
1247 1190 1330 1264 tol.

127 1310 161 1380 8.
188 1311 438 1384 Circumenntes
464 1313 690 1405 Capitolinum
721 1313 843 1383 collem
870 1313 1010 1384 Sabinos
1044 1338 1084 1386 ac
1108 1318 1333 1408 speculabrm·

125 1436 194 1518 dos,
219 1437 246 1506 si
271 1459 338 1529 qua
363 1436 476 1506 autri
502 1446 561 1506 aut
586 1435 663 1506 dolo
688 1459 765 1506 arce
790 1437 891 1529 potiri
916 1450 1060 1530 possent,
1087 1461 1163 1509 cum
1190 1441 1333 1534 desuper

125 1563 405 1634 animadvertisset
437 1563 580 1655 Tarpeia
613 1562 721 1654 virgo,
761 1563 920 1655 praelecti
949 1564 1035 1635 arcis
1063 1563 1143 1645 lilia,
1182 1565 1331 1636 animum

126 1687 244 1780 cupido
260 1687 406 1768 incessit,
436 1697 472 1756 ut
495 1686 619 1757 Lucius
643 1685 779 1779 quidem
804 1686 880 1756 Piso
897 1687 1066 1756 censorius
1084 1686 1207 1770 scribit,
1234 1711 1333 1782 prae-

125 1814 215 1884 claro
238 1814 353 1906 aliquo
378 1813 526 1883 facinore
558 1823 745 1906 perpetrato
777 1813 886 1883 hostes
921 1814 989 1884 suis
1020 1814 1151 1885 tradere
1176 1813 1331 1884 inermes.

125 1941 250 2010 Emissa
277 1939 379 2031 igitur
404 1961 465 2030 per
489 1938 679 2030 ignoratum
701 1937 819 2008 ceteris
842 1940 1039 2031 posticulum
1058 1940 1181 2008 ancilla
1200 1939 1332 2011 Tatium

126 2066 322 2136 Sabinorum
350 2086 465 2157 regem
495 2065 666 2134 arcessivit
694 2065 818 2157 aitque,
851 2077 977 2158 patrem
1005 2065 1169 2159 Capitolio
1200 2064 1331 2155 digres-

125 2211 205 2270 sum,
230 2199 400 2282 portarurn
426 2189 537 2260 claves
562 2211 598 2258 se
624 2211 794 2259 asservare
817 2200 1034 2282 paratamque
1060 2211 1132 2258 esse
1159 2211 1271 2258 arcem
1298 2189 1331 2258 ei

126 2314 263 2392 tradere,
288 2311 318 2380 si
336 2333 396 2405 pro
415 2311 571 2382 mercede
589 2312 781 2403 accepisset,
807 2312 895 2403 quod
922 2311 1032 2382 cuncti
1051 2311 1165 2382 Sabini
1191 2311 1332 2381 sinistris

125 2434 273 2506 manibus
298 2444 466 2526 gererent.
518 2435 566 2503 lle
592 2434 730 2526 probata
757 2446 789 2503 et
814 2446 963 2528 tempore
995 2459 1034 2505 ac
1065 2435 1137 2507 loco
1167 2436 1331 2527 proditio·

125 2561 174 2628 nis
199 2559 374 2630 constituto
398 2560 657 2630 discedunt...
699 2561 763 2631 Sed
790 2573 955 2632 nocturno
981 2573 1129 2653 tempore
1156 2555 1215 2649 (sic
1241 2562 1331 2631 enim

126 2685 196 2754 Piso
229 2685 401 2756 censorius
431 2679 540 2774 tradit)
579 2684 721 2778 Tarpeia
758 2687 909 2756 nuntium
950 2687 992 2756 ad
1022 2686 1201 2756 Romulum
1234 2686 1333 2756 mittit

127 2811 285 2903 docetque
307 2811 388 2903 quid
414 2834 490 2880 cum
509 2811 639 2882 Sabinis
665 2823 760 2903 pactu
787 2823 884 2893 esset,
911 2811 968 2880 sed
995 2834 1055 2904 pro
1081 2834 1121 2881 eo
1143 2812 1232 2904 quod
1249 2834 1333 2882 cou-

126 2937 206 3008 sulto
239 2937 399 3029 ambigue
433 2938 616 3030 pepigisset
648 2950 761 3030 aperte
796 2938 972 3029 petituram
1010 2960 1045 3006 se
1077 2947 1188 3019 scuta;
1227 2959 1331 3030 quare

125 3061 267 3132 mitteret
291 3061 428 3131 idoneos
454 3061 593 3142 milites,
627 3061 684 3156 qui
717 3060 809 3130 facili
840 3062 975 3151 negotio
1006 3059 1117 3130 hostes
1142 3059 1331 3153 oppressuri
1473 3122 1484 3136 ,

126 3196 230 3255 essent
255 3185 357 3255 armis
383 3195 510 3255 exutos.
551 3187 677 3255 Verum
713 3186 740 3254 is
771 3185 908 3256 nuntius
934 3185 967 3253 in
994 3196 1102 3254 castra
1128 3184 1331 3255 Sabinorum

105 3312 299 3404 transfugit
316 3311 456 3404 regique
474 3311 515 3380 de
531 3311 677 3380 consiliis
695 3310 856 3402 Tarpeiae
875 3309 992 3381 detulit
1011 3363 1019 3379 .
1040 3363 1048 3380 .
1069 3363 1077 3379 .
1104 3311 1219 3402 ltaque
1236 3311 1333 3401 virgo

126 3437 316 3508 aecedentes
334 3435 474 3506 Sabinos
492 3437 576 3505 ostio
601 3436 731 3505 recluso
748 3434 934 3505 innomittit
951 3433 1118 3527 simulque
1135 3455 1212 3503 suos
1229 3455 1331 3525 quam

126 3560 311 3640 celerrime,
338 3571 375 3630 nt
399 3561 434 3628 in
452 3560 643 3652 reperdita,
670 3560 787 3651 lugere
804 3559 920 3628 iubet.
941 3611 948 3627 .
969 3611 977 3627 .
1006 3557 1121 3629 Sabini
1140 3580 1216 3627 cum
1241 3579 1332 3626 mer-

126 3684 236 3754 cedem
264 3682 459 3775 proditionis
485 3683 593 3754 daturi
613 3693 722 3752 essent
738 3705 858 3753 aureas
877 3681 1036 3762 armillas,
1063 3680 1239 3773 Tarpeiam
1256 3679 1332 3750 Piso

125 3807 260 3879 sitnon
286 3819 480 3876 ornamenta
512 3807 570 3877 sed
600 3818 692 3877 scuta
726 3807 926 3899 poposcisse.
972 3808 1058 3875 Tum
1084 3804 1216 3875 Tatium
1241 3803 1333 3874 indi-

125 3934 279 4022 gnatione
306 3933 379 4003 talis
404 3933 473 4002 doli
498 3942 719 4014 commotum,
753 3933 854 4003 simul
887 3955 929 4002 ne
954 3907 1330 4024 religionem'violaret,

127 4057 297 4130 tradidisse
323 4057 459 4150 quidem
490 4058 622 4150 puellae
648 4081 758 4140 arma,
793 4057 851 4127 sed
888 4059 931 4126 ita
963 4069 999 4126 ut
1023 4056 1166 4148 acceptis
1190 4055 1240 4124 uti
1265 4077 1330 4124 non

126 4197 245 4276 posset:
272 4185 395 4278 quippe
421 4207 550 4254 summa
576 4185 695 4255 virium
722 4185 932 4254 contentione
957 4195 1085 4254 scutum
1112 4182 1145 4251 in
1165 4179 1331 4270 virginem

126 4308 302 4400 proiecisse
328 4330 472 4401 suosque
498 4307 587 4377 idem
614 4307 723 4378 facere
757 4308 901 4378 iussisse.
950 4309 998 4378 lta
1024 4305 1207 4399 impetitam
1233 4302 1332 4372 undi-

127 4451 188 4520 que
212 4441 245 4501 et
265 4453 458 4523 oppressam
476 4431 508 4500 vi
525 4441 559 4499 et
575 4429 789 4501 multitudine
807 4415 974 4502 scutorum
992 4429 1197 4500 occubuisse.
1233 4428 1332 4496 Hanc

127 4554 249 4630 Pisonis
267 4557 492 4628 narrationem
510 4570 548 4628 nt
563 4558 727 4628 veriorem
746 4549 859 4651 [quam
877 4557 973 4628 Fabii
987 4569 1020 4626 et
1036 4550 1157 4646 Cincii]
1176 4553 1330 4634 babeam,

128 4692 231 4750 movet
271 4682 303 4751 id
341 4681 430 4774 quod
462 4704 577 4751 necem
611 4682 680 4752 eius
714 4695 864 4752 secutum
895 4694 952 4750 est.
1004 4682 1088 4750 Num
1122 4690 1154 4748 et
1187 4677 1329 4770 sepulcri
