3576 5602
1284 639 1350 708 dOl

139 833 242 928 bello
258 835 489 926 Magnensium
516 856 592 904 cum
618 833 737 926 gandi
765 857 864 905 manu
889 835 929 905 ad
952 858 1065 928 regem
1087 837 1248 908 Divitium
1275 831 1358 926 (cti-

147 953 276 1048 nicnm)
311 959 352 1029 ad
379 958 549 1051 lllyricum
581 959 682 1026 venit.
732 959 851 1032 Abeo
884 959 962 1028 item
993 971 1128 1053 accepta
1153 983 1255 1032 manu
1281 985 1357 1031 cum

148 1083 374 1154 Locrensibus
407 1082 574 1175 plerisque
606 1081 756 1173 profugis
785 1081 820 1150 in
855 1083 940 1150 mari
974 1082 1168 1154 coniunctus
1193 1085 1359 1156 amicitia-

149 1231 216 1301 que
244 1230 305 1300 per
330 1206 473 1276 similem
500 1226 632 1274 causam
656 1204 809 1286 sociatus,
836 1207 959 1274 Locros
977 1207 1114 1299 appulit.
1157 1208 1304 1278 Vacuata
1320 1231 1359 1278 eo

148 1341 244 1402 metu
270 1331 353 1402 urbe
376 1328 498 1398 ibidem
521 1327 670 1396 consedit
686 1339 719 1397 et
740 1328 869 1419 aliquot
884 1329 1005 1422 oppida
1031 1330 1187 1412 condidit,
1214 1333 1248 1402 in
1265 1333 1360 1426 queis

150 1457 232 1527 Uria
259 1467 291 1526 et
308 1455 460 1526 Castrum
481 1455 652 1525 blinervae
678 1453 932 1524 nobilissimum.
974 1457 1012 1525 ln
1040 1457 1097 1526 tris
1121 1467 1231 1550 partes
1256 1459 1361 1529 divisa

150 1581 263 1674 copia,
304 1580 337 1650 in
373 1579 513 1672 populos
547 1578 738 1658 duodecim,
774 1579 937 1649 Salentini
969 1580 1065 1661 dieti,
1101 1582 1191 1674 quod
1224 1583 1257 1652 in
1290 1583 1361 1653 salo

149 1704 334 1776 amicitiam
363 1706 511 1776 iecerint.
567 1705 687 1774 Probus
709 1706 752 1773 ad
787 1705 871 1795 Verp.
898 1706 966 1774 Ecl.
993 1705 1027 1788 6,
1054 1705 1113 1778 31.
1160 1710 1359 1777 Varro

151 1827 387 1898 Humanarum
411 1831 457 1900 xl
483 1828 545 1898 sic:
576 1829 671 1898 quta
697 1826 865 1918 Rhegium
891 1828 985 1898 duvii
1010 1840 1086 1898 sunt
1112 1831 1259 1902 continui
1284 1855 1361 1924 sep-

152 1960 235 2032 tem,
271 1951 474 2046 Latapadon,
508 1951 667 2032 Micodes,
704 1951 862 2042 Eugiton,
898 1953 1071 2034 Stracteos,
1104 1955 1207 2038 Polie,
1239 1957 1360 2038 blnlee,

150 2077 338 2168 Argendes.
386 2078 424 2146 ln
450 2075 501 2144 his
526 2075 640 2146 matris
665 2096 749 2144 nece
778 2087 936 2168 purgatus
970 2076 1091 2146 dicitur
1116 2080 1260 2160 Orestes,
1297 2081 1361 2151 ibi-

150 2223 218 2293 qne
250 2200 397 2272 ahenum
433 2203 503 2272 eins
538 2201 594 2271 din
627 2201 727 2272 luisse
766 2223 896 2282 ensem,
941 2213 972 2272 et
1003 2204 1045 2273 ab
1080 2227 1119 2274 eo
1153 2207 1360 2278 aedificatum

150 2325 319 2418 Apollinis
345 2326 523 2419 templum:
551 2325 686 2396 ecuius
712 2325 788 2395 lucu
807 2324 989 2417 Rheginos,
1016 2351 1091 2398 eum
1110 2330 1257 2423 Delphos
1283 2355 1361 2425 pro-

150 2448 394 2532 ficiscerentur,
421 2475 457 2520 re
483 2451 595 2520 divina
621 2450 706 2519 lacta
728 2450 876 2520 lauream
903 2450 1081 2546 decerpere
1107 2455 1231 2536 solitos,
1258 2479 1360 2548 quam

151 2573 279 2642 lerrent
302 2595 426 2643 secum.
471 2575 592 2643 Probus
620 2595 759 2665 prooem.
793 2575 836 2644 ud
867 2573 953 2666 Verp.
979 2575 1047 2644 net.
1156 2577 1211 2646 13.
1246 2580 1361 2649 Euan-

151 2698 307 2768 der...
334 2696 502 2770 modicum
527 2695 687 2789 oppidum
714 2695 861 2767 fundavit
886 2695 920 2764 in
952 2711 1062 2768 monte
1088 2699 1249 2783 Palatino,
1277 2702 1361 2772 sieut

151 2825 199 2896 ait
224 2826 350 2894 Varro:
391 2825 510 2894 Nonne
544 2822 690 2893 Arcades
728 2823 843 2892 exules
877 2823 1098 2915 confugerunt
1131 2825 1164 2894 in
1198 2825 1360 2896 Palatium

152 2949 237 3020 duce
254 2951 435 3021 Euandro?
472 2950 601 3019 Seuius
626 2951 669 3020 ud
699 2949 788 3040 Vero.
816 2951 893 3018 Aen.
918 2949 953 3030 8,
982 2949 1040 3021 51.
1080 2951 1232 3022 Ostendit
1251 2954 1359 3022 Varro

152 3073 187 3142 in
214 3075 372 3156 secundo,
399 3075 439 3146 de
462 3075 654 3167 antiquitate
675 3073 858 3143 litterarum
882 3074 1015 3156 docens,
1043 3075 1157 3167 lingua
1174 3075 1361 3147 Chaldaeo-

150 3221 227 3268 rum
264 3197 471 3289 singularum
505 3198 640 3266 nomina
679 3198 864 3267 litterarum
902 3197 943 3266 ad
981 3221 1097 3268 earnm
1132 3199 1253 3268 lormas
1288 3223 1360 3269 esse

152 3322 254 3402 lacu,
289 3332 321 3390 et
348 3345 389 3391 ex
415 3321 479 3390 hoc
505 3333 632 3391 certum
659 3321 731 3391 fieri
757 3343 814 3390 eos
840 3343 911 3390 esse
946 3324 1069 3414 primos
1095 3336 1245 3393 auctores
1270 3324 1360 3394 litte·

152 3469 280 3518 rarum.
324 3447 509 3515 Pmseianur
529 3446 561 3526 1,
589 3444 623 3527 3,
652 3445 685 3514 7.
728 3445 870 3516 Litteras
895 3447 975 3516 olim
1001 3449 1076 3516 XVl
1102 3446 1213 3528 luisse,
1247 3461 1360 3541 postea

151 3572 281 3642 additas
307 3572 389 3640 alias
417 3581 449 3639 et
475 3570 575 3639 lactas
600 3572 718 3640 XXlll.
761 3570 933 3640 Habemus
958 3571 1021 3641 boc
1048 3572 1081 3640 in
1109 3572 1201 3642 libris
1229 3573 1270 3642 ad
1297 3576 1359 3644 At·-

153 3696 236 3766 tium
269 3690 428 3786 (Actium)
458 3695 545 3787 apud
573 3697 766 3776 Varronem,
801 3707 834 3764 et
858 3718 917 3765 cur
947 3705 993 3764 tot
1024 3695 1089 3765 sint
1123 3707 1156 3766 et
1188 3722 1291 3789 quare
1317 3723 1358 3769 eo

152 3823 272 3894 ordine
298 3824 425 3916 positae
451 3833 484 3890 et
508 3845 612 3913 quare
639 3821 744 3891 isdem
771 3820 960 3890 numinibus
977 3832 1147 3892 vocentur.
1193 3825 1358 3916 Pompeius

152 3974 263 4020 cunm.
289 3950 413 4018 Donati
425 3973 460 4042 p.
487 3946 521 4018 9.
540 3947 587 4018 27
609 3951 656 4016 ed.
671 3951 767 4017 Lind.
786 3953 843 4040 cfr.
858 3951 958 4018 Lour.
973 3951 1079 4039 Lydos
1096 3951 1133 4018 de
1151 3971 1246 4018 mens.
1268 3949 1299 4030 1,
1321 3946 1356 4018 9.

153 4075 291 4144 Veteres
319 4075 484 4143 Romanos
516 4083 640 4142 constat
671 4072 820 4163 linguam
848 4074 1026 4154 Graecam,
1066 4073 1238 4142 Aeolicam
1269 4072 1355 4153 dico,

153 4221 221 4268 non
251 4199 431 4291 ignorasse,
459 4199 492 4268 id
518 4199 607 4291 quod
634 4210 666 4268 et
691 4199 772 4269 Catu
798 4200 842 4268 ait
870 4199 902 4268 in
929 4199 1124 4291 Originibus
1143 4200 1299 4268 Romanis
1325 4210 1358 4268 et

153 4323 362 4394 doctissimus
389 4325 494 4394 Varro
521 4323 555 4391 in
583 4323 760 4416 prooemiis
791 4322 949 4392 librorum
983 4345 1065 4413 quos
1096 4322 1137 4392 ad
1164 4325 1356 4416 Pompeium

153 4447 303 4542 scripsit,
342 4445 465 4539 quippe
499 4468 575 4514 cum
600 4445 757 4515 Euander
792 4446 959 4535 ceterique
984 4444 1130 4518 Arcades
1164 4445 1197 4514 in
1227 4445 1355 4515 ltaliam

154 4571 350 4663 transgressi
381 4571 551 4640 Aeolicam
587 4571 734 4662 linguam
769 4571 801 4640 in
832 4569 990 4639 barbaras
1023 4581 1138 4660 gentes
1171 4570 1354 4640 intulerint.

155 4699 252 4766 Lour.
274 4698 382 4787 Lydos
407 4699 445 4766 de
469 4698 611 4787 magistr.
641 4697 672 4778 1,
697 4695 732 4767 5.
776 4696 982 4767 Vocabulum
1009 4749 1072 4765 ...
1099 4696 1240 4768 mulctae
1267 4696 1353 4766 idem

1135 4821 1174 4880 Ob
