3702 5600
1382 580 1454 650 535

252 781 350 835 crtum
380 791 452 835 esse
480 776 644 853 putaverit.
684 775 746 835 Sed
779 777 898 853 cogites
928 793 1041 853 queso,
1073 780 1120 854 itp.
1147 777 1287 855 primitus
1309 779 1455 857 scriptum

251 879 356 940 fuisse.
379 881 438 939 iarn
459 881 553 940 multo
575 881 696 941 facilius
712 881 877 957 intelliges,
900 883 1051 957 quomodo
1066 882 1125 942 boo
1144 883 1288 942 excidere
1309 885 1453 961 potuerit.

250 1003 319 1044 uam
349 1001 388 1044 ex
416 985 605 1062 compendiis
632 987 791 1063 scripturae
816 988 845 1046 in
871 988 907 1047 ib.
928 994 986 1063 ppt.
1014 987 1113 1065 potuit
1139 989 1298 1047 obscurari
1322 992 1351 1065 it,
1379 995 1410 1048 et
1436 1008 1454 1067 p

251 1108 318 1152 eum
339 1099 524 1170 sequentep
546 1093 670 1154 coaluit.
710 1093 810 1162 Quare
839 1095 868 1154 si
894 1095 1022 1172 ellipsis,
1056 1112 1144 1170 quam
1166 1095 1239 1155 olim
1259 1096 1360 1170 statui,
1392 1095 1451 1155 ad-

250 1199 329 1259 mitti
348 1216 409 1259 non
429 1205 541 1277 potest,
566 1201 620 1259 vix
641 1200 854 1277 dubitaverim,
876 1202 947 1276 quin
968 1200 1120 1260 Salustius
1141 1204 1172 1259 iu
1191 1201 1312 1260 biderua
1332 1205 1362 1277 it,
1388 1219 1452 1280 quae

246 1311 366 1382 propter
386 1306 555 1382 scripserit.
577 1309 606 1365 iu
628 1305 761 1365 biderua:
779 1311 907 1381 propter,
933 1306 1013 1382 quod
1036 1306 1153 1366 Orellio
1173 1306 1298 1383 placuit,
1319 1306 1452 1366 durissi-

250 1430 330 1474 mum
350 1417 383 1474 et
411 1414 642 1475 intolerandum.
678 1415 800 1474 audura
824 1420 853 1473 et
877 1418 1031 1490 inerepare
1056 1414 1128 1476 Bae.
1154 1415 1223 1474 Par.
1254 1417 1367 1475 baxa.
1392 1429 1450 1489 op-

249 1519 336 1596 time;
357 1521 463 1580 etsiue
485 1520 547 1579 ulla
568 1521 721 1596 probabili
741 1537 835 1580 causa
856 1521 894 1580 ab
917 1521 1037 1582 editore
1062 1538 1159 1598 nuper
1179 1521 1318 1580 eiectum.
1344 1522 1452 1597 equites
1573 1535 1575 1541 ·

250 1631 278 1684 et
290 1627 467 1686 auxiliarios
482 1627 552 1686 Bas.
568 1627 636 1686 Par.
659 1645 683 1687 c.
704 1645 747 1706 ep.
762 1629 945 1688 peculiarior
964 1628 1033 1688 Par.
1048 1647 1074 1687 z.
1096 1628 1153 1688 sed
1174 1628 1233 1688 iam
1253 1644 1346 1704 supra
1363 1644 1387 1686 c.
1401 1626 1451 1686 to.

245 1727 427 1791 'minuce
447 1735 555 1809 aquitae
576 1733 716 1809 vidimus,
746 1734 789 1792 ita
817 1735 850 1792 nt
876 1732 951 1792 illud
971 1739 1000 1792 et
1024 1733 1187 1793 delendum
1208 1749 1279 1792 esse
1300 1732 1451 1792 videatur.

246 1855 302 1913 pro
322 1838 481 1916 diffidentia
501 1840 571 1900 Res.
592 1841 661 1900 Par.
684 1859 705 1899 x
726 1857 784 1916 pro
813 1843 977 1919 pessimum
1003 1843 1158 1918 glossema
1184 1843 1242 1902 est.
1264 1841 1359 1918 futuri
1379 1841 1450 1902 Bas.

249 1953 281 2010 et
302 1949 408 2027 optimi
429 1955 461 2009 et
480 1949 603 2026 plurimi
623 1951 704 2010 libri.
724 1951 891 2028 suturarum
916 1953 973 2030 spl.
993 1953 1087 2029 saturi
1107 1953 1176 2011 Par.
1198 1971 1224 2011 z.
1244 1951 1376 2028 futurum
1396 1964 1450 2007 re·

249 2059 403 2118 cautiores
435 2059 631 2135 interpretes.
667 2060 723 2118 scd
752 2060 831 2119 recti
854 2060 957 2137 samri,
989 2078 1056 2136 que
1087 2061 1237 2137 scriptura
1266 2056 1452 2117 insolentior

249 2163 373 2240 quidem
394 2164 450 2223 sed
470 2164 562 2240 plane
584 2181 623 2223 eru
644 2163 750 2225 (iraeca
771 2183 920 2242 expressa
945 2168 994 2225 est
1013 2163 1075 2228 τοῦ
1101 2156 1237 2226 ἔσεσθαι
1260 2149 1302 2224 τοὶ
1324 2180 1450 2244 παραγ-

247 2265 402 2351 γελθένια
423 2271 478 2331 cir.
502 2271 572 2330 Gell
591 2271 627 2344 bl.
645 2271 683 2331 A.
704 2291 723 2332 1.
745 2275 772 2332 7.
795 2276 827 2332 et
849 2273 999 2333 Vecbner.
1020 2271 1212 2332 llellenolex.
1234 2287 1263 2347 p.
1280 2271 1339 2328 387
1360 2271 1450 2342 reip.

246 2373 319 2436 Bas.
351 2378 383 2436 et
410 2377 533 2454 plurimi
554 2378 639 2455 libri3
671 2381 768 2438 amaia
788 2379 971 2455 reipublicae
994 2379 1185 2452 deteriores3
1208 2377 1265 2436 sed
1285 2375 1368 2435 nulla
1389 2373 1452 2432 alia

246 2482 317 2542 vitii
338 2485 434 2560 origo,
463 2501 559 2559 quarn.
579 2485 661 2560 quod
686 2487 767 2544 uota
787 2502 813 2543 r.
835 2503 865 2560 p.
886 2502 905 2545 a
928 2485 1066 2544 librariis
1087 2485 1167 2544 male
1189 2483 1351 2560 explicate
1372 2484 1451 2544 santi

246 2606 305 2667 pro
326 2607 384 2649 rea.
402 2608 430 2665 p.
454 2591 652 2667 seripserunt.
673 2595 719 2649 rei
734 2610 764 2667 p.

329 2714 355 2757 c.
379 2699 445 2756 1⁰1.
477 2699 638 2774 scripturae
660 2698 727 2758 cod.
744 2699 814 2758 Bao.
835 2699 936 2758 ibidem
958 2702 1158 2774 opperitur-
1174 2699 1239 2754 item
1259 2694 1449 2772 iupurtboe-

246 2821 328 2881 apua
341 2803 416 2862 aliae
429 2805 466 2864 ad
480 2810 562 2881 torpe
578 2837 610 2846 -
625 2821 761 2864 maaume
772 2835 807 2845 -
823 2805 1028 2880 praeliarentur
1043 2837 1078 2848 -
1093 2807 1191 2863 nundi
1202 2803 1295 2862 --bie
1308 2818 1381 2880 paea
1394 2801 1450 2860 ad·

246 2927 364 2972 ameum
384 2915 459 2970 ierat
477 2945 513 2954 -
532 2915 632 2986 erupit.
660 2927 717 2988 pro
739 2915 812 2988 item,
842 2913 923 2987 quod
945 2913 1037 2971 etiam
1062 2912 1093 2970 in
1114 2911 1183 2970 Tur.
1205 2914 1262 2985 est,
1295 2927 1362 2970 oum
1383 2926 1450 2969 me·

247 3017 378 3077 liorlbus
399 3021 439 3077 ita
460 3019 663 3078 scribendum.
685 3020 778 3078 etiam
795 3019 961 3096 lupurtdam
977 3018 1051 3077 libri
1071 3018 1215 3077 meliores
1237 3023 1368 3092 tuentur,
1391 3015 1450 3076 etsi

245 3125 389 3202 [macari
418 3124 498 3201 apud
533 3126 653 3202 priscos
684 3125 811 3203 passiva
839 3124 1062 3201 significatione
1100 3125 1176 3184 satis
1208 3125 1352 3184 usitatum
1383 3123 1449 3183 luit.

247 3231 310 3292 Sed
332 3232 384 3307 qui
406 3231 479 3291 olim
500 3249 539 3290 ex
561 3232 631 3309 ipso
652 3231 787 3292 Salustio
808 3232 897 3292 locus
917 3232 1108 3308 laudabatur,
1130 3249 1169 3291 ex
1186 3232 1326 3291 oratione
1339 3230 1450 3290 Licinii

246 3340 350 3414 Macri,
374 3342 400 3400 ia
422 3358 500 3400 nunc
523 3341 615 3401 aliter
636 3342 759 3418 legitur.
781 3357 862 3418 aepue
886 3341 999 3419 aliquae
1026 3358 1066 3401 ex
1086 3341 1236 3400 Parisinis
1258 3345 1289 3400 et
1309 3341 1450 3400 omnibus

246 3447 424 3507 melioribus
446 3447 668 3508 restituendum
690 3451 745 3507 est.
774 3447 896 3522 dequo
918 3448 988 3507 loeo
1010 3447 1125 3507 editor:
1153 3448 1344 3523 „rectissime
1364 3446 1449 3506 Han·
1504 3509 1507 3519 ,

246 3553 316 3613 dius
337 3554 422 3614 Ture.
444 3573 463 3612 1.
486 3572 514 3631 p.
539 3555 607 3613 193.
627 3554 737 3614 reiecit
758 3553 891 3613 mirabili
912 3554 1040 3613 audacia
1061 3551 1208 3614 confictas
1228 3555 1358 3614 aliorum
1380 3555 1449 3632 opi-

245 3661 354 3721 niones
384 3666 416 3721 et
441 3679 521 3738 eque
546 3661 651 3721 docuit
681 3678 751 3721 esse
777 3661 806 3719 iu
829 3676 1019 3736 quocumque
1039 3661 1172 3721 bostium
1194 3655 1342 3721 incessu.“
1387 3660 1450 3720 Sed

245 3768 342 3827 minus
371 3773 455 3828 reato
482 3767 558 3828 illud
587 3768 717 3844 monuit,
754 3766 912 3827 cohaerere
938 3768 1036 3828 verba
1063 3785 1105 3826 ea·
1125 3768 1253 3827 omuibus
1273 3785 1362 3845 aque,
1384 3784 1450 3827 cunr

246 3877 385 3951 apertum
406 3875 448 3933 sit
469 3891 549 3952 aque
570 3875 608 3933 ad
629 3873 710 3934 huuc
732 3889 851 3934 omnem
873 3875 1038 3933 verborum
1060 3875 1251 3951 complexum
1279 3875 1393 3951 aliquae
1413 3875 1450 3934 ad

246 3985 329 4056 torpe
350 3980 478 4038 boetius
497 3986 644 4056 aeumroa,
672 3984 815 4057 spectare
837 3985 928 4055 atque
949 3979 1009 4038 hoc
1030 3980 1104 4038 dici:
1143 3997 1200 4054 „ex
1220 3980 1360 4040 omnibus
1382 3981 1449 4040 sive

245 4086 306 4146 boo
326 4086 395 4147 sive
415 4087 582 4148 illo‘modo
603 4087 745 4148 instructi
766 4089 872 4148 essent
895 4087 1014 4164 hostes,
1046 4091 1131 4146 certe
1156 4086 1277 4162 aliquos
1299 4088 1337 4146 ab
1359 4089 1448 4164 tergo

245 4192 284 4252 iis
307 4187 480 4253 venturos.“
517 4192 579 4252 Sed
600 4194 695 4252 totius
716 4193 776 4254 loci
797 4194 877 4253 ratio
898 4193 965 4252 haec
986 4195 1051 4252 est:
1088 4193 1243 4270 lugurtba,
1270 4194 1449 4270 quicumque

246 4299 324 4360 ordo
354 4299 490 4359 bostium
516 4299 646 4375 agminis
672 4303 739 4359 erat
765 4299 896 4376 futurus,
927 4301 1030 4359 minen
1056 4317 1123 4359 eam
1149 4317 1271 4360 suarum
1291 4301 1449 4377 copiarum

245 4406 493 4467 distributionem
525 4423 596 4467 esse
627 4407 791 4480 statuebat,
825 4411 858 4466 ut
886 4423 945 4466 uno
972 4407 1113 4468 alterove
1137 4407 1227 4468 modo
1259 4407 1402 4467 hostibus
1431 4423 1448 4466 a

244 4517 334 4592 tergo
355 4514 504 4589 venirent,
525 4531 631 4592 parum
651 4515 731 4574 enim
759 4513 943 4573 discriminis
964 4513 1068 4574 lacere
1092 4514 1224 4575 bostium
1244 4514 1372 4591 agminis
1394 4529 1448 4572 or-

244 4620 354 4682 dinem.
376 4621 393 4680 i.
409 4638 436 4681 e.
451 4638 540 4698 apua.
583 4619 645 4680 lam
666 4625 809 4696 quantum
830 4619 942 4680 llandii
963 4621 1129 4698 explicatio
1151 4625 1182 4682 et
1202 4639 1221 4681 a
1241 4621 1376 4699 priorum
1399 4619 1448 4680 iu·
