3526 5604
1287 578 1359 646 283

157 777 383 858 Macedoniae,
417 777 595 858 suonam,
630 777 803 854 Samnites,
843 779 995 846 Lucanos
1029 776 1114 846 inter
1148 799 1183 844 se
1216 776 1361 846 naboari

155 910 254 991 alque
280 899 436 968 factiones
456 921 539 969 esse.
582 900 684 969 Festus
709 897 1121 970 unisonantiam.
1224 899 1284 969 95.
1311 901 1358 972 Μ.

157 1023 237 1092 Cato
264 1025 300 1092 in
316 1023 430 1114 quinta
446 1023 602 1114 Origine:
629 1023 825 1104 exercitum,
851 1023 969 1116 inquit,
995 1046 1091 1094 suum
1116 1045 1275 1117 pransum
1299 1045 1361 1116 pa-

153 1157 261 1216 ratum
297 1147 501 1216 cobortatdm
533 1146 647 1218 eduxit
678 1147 766 1216 foras
799 1157 899 1239 atque
938 1147 1102 1218 instruxit.
1153 1149 1273 1218 Gellius
1302 1145 1359 1230 15,

159 1268 214 1350 13,
229 1269 275 1342 .5.
376 1271 435 1340 96.
460 1272 505 1342 lli.
532 1270 613 1340 Cato
638 1269 673 1338 in
698 1269 815 1361 quinto
856 1269 979 1363 [primo
1002 1273 1075 1357 olii]
1091 1353 1094 1360 ,
1109 1273 1288 1364 Originum
1314 1272 1360 1342 ita

154 1395 299 1485 scripsit:
335 1394 491 1487 postridie
520 1394 625 1486 signis
658 1393 786 1463 oollatis
817 1415 925 1487 aequo
957 1396 1065 1466 fronte
1089 1397 1236 1489 peditatu
1262 1396 1360 1488 equi·

155 1514 239 1585 tibus
264 1526 364 1610 atque
389 1517 450 1588 alis
476 1541 552 1588 cum
578 1516 720 1586 bostium
747 1515 933 1608 legionibus
960 1518 1180 1610 pugnavimus
1212 1515 1359 1613 [pugna-

153 1640 199 1709 vit
231 1639 321 1726 aliq.
367 1641 468 1710 Recto
504 1662 637 1732 quoque
675 1641 782 1709 frome
817 1638 905 1708 idern
936 1639 1017 1710 Cato
1055 1641 1172 1712 eodem
1205 1643 1254 1712 in.
1271 1641 1358 1712 libro

152 1763 243 1832 dicit.
283 1763 403 1833 Gellius
426 1761 483 1843 15,
509 1761 544 1845 9,
570 1762 605 1834 5.
705 1762 765 1832 97.
799 1761 880 1834 Cato
905 1763 1026 1846 docuit,
1061 1775 1173 1835 orator
1209 1764 1299 1836 idem
1324 1773 1357 1834 et

152 1889 332 1981 imperator
355 1911 513 1959 summus.
556 1891 630 1982 lpsa
662 1888 789 1959 subieci
820 1889 952 1960 Catonis
983 1891 1085 1960 verba
1104 1944 1113 1960 .
1133 1943 1141 1958 .
1161 1916 1193 1960 ,ε
1229 1890 1357 1960 interea

151 2035 422 2107 unamquamque
457 2025 614 2095 mrmam,
659 2013 881 2105 manipulum,
929 2014 1099 2086 cohortem
1142 2015 1355 2109 temptabam,

151 2140 230 2231 qnid
256 2143 367 2212 iacere
392 2153 542 2234 possent;
582 2140 718 2233 proeliis
744 2140 871 2210 levibus
897 2143 1096 2234 spectabam,
1137 2141 1231 2212 cuius
1262 2139 1355 2210 modi

151 2266 292 2358 quisque
317 2279 417 2349 esset;
452 2266 578 2359 siquis
604 2277 736 2336 suenue
771 2265 905 2345 lecerat,
940 2265 1104 2335 donabam
1131 2265 1278 2345 honeste,
1319 2274 1355 2334 ut

151 2389 208 2458 alii
233 2389 322 2460 idem
346 2391 471 2460 vellent
494 2390 615 2470 lacere,
642 2401 741 2482 atque
768 2389 802 2459 in
829 2389 982 2459 contione
1008 2390 1116 2460 verbis
1142 2389 1254 2461 multis
1279 2389 1354 2458 lau-

148 2511 277 2583 dabam.
315 2515 450 2585 lnterim
468 2514 596 2607 aliquot
620 2536 725 2606 pauca
750 2527 855 2583 eastra
874 2514 948 2583 leci.
991 2515 1055 2584 Sed
1083 2515 1140 2586 ubi
1167 2513 1247 2584 anui
1266 2523 1354 2582 tem·

151 2626 209 2728 pos
233 2637 335 2716 venit,
360 2649 466 2708 castra
491 2637 715 2707 hiberna...
760 2638 877 2707 Fronto
902 2639 946 2708 od
976 2639 1085 2708 Verum
1106 2663 1141 2732 p.
1166 2633 1237 2710 184
1260 2637 1352 2708 Rom.

150 2761 207 2832 08.
234 2762 386 2832 Valerius
414 2761 532 2832 Antias
566 2783 668 2853 supra
701 2760 920 2853 quadraginta
951 2760 1044 2830 milia
1077 2760 1221 2831 bostium
1256 2783 1352 2832 caesa

149 2907 188 2954 eo
212 2885 267 2954 die
291 2883 417 2954 scribit.
460 2883 543 2952 Cato
561 2883 642 2975 ipse,
669 2882 758 2952 baud
783 2904 863 2952 sane
889 2882 1087 2954 detractator
1112 2883 1248 2955 laudum
1274 2905 1353 2954 sua-

148 3032 232 3090 rum,
269 3009 389 3080 multos
414 3031 527 3078 caesos
552 3008 608 3088 ait,
643 3029 819 3078 numerum
848 3029 918 3076 non
943 3007 1109 3078 adscribit.
1155 3011 1266 3078 livius
1290 3006 1349 3092 34,

150 3133 204 3215 15,
231 3133 266 3205 9.
372 3133 431 3202 99.
458 3133 660 3204 Graecorum
692 3131 792 3224 clipei
823 3131 968 3214 rotundi,
1001 3143 1037 3202 ut
1063 3131 1144 3202 Cato
1169 3133 1348 3224 Originum

146 3258 200 3327 ait.
236 3259 366 3329 Servius
391 3261 435 3330 od
465 3260 552 3350 Vcrp.
576 3260 653 3327 Aeo.
688 3255 722 3338 3,
758 3255 843 3328 637.
955 3259 1035 3328 100.
1068 3259 1149 3330 Cato
1180 3259 1213 3328 in
1243 3261 1272 3328 V
1305 3255 1353 3343 [ll

146 3386 211 3452 cod.
231 3381 343 3470 botb]
369 3382 565 3474 Originum:
593 3382 683 3475 quod
700 3405 815 3452 eorum
841 3405 940 3452 nemo
966 3383 1143 3476 quisquam
1169 3383 1348 3476 quicquum

146 3507 223 3578 mibi
250 3507 427 3604 ignoturus
452 3519 511 3577 est.
547 3505 871 3588 0000000193,
898 3506 953 3579 18.
1060 3509 1140 3579 101.
1167 3509 1350 3580 00100τί-

145 3633 258 3723 ginum
285 3632 345 3701 lib.
365 3633 412 3701 V:
446 3631 504 3700 sed
528 3632 655 3722 protelo
681 3631 759 3700 trini
784 3630 884 3699 boves
910 3652 1014 3700 unum
1040 3639 1189 3700 aratrum
1214 3631 1346 3703 ducent.

143 3758 265 3826 Nonius
280 3779 315 3848 p.
336 3754 420 3837 363,
447 3755 481 3826 9.
588 3758 668 3826 ¹02.
695 3757 817 3827 Civitas
835 3755 1032 3824 Rhodiensis
1057 3808 1121 3824 ...
1148 3778 1223 3826 cum
1240 3755 1347 3825 amica

143 3893 239 3974 atque
271 3880 363 3949 socia
394 3881 508 3973 populi
543 3882 685 3951 Romani
715 3882 809 3961 foret,
842 3882 943 3950 Persa
969 3890 1078 3950 tamen
1105 3879 1251 3973 Philippi
1275 3879 1346 3950 lilio

142 4004 362 4074 Macedonum
378 4026 468 4096 rege,
497 4028 572 4075 cum
598 4028 664 4095 quo
685 4005 811 4075 bellum
828 4005 952 4097 populo
968 4006 1121 4073 Romano
1140 4005 1211 4085 luit,
1238 4004 1347 4074 amico

142 4151 197 4196 usa
222 4142 283 4208 est,
309 4128 511 4219 connixique
529 4138 606 4196 sunt
623 4127 828 4197 Rhodienses
853 4128 1071 4218 legationibus
1090 4128 1230 4196 Romam
1247 4150 1345 4221 saepe

141 4255 247 4325 missis
270 4255 304 4324 id
325 4255 451 4326 bellum
474 4237 557 4324 inter
581 4276 637 4324 eos
661 4277 871 4346 componere.
912 4253 975 4323 Sed
1000 4253 1057 4324 ubi
1074 4253 1135 4322 ista
1159 4233 1346 4345 pacificatio

141 4377 322 4471 perpetrari
339 4378 500 4469 nequivit,
527 4377 629 4448 verba
646 4400 665 4446 a
683 4377 851 4469 plerisque
865 4377 1108 4448 Rhodiensibus
1126 4377 1159 4445 in
1179 4374 1345 4444 contioni·

141 4504 199 4574 bus
212 4527 327 4574 eorum
341 4504 381 4573 ad
397 4505 556 4596 populum
571 4505 655 4572 lacta
673 4518 758 4582 sunt,
783 4515 817 4573 ut
830 4505 857 4571 si
871 4527 937 4594 pax
949 4526 1015 4572 non
1029 4502 1123 4572 lieret
1136 4499 1342 4569 Rhodienses

134 4629 251 4718 'regem
263 4628 418 4698 adversus
433 4627 592 4717 populum
603 4628 1008 4702 Romanumadiutarent;
1027 4625 1084 4693 sed
1100 4624 1228 4693 nullum
1244 4642 1343 4712 super
