<?xml version="1.0" encoding="UTF-8"?>
<!DOCTYPE html PUBLIC "-//W3C//DTD XHTML 1.0 Transitional//EN"
    "http://www.w3.org/TR/xhtml1/DTD/xhtml1-transitional.dtd">
<html xmlns="http://www.w3.org/1999/xhtml" xml:lang="en" lang="en">
 <head>
  <title>
</title>
<meta http-equiv="Content-Type" content="text/html;charset=utf-8" />
  <meta name='ocr-system' content='tesseract 3.04.00' />
  <meta name='ocr-capabilities' content='ocr_page ocr_carea ocr_par ocr_line ocrx_word'/>
</head>
<body>
  <div class='ocr_page' id='page_1' title='image "./gaisalustiicris00rothgoog_0499.png"; bbox 0 0 3576 5602; ppageno 0'>
   <div class='ocr_carea' id='block_1_1' title="bbox 391 659 929 764">
    <p class='ocr_par' dir='ltr' id='par_1_1' title="bbox 391 659 929 764">
     <span class='ocr_line' id='line_1_1' title="bbox 391 659 929 764; baseline -0.002 -38"><span class='ocrx_word' id='word_1_1' title='bbox 391 659 463 726; x_wconf 58' lang='lat'><strong>462</strong></span> <span class='ocrx_word' id='word_1_2' title='bbox 909 705 929 764; x_wconf 58' lang='lat'>⁸</span> 
     </span>
    </p>
   </div>
   <div class='ocr_carea' id='block_1_2' title="bbox 389 849 1612 4774">
    <p class='ocr_par' dir='ltr' id='par_1_2' title="bbox 389 849 1612 4774">
     <span class='ocr_line' id='line_1_2' title="bbox 390 849 1605 930; baseline -0.005 -16"><span class='ocrx_word' id='word_1_3' title='bbox 390 872 428 915; x_wconf 85' lang='lat' dir='ltr'><strong>ex</strong></span> <span class='ocrx_word' id='word_1_4' title='bbox 450 856 592 929; x_wconf 74' lang='lat' dir='ltr'><strong>sequenti</strong></span> <span class='ocrx_word' id='word_1_5' title='bbox 612 854 764 915; x_wconf 84' lang='lat' dir='ltr'><strong>vocabulo</strong></span> <span class='ocrx_word' id='word_1_6' title='bbox 784 853 824 913; x_wconf 93' lang='lat' dir='ltr'><strong>ad</strong></span> <span class='ocrx_word' id='word_1_7' title='bbox 846 854 929 930; x_wconf 90' lang='lat' dir='ltr'><strong>prins</strong></span> <span class='ocrx_word' id='word_1_8' title='bbox 951 851 1131 912; x_wconf 89' lang='lat' dir='ltr'><strong>translatum</strong></span> <span class='ocrx_word' id='word_1_9' title='bbox 1152 857 1211 910; x_wconf 74' lang='lat' dir='ltr'><strong>esu</strong></span> <span class='ocrx_word' id='word_1_10' title='bbox 1250 849 1312 910; x_wconf 90' lang='lat' dir='ltr'><strong>Sed</strong></span> <span class='ocrx_word' id='word_1_11' title='bbox 1339 851 1418 910; x_wconf 85' lang='lat' dir='ltr'><strong>satis</strong></span> <span class='ocrx_word' id='word_1_12' title='bbox 1445 867 1605 908; x_wconf 85' lang='lat' dir='ltr'><strong>memora-</strong></span> 
     </span>
     <span class='ocr_line' id='line_1_3' title="bbox 389 957 1608 1039; baseline -0.004 -17"><span class='ocrx_word' id='word_1_13' title='bbox 389 963 463 1022; x_wconf 83' lang='lat' dir='ltr'><strong>bilis</strong></span> <span class='ocrx_word' id='word_1_14' title='bbox 484 967 534 1021; x_wconf 89' lang='lat' dir='ltr'><strong>est</strong></span> <span class='ocrx_word' id='word_1_15' title='bbox 555 961 762 1039; x_wconf 77' lang='lat' dir='ltr'><strong>discrepantia</strong></span> <span class='ocrx_word' id='word_1_16' title='bbox 784 960 902 1021; x_wconf 92' lang='lat' dir='ltr'><strong>codicis</strong></span> <span class='ocrx_word' id='word_1_17' title='bbox 924 959 1064 1018; x_wconf 84' lang='lat' dir='ltr'><strong>Vaticani</strong></span> <span class='ocrx_word' id='word_1_18' title='bbox 1087 963 1119 1017; x_wconf 89' lang='lat' dir='ltr'><strong>et</strong></span> <span class='ocrx_word' id='word_1_19' title='bbox 1140 957 1324 1018; x_wconf 90' lang='lat' dir='ltr'><strong>Basiliensis</strong></span> <span class='ocrx_word' id='word_1_20' title='bbox 1346 959 1444 1033; x_wconf 90' lang='lat' dir='ltr'><strong>primi,</strong></span> <span class='ocrx_word' id='word_1_21' title='bbox 1476 957 1533 1016; x_wconf 89' lang='lat' dir='ltr'><strong>ilie</strong></span> <span class='ocrx_word' id='word_1_22' title='bbox 1556 961 1608 1034; x_wconf 82' lang='lat' dir='ltr'><strong>qui</strong></span> 
     </span>
     <span class='ocr_line' id='line_1_4' title="bbox 389 1064 1607 1146; baseline -0.004 -19"><span class='ocrx_word' id='word_1_23' title='bbox 389 1086 475 1146; x_wconf 78' lang='lat' dir='ltr'><strong>repes</strong></span> <span class='ocrx_word' id='word_1_24' title='bbox 495 1069 565 1128; x_wconf 86' lang='lat' dir='ltr'><strong>Vat.</strong></span> <span class='ocrx_word' id='word_1_25' title='bbox 585 1086 649 1146; x_wconf 82' lang='lat' dir='ltr'><strong>quo</strong></span> <span class='ocrx_word' id='word_1_26' title='bbox 669 1084 772 1144; x_wconf 65' lang='grc' dir='ltr'><strong>τερα,-</strong></span> <span class='ocrx_word' id='word_1_27' title='bbox 793 1067 962 1140; x_wconf 85' lang='lat' dir='ltr'><strong>eademqne</strong></span> <span class='ocrx_word' id='word_1_28' title='bbox 987 1065 1079 1124; x_wconf 89' lang='lat' dir='ltr'><strong>lectio</strong></span> <span class='ocrx_word' id='word_1_29' title='bbox 1099 1065 1130 1124; x_wconf 91' lang='lat' dir='ltr'><strong>in</strong></span> <span class='ocrx_word' id='word_1_30' title='bbox 1146 1064 1370 1124; x_wconf 83' lang='lat' dir='ltr'><strong>Einsiedelensi</strong></span> <span class='ocrx_word' id='word_1_31' title='bbox 1392 1064 1490 1124; x_wconf 85' lang='lat' dir='ltr'><strong>inisse</strong></span> <span class='ocrx_word' id='word_1_32' title='bbox 1508 1065 1607 1122; x_wconf 83' lang='lat' dir='ltr'><strong>vide-</strong></span> 
     </span>
     <span class='ocr_line' id='line_1_5' title="bbox 390 1171 1607 1253; baseline -0.005 -17"><span class='ocrx_word' id='word_1_33' title='bbox 390 1181 452 1246; x_wconf 89' lang='lat' dir='ltr'><strong>tur,</strong></span> <span class='ocrx_word' id='word_1_34' title='bbox 474 1177 554 1235; x_wconf 87' lang='lat' dir='ltr'><strong>idern</strong></span> <span class='ocrx_word' id='word_1_35' title='bbox 570 1176 640 1235; x_wconf 91' lang='lat' dir='ltr'><strong>Vat.</strong></span> <span class='ocrx_word' id='word_1_36' title='bbox 655 1193 711 1253; x_wconf 94' lang='lat' dir='ltr'><strong>pro</strong></span> <span class='ocrx_word' id='word_1_37' title='bbox 730 1173 927 1234; x_wconf 69' lang='lat' dir='ltr'><strong>consulemini</strong></span> <span class='ocrx_word' id='word_1_38' title='bbox 948 1172 1025 1248; x_wconf 79' lang='lat' dir='ltr'><strong>legit</strong></span> <span class='ocrx_word' id='word_1_39' title='bbox 1039 1172 1248 1231; x_wconf 79' lang='lat' dir='ltr'><strong>consuluerunt</strong></span> <span class='ocrx_word' id='word_1_40' title='bbox 1267 1177 1298 1231; x_wconf 88' lang='lat' dir='ltr'><strong>et</strong></span> <span class='ocrx_word' id='word_1_41' title='bbox 1312 1173 1373 1231; x_wconf 89' lang='lat' dir='ltr'><strong>duo</strong></span> <span class='ocrx_word' id='word_1_42' title='bbox 1389 1171 1443 1230; x_wconf 85' lang='lat' dir='ltr'><strong>alii</strong></span> <span class='ocrx_word' id='word_1_43' title='bbox 1463 1171 1550 1230; x_wconf 78' lang='lat' dir='ltr'><strong>Vett</strong></span> <span class='ocrx_word' id='word_1_44' title='bbox 1573 1175 1607 1230; x_wconf 87' lang='lat' dir='ltr'><strong>ct</strong></span> 
     </span>
     <span class='ocr_line' id='line_1_6' title="bbox 391 1278 1604 1358; baseline -0.005 -16"><span class='ocrx_word' id='word_1_45' title='bbox 391 1286 521 1358; x_wconf 86' lang='lat' dir='ltr'><strong>quatuor</strong></span> <span class='ocrx_word' id='word_1_46' title='bbox 542 1280 761 1341; x_wconf 83' lang='lat' dir='ltr'><strong>Berolinensce</strong></span> <span class='ocrx_word' id='word_1_47' title='bbox 783 1281 1005 1352; x_wconf 58' lang='lat' dir='ltr'><strong>consuluerant·</strong></span> <span class='ocrx_word' id='word_1_48' title='bbox 1041 1296 1203 1356; x_wconf 77' lang='lat' dir='ltr'><strong>perperam</strong></span> <span class='ocrx_word' id='word_1_49' title='bbox 1229 1280 1256 1337; x_wconf 91' lang='lat' dir='ltr'><strong>si</strong></span> <span class='ocrx_word' id='word_1_50' title='bbox 1285 1279 1359 1354; x_wconf 82' lang='lat' dir='ltr'><strong>quid</strong></span> <span class='ocrx_word' id='word_1_51' title='bbox 1389 1279 1491 1337; x_wconf 87' lang='lat' dir='ltr'><strong>video.</strong></span> <span class='ocrx_word' id='word_1_52' title='bbox 1539 1278 1604 1336; x_wconf 83' lang='lat' dir='ltr'><strong>lem</strong></span> 
     </span>
     <span class='ocr_line' id='line_1_7' title="bbox 390 1385 1606 1463; baseline -0.007 -13"><span class='ocrx_word' id='word_1_53' title='bbox 390 1389 542 1450; x_wconf 76' lang='lat' dir='ltr'><strong>conmlcre</strong></span> <span class='ocrx_word' id='word_1_54' title='bbox 556 1407 623 1448; x_wconf 92' lang='lat' dir='ltr'><strong>cum</strong></span> <span class='ocrx_word' id='word_1_55' title='bbox 639 1389 815 1448; x_wconf 74' lang='lat' dir='ltr'><strong>recusative</strong></span> <span class='ocrx_word' id='word_1_56' title='bbox 831 1389 873 1446; x_wconf 86' lang='lat' dir='ltr'><strong>ita</strong></span> <span class='ocrx_word' id='word_1_57' title='bbox 892 1387 984 1463; x_wconf 80' lang='lat' dir='ltr'><strong>iungi,</strong></span> <span class='ocrx_word' id='word_1_58' title='bbox 1007 1393 1040 1444; x_wconf 92' lang='lat' dir='ltr'><strong>ut</strong></span> <span class='ocrx_word' id='word_1_59' title='bbox 1061 1385 1213 1461; x_wconf 84' lang='lat' dir='ltr'><strong>significet</strong></span> <span class='ocrx_word' id='word_1_60' title='bbox 1226 1385 1308 1444; x_wconf 91' lang='lat' dir='ltr'><strong>idem</strong></span> <span class='ocrx_word' id='word_1_61' title='bbox 1326 1386 1407 1459; x_wconf 90' lang='lat' dir='ltr'><strong>quod</strong></span> <span class='ocrx_word' id='word_1_62' title='bbox 1426 1385 1606 1458; x_wconf 66' lang='lat' dir='ltr'><strong>merulus-e,</strong></span> 
     </span>
     <span class='ocr_line' id='line_1_8' title="bbox 391 1490 1605 1572; baseline -0.004 -17"><span class='ocrx_word' id='word_1_63' title='bbox 391 1496 498 1572; x_wconf 83' lang='lat' dir='ltr'><strong>negari</strong></span> <span class='ocrx_word' id='word_1_64' title='bbox 519 1497 633 1571; x_wconf 86' lang='lat' dir='ltr'><strong>nequit,</strong></span> <span class='ocrx_word' id='word_1_65' title='bbox 655 1495 710 1554; x_wconf 86' lang='lat' dir='ltr'><strong>cir.</strong></span> <span class='ocrx_word' id='word_1_66' title='bbox 733 1495 831 1554; x_wconf 88' lang='lat' dir='ltr'><strong>Plaut.</strong></span> <span class='ocrx_word' id='word_1_67' title='bbox 852 1495 950 1553; x_wconf 88' lang='lat' dir='ltr'><strong>Persa</strong></span> <span class='ocrx_word' id='word_1_68' title='bbox 971 1511 999 1550; x_wconf 91' lang='lat' dir='ltr'><strong>v.</strong></span> <span class='ocrx_word' id='word_1_69' title='bbox 1022 1494 1050 1551; x_wconf 83' lang='lat'><strong>2.</strong></span> <span class='ocrx_word' id='word_1_70' title='bbox 1072 1494 1119 1551; x_wconf 87' lang='grc'><strong>63.</strong></span> <span class='ocrx_word' id='word_1_71' title='bbox 1165 1490 1272 1565; x_wconf 74' lang='lat' dir='ltr'><strong>„Certo</strong></span> <span class='ocrx_word' id='word_1_72' title='bbox 1295 1493 1342 1550; x_wconf 89' lang='lat' dir='ltr'><strong>illi</strong></span> <span class='ocrx_word' id='word_1_73' title='bbox 1365 1492 1506 1552; x_wconf 82' lang='lat' dir='ltr'><strong>homines</strong></span> <span class='ocrx_word' id='word_1_74' title='bbox 1529 1491 1605 1550; x_wconf 82' lang='lat' dir='ltr'><strong>milri</strong></span> 
     </span>
     <span class='ocr_line' id='line_1_9' title="bbox 394 1593 1607 1676; baseline -0.006 -14"><span class='ocrx_word' id='word_1_75' title='bbox 394 1602 501 1662; x_wconf 89' lang='lat' dir='ltr'><strong>nescio</strong></span> <span class='ocrx_word' id='word_1_76' title='bbox 524 1602 596 1676; x_wconf 93' lang='lat' dir='ltr'><strong>quid</strong></span> <span class='ocrx_word' id='word_1_77' title='bbox 620 1601 691 1659; x_wconf 88' lang='lat' dir='ltr'><strong>mali</strong></span> <span class='ocrx_word' id='word_1_78' title='bbox 713 1600 884 1673; x_wconf 83' lang='lat' dir='ltr'><strong>consulunt,</strong></span> <span class='ocrx_word' id='word_1_79' title='bbox 907 1599 988 1674; x_wconf 84' lang='lat' dir='ltr'><strong>quod</strong></span> <span class='ocrx_word' id='word_1_80' title='bbox 1011 1593 1151 1658; x_wconf 83' lang='lat' dir='ltr'><strong>iaciant.“</strong></span> <span class='ocrx_word' id='word_1_81' title='bbox 1183 1597 1289 1657; x_wconf 80' lang='lat' dir='ltr'><strong>Lectio</strong></span> <span class='ocrx_word' id='word_1_82' title='bbox 1312 1599 1405 1674; x_wconf 83' lang='lat' dir='ltr'><strong>igitur</strong></span> <span class='ocrx_word' id='word_1_83' title='bbox 1426 1615 1490 1675; x_wconf 77' lang='lat' dir='ltr'><strong>quc</strong></span> <span class='ocrx_word' id='word_1_84' title='bbox 1517 1615 1607 1673; x_wconf 72' lang='lat' dir='ltr'><strong>repca</strong></span> 
     </span>
     <span class='ocr_line' id='line_1_10' title="bbox 392 1703 1605 1783; baseline -0.005 -15"><span class='ocrx_word' id='word_1_85' title='bbox 392 1715 444 1768; x_wconf 87' lang='lat' dir='ltr'><strong>ele.</strong></span> <span class='ocrx_word' id='word_1_86' title='bbox 467 1708 675 1768; x_wconf 82' lang='lat' dir='ltr'><strong>corrsoluerunl</strong></span> <span class='ocrx_word' id='word_1_87' title='bbox 702 1725 762 1766; x_wconf 93' lang='lat' dir='ltr'><strong>non</strong></span> <span class='ocrx_word' id='word_1_88' title='bbox 790 1706 882 1783; x_wconf 90' lang='lat' dir='ltr'><strong>piano</strong></span> <span class='ocrx_word' id='word_1_89' title='bbox 904 1705 1072 1764; x_wconf 89' lang='lat' dir='ltr'><strong>reiicienda</strong></span> <span class='ocrx_word' id='word_1_90' title='bbox 1094 1711 1151 1764; x_wconf 91' lang='lat' dir='ltr'><strong>est.</strong></span> <span class='ocrx_word' id='word_1_91' title='bbox 1183 1704 1279 1763; x_wconf 86' lang='lat' dir='ltr'><strong>nihilo</strong></span> <span class='ocrx_word' id='word_1_92' title='bbox 1308 1705 1406 1762; x_wconf 87' lang='lat' dir='ltr'><strong>minus</strong></span> <span class='ocrx_word' id='word_1_93' title='bbox 1427 1709 1529 1762; x_wconf 64' lang='lat' dir='ltr'><strong>minen</strong></span> <span class='ocrx_word' id='word_1_94' title='bbox 1551 1703 1605 1763; x_wconf 79' lang='lat' dir='ltr'><strong>ia-</strong></span> 
     </span>
     <span class='ocr_line' id='line_1_11' title="bbox 392 1810 1605 1888; baseline -0.003 -14"><span class='ocrx_word' id='word_1_95' title='bbox 392 1815 453 1874; x_wconf 90' lang='lat' dir='ltr'><strong>cile</strong></span> <span class='ocrx_word' id='word_1_96' title='bbox 475 1820 523 1874; x_wconf 89' lang='lat' dir='ltr'><strong>est</strong></span> <span class='ocrx_word' id='word_1_97' title='bbox 544 1815 584 1873; x_wconf 90' lang='lat' dir='ltr'><strong>ad</strong></span> <span class='ocrx_word' id='word_1_98' title='bbox 600 1811 840 1888; x_wconf 77' lang='lat' dir='ltr'><strong>intelligendum,</strong></span> <span class='ocrx_word' id='word_1_99' title='bbox 863 1811 942 1870; x_wconf 83' lang='lat' dir='ltr'><strong>nanc</strong></span> <span class='ocrx_word' id='word_1_100' title='bbox 964 1811 1125 1870; x_wconf 82' lang='lat' dir='ltr'><strong>lectionem</strong></span> <span class='ocrx_word' id='word_1_101' title='bbox 1149 1810 1187 1869; x_wconf 90' lang='lat' dir='ltr'><strong>ab</strong></span> <span class='ocrx_word' id='word_1_102' title='bbox 1210 1812 1248 1868; x_wconf 90' lang='lat' dir='ltr'><strong>iis</strong></span> <span class='ocrx_word' id='word_1_103' title='bbox 1271 1826 1342 1869; x_wconf 85' lang='lat' dir='ltr'><strong>osse</strong></span> <span class='ocrx_word' id='word_1_104' title='bbox 1364 1811 1528 1884; x_wconf 83' lang='lat' dir='ltr'><strong>inductam,</strong></span> <span class='ocrx_word' id='word_1_105' title='bbox 1550 1811 1605 1885; x_wconf 89' lang='lat' dir='ltr'><strong>qni</strong></span> 
     </span>
     <span class='ocr_line' id='line_1_12' title="bbox 393 1916 1606 1990; baseline -0.006 -8"><span class='ocrx_word' id='word_1_106' title='bbox 393 1926 447 1982; x_wconf 91' lang='lat' dir='ltr'><strong>aut</strong></span> <span class='ocrx_word' id='word_1_107' title='bbox 467 1922 508 1981; x_wconf 91' lang='lat' dir='ltr'><strong>ad</strong></span> <span class='ocrx_word' id='word_1_108' title='bbox 527 1920 705 1980; x_wconf 85' lang='lat' dir='ltr'><strong>memorandi</strong></span> <span class='ocrx_word' id='word_1_109' title='bbox 726 1919 932 1978; x_wconf 88' lang='lat' dir='ltr'><strong>accusativum</strong></span> <span class='ocrx_word' id='word_1_110' title='bbox 960 1917 1186 1990; x_wconf 80' lang='lat' dir='ltr'><strong>desiderabant,</strong></span> <span class='ocrx_word' id='word_1_111' title='bbox 1213 1923 1265 1976; x_wconf 89' lang='lat' dir='ltr'><strong>aut</strong></span> <span class='ocrx_word' id='word_1_112' title='bbox 1286 1916 1346 1976; x_wconf 90' lang='lat' dir='ltr'><strong>duo</strong></span> <span class='ocrx_word' id='word_1_113' title='bbox 1369 1919 1505 1976; x_wconf 84' lang='lat' dir='ltr'><strong>membra</strong></span> <span class='ocrx_word' id='word_1_114' title='bbox 1530 1933 1606 1975; x_wconf 86' lang='lat' dir='ltr'><strong>ora·</strong></span> 
     </span>
     <span class='ocr_line' id='line_1_13' title="bbox 393 2021 1606 2102; baseline -0.005 -14"><span class='ocrx_word' id='word_1_115' title='bbox 393 2029 487 2088; x_wconf 89' lang='lat' dir='ltr'><strong>tionis</strong></span> <span class='ocrx_word' id='word_1_116' title='bbox 531 2027 661 2102; x_wconf 84' lang='lat' dir='ltr'><strong>aequalia</strong></span> <span class='ocrx_word' id='word_1_117' title='bbox 702 2042 773 2086; x_wconf 85' lang='lat' dir='ltr'><strong>esse</strong></span> <span class='ocrx_word' id='word_1_118' title='bbox 805 2025 920 2084; x_wconf 88' lang='lat' dir='ltr'><strong>debere</strong></span> <span class='ocrx_word' id='word_1_119' title='bbox 960 2024 1142 2084; x_wconf 87' lang='lat' dir='ltr'><strong>iudicabant.</strong></span> <span class='ocrx_word' id='word_1_120' title='bbox 1190 2021 1331 2082; x_wconf 86' lang='lat' dir='ltr'><strong>Ceterum</strong></span> <span class='ocrx_word' id='word_1_121' title='bbox 1366 2023 1502 2082; x_wconf 87' lang='lat' dir='ltr'><strong>Orellius</strong></span> <span class='ocrx_word' id='word_1_122' title='bbox 1537 2041 1606 2082; x_wconf 88' lang='lat' dir='ltr'><strong>cum</strong></span> 
     </span>
     <span class='ocr_line' id='line_1_14' title="bbox 393 2131 1605 2212; baseline -0.003 -19"><span class='ocrx_word' id='word_1_123' title='bbox 393 2153 458 2212; x_wconf 78' lang='lat' dir='ltr'><strong>quo</strong></span> <span class='ocrx_word' id='word_1_124' title='bbox 478 2134 658 2210; x_wconf 84' lang='lat' dir='ltr'><strong>recepisset,</strong></span> <span class='ocrx_word' id='word_1_125' title='bbox 690 2132 887 2191; x_wconf 88' lang='lat' dir='ltr'><strong>indicativum</strong></span> <span class='ocrx_word' id='word_1_126' title='bbox 913 2131 1122 2191; x_wconf 83' lang='lat' dir='ltr'><strong>corranlucrenl</strong></span> <span class='ocrx_word' id='word_1_127' title='bbox 1142 2132 1251 2190; x_wconf 87' lang='lat' dir='ltr'><strong>reiecit</strong></span> <span class='ocrx_word' id='word_1_128' title='bbox 1273 2139 1303 2190; x_wconf 86' lang='lat' dir='ltr'><strong>et</strong></span> <span class='ocrx_word' id='word_1_129' title='bbox 1325 2133 1368 2190; x_wconf 87' lang='lat' dir='ltr'><strong>ita</strong></span> <span class='ocrx_word' id='word_1_130' title='bbox 1390 2131 1488 2207; x_wconf 86' lang='lat' dir='ltr'><strong>magis</strong></span> <span class='ocrx_word' id='word_1_131' title='bbox 1510 2131 1605 2189; x_wconf 88' lang='lat' dir='ltr'><strong>etiam</strong></span> 
     </span>
     <span class='ocr_line' id='line_1_15' title="bbox 394 2229 1606 2316; baseline -0.003 -16"><span class='ocrx_word' id='word_1_132' title='bbox 394 2241 474 2300; x_wconf 88' lang='lat' dir='ltr'><strong>huuc</strong></span> <span class='ocrx_word' id='word_1_133' title='bbox 496 2241 596 2301; x_wconf 89' lang='lat' dir='ltr'><strong>locum</strong></span> <span class='ocrx_word' id='word_1_134' title='bbox 629 2229 781 2315; x_wconf 80' lang='lat' dir='ltr'><strong>corrupit3</strong></span> <span class='ocrx_word' id='word_1_135' title='bbox 819 2245 871 2296; x_wconf 90' lang='lat' dir='ltr'><strong>aut</strong></span> <span class='ocrx_word' id='word_1_136' title='bbox 895 2236 974 2295; x_wconf 83' lang='lat' dir='ltr'><strong>enim</strong></span> <span class='ocrx_word' id='word_1_137' title='bbox 997 2239 1061 2295; x_wconf 87' lang='lat' dir='ltr'><strong>tota</strong></span> <span class='ocrx_word' id='word_1_138' title='bbox 1084 2239 1232 2297; x_wconf 90' lang='lat' dir='ltr'><strong>orationis</strong></span> <span class='ocrx_word' id='word_1_139' title='bbox 1255 2239 1303 2297; x_wconf 88' lang='lat' dir='ltr'><strong>vis</strong></span> <span class='ocrx_word' id='word_1_140' title='bbox 1334 2240 1363 2297; x_wconf 92' lang='lat' dir='ltr'><strong>in</strong></span> <span class='ocrx_word' id='word_1_141' title='bbox 1385 2255 1450 2316; x_wconf 75' lang='lat' dir='ltr'><strong>pure</strong></span> <span class='ocrx_word' id='word_1_142' title='bbox 1472 2245 1523 2296; x_wconf 89' lang='lat' dir='ltr'><strong>est</strong></span> <span class='ocrx_word' id='word_1_143' title='bbox 1542 2255 1606 2314; x_wconf 90' lang='lat' dir='ltr'><strong>po-</strong></span> 
     </span>
     <span class='ocr_line' id='line_1_16' title="bbox 394 2344 1608 2422; baseline -0.002 -16"><span class='ocrx_word' id='word_1_144' title='bbox 394 2348 462 2422; x_wconf 91' lang='lat' dir='ltr'><strong>sita,</strong></span> <span class='ocrx_word' id='word_1_145' title='bbox 492 2351 524 2406; x_wconf 91' lang='lat' dir='ltr'><strong>ut</strong></span> <span class='ocrx_word' id='word_1_146' title='bbox 552 2345 593 2404; x_wconf 89' lang='lat' dir='ltr'><strong>sit</strong></span> <span class='ocrx_word' id='word_1_147' title='bbox 622 2361 658 2404; x_wconf 90' lang='lat' dir='ltr'><strong>eo</strong></span> <span class='ocrx_word' id='word_1_148' title='bbox 681 2362 756 2421; x_wconf 76' lang='lat' dir='ltr'><strong>qoo3</strong></span> <span class='ocrx_word' id='word_1_149' title='bbox 788 2347 841 2403; x_wconf 91' lang='lat' dir='ltr'><strong>aut</strong></span> <span class='ocrx_word' id='word_1_150' title='bbox 869 2344 899 2402; x_wconf 93' lang='lat' dir='ltr'><strong>in</strong></span> <span class='ocrx_word' id='word_1_151' title='bbox 920 2349 986 2403; x_wconf 88' lang='lat' dir='ltr'><strong>tota</strong></span> <span class='ocrx_word' id='word_1_152' title='bbox 1015 2345 1183 2403; x_wconf 82' lang='lat' dir='ltr'><strong>sententia:</strong></span> <span class='ocrx_word' id='word_1_153' title='bbox 1220 2348 1269 2422; x_wconf 76' lang='lat' dir='ltr'><strong>pici</strong></span> <span class='ocrx_word' id='word_1_154' title='bbox 1290 2374 1321 2384; x_wconf 92' lang='lat'><em>-</em></span> <span class='ocrx_word' id='word_1_155' title='bbox 1349 2361 1426 2403; x_wconf 85' lang='lat' dir='ltr'><strong>cons.</strong></span> <span class='ocrx_word' id='word_1_156' title='bbox 1451 2379 1488 2388; x_wconf 91' lang='lat'><strong>--</strong></span> <span class='ocrx_word' id='word_1_157' title='bbox 1513 2345 1608 2404; x_wconf 87' lang='lat' dir='ltr'><strong>Prior</strong></span> 
     </span>
     <span class='ocr_line' id='line_1_17' title="bbox 393 2449 1606 2527; baseline -0.002 -15"><span class='ocrx_word' id='word_1_158' title='bbox 393 2455 474 2513; x_wconf 88' lang='lat' dir='ltr'><strong>ratio</strong></span> <span class='ocrx_word' id='word_1_159' title='bbox 501 2453 712 2525; x_wconf 83' lang='lat' dir='ltr'><strong>indicativum,</strong></span> <span class='ocrx_word' id='word_1_160' title='bbox 752 2451 849 2508; x_wconf 89' lang='lat' dir='ltr'><strong>altera</strong></span> <span class='ocrx_word' id='word_1_161' title='bbox 880 2450 1103 2510; x_wconf 88' lang='lat' dir='ltr'><strong>coniunctivum</strong></span> <span class='ocrx_word' id='word_1_162' title='bbox 1137 2451 1284 2527; x_wconf 88' lang='lat' dir='ltr'><strong>postulat.</strong></span> <span class='ocrx_word' id='word_1_163' title='bbox 1331 2449 1472 2510; x_wconf 85' lang='lat' dir='ltr'><strong>Ceterum</strong></span> <span class='ocrx_word' id='word_1_164' title='bbox 1504 2452 1606 2510; x_wconf 78' lang='lat' dir='ltr'><strong>Arru-</strong></span> 
     </span>
     <span class='ocr_line' id='line_1_18' title="bbox 394 2556 1607 2634; baseline -0.004 -13"><span class='ocrx_word' id='word_1_165' title='bbox 394 2561 501 2622; x_wconf 89' lang='lat' dir='ltr'><strong>sianus</strong></span> <span class='ocrx_word' id='word_1_166' title='bbox 530 2561 649 2618; x_wconf 85' lang='lat' dir='ltr'><strong>Messes</strong></span> <span class='ocrx_word' id='word_1_167' title='bbox 679 2559 770 2618; x_wconf 90' lang='lat' dir='ltr'><strong>etiam</strong></span> <span class='ocrx_word' id='word_1_168' title='bbox 798 2575 862 2634; x_wconf 79' lang='lat' dir='ltr'><strong>quo</strong></span> <span class='ocrx_word' id='word_1_169' title='bbox 888 2559 920 2616; x_wconf 89' lang='lat' dir='ltr'><strong>et</strong></span> <span class='ocrx_word' id='word_1_170' title='bbox 940 2556 1148 2617; x_wconf 77' lang='lat' dir='ltr'><strong>consuluerunt</strong></span> <span class='ocrx_word' id='word_1_171' title='bbox 1173 2561 1282 2617; x_wconf 87' lang='lat' dir='ltr'><strong>tuetur.</strong></span> <span class='ocrx_word' id='word_1_172' title='bbox 1319 2557 1374 2616; x_wconf 85' lang='lat' dir='ltr'><strong>cir.</strong></span> <span class='ocrx_word' id='word_1_173' title='bbox 1402 2575 1430 2634; x_wconf 94' lang='lat' dir='ltr'><strong>p.</strong></span> <span class='ocrx_word' id='word_1_174' title='bbox 1459 2560 1528 2616; x_wconf 84' lang='grc'>219.</span> <span class='ocrx_word' id='word_1_175' title='bbox 1557 2559 1607 2616; x_wconf 87' lang='lat' dir='ltr'><strong>ed.</strong></span> 
     </span>
     <span class='ocr_line' id='line_1_19' title="bbox 394 2663 1606 2726; baseline -0.002 0"><span class='ocrx_word' id='word_1_176' title='bbox 394 2667 480 2726; x_wconf 83' lang='lat' dir='ltr'><strong>Lind.</strong></span> <span class='ocrx_word' id='word_1_177' title='bbox 508 2669 676 2725; x_wconf 74' lang='lat' dir='ltr'><strong>cesennam</strong></span> <span class='ocrx_word' id='word_1_178' title='bbox 696 2665 800 2722; x_wconf 79' lang='lat' dir='ltr'><strong>dicere</strong></span> <span class='ocrx_word' id='word_1_179' title='bbox 830 2663 899 2722; x_wconf 86' lang='lat' dir='ltr'><strong>Vat.</strong></span> <span class='ocrx_word' id='word_1_180' title='bbox 924 2663 1173 2723; x_wconf 70' lang='lat' dir='ltr'><strong>cententioo&#39;Bas.</strong></span> <span class='ocrx_word' id='word_1_181' title='bbox 1194 2663 1278 2723; x_wconf 90' lang='lat' dir='ltr'><strong>Leid.</strong></span> <span class='ocrx_word' id='word_1_182' title='bbox 1307 2663 1389 2723; x_wconf 83' lang='lat' dir='ltr'><strong>Eins.</strong></span> <span class='ocrx_word' id='word_1_183' title='bbox 1413 2665 1512 2723; x_wconf 89' lang='lat' dir='ltr'><strong>Paris.</strong></span> <span class='ocrx_word' id='word_1_184' title='bbox 1536 2665 1606 2723; x_wconf 81' lang='lat' dir='ltr'><strong>Tur.</strong></span> 
     </span>
     <span class='ocr_line' id='line_1_20' title="bbox 399 2769 1608 2847; baseline -0.002 -15"><span class='ocrx_word' id='word_1_185' title='bbox 399 2773 561 2847; x_wconf 85' lang='lat' dir='ltr'><strong>Utrumque</strong></span> <span class='ocrx_word' id='word_1_186' title='bbox 584 2778 668 2830; x_wconf 89' lang='lat' dir='ltr'><strong>recte</strong></span> <span class='ocrx_word' id='word_1_187' title='bbox 690 2771 811 2840; x_wconf 88' lang='lat' dir='ltr'><strong>dicitur,</strong></span> <span class='ocrx_word' id='word_1_188' title='bbox 840 2769 898 2828; x_wconf 89' lang='lat' dir='ltr'><strong>sed</strong></span> <span class='ocrx_word' id='word_1_189' title='bbox 923 2770 1054 2846; x_wconf 89' lang='lat' dir='ltr'><strong>pluralis</strong></span> <span class='ocrx_word' id='word_1_190' title='bbox 1076 2787 1112 2828; x_wconf 88' lang='lat' dir='ltr'><strong>ea</strong></span> <span class='ocrx_word' id='word_1_191' title='bbox 1140 2771 1187 2829; x_wconf 89' lang='lat' dir='ltr'><strong>vis</strong></span> <span class='ocrx_word' id='word_1_192' title='bbox 1211 2775 1267 2844; x_wconf 79' lang='lat' dir='ltr'><strong>est,</strong></span> <span class='ocrx_word' id='word_1_193' title='bbox 1303 2775 1335 2830; x_wconf 92' lang='lat' dir='ltr'><strong>ut</strong></span> <span class='ocrx_word' id='word_1_194' title='bbox 1357 2773 1455 2846; x_wconf 82' lang='lat' dir='ltr'><strong>magis</strong></span> <span class='ocrx_word' id='word_1_195' title='bbox 1478 2789 1517 2830; x_wconf 87' lang='lat' dir='ltr'><strong>ea</strong></span> <span class='ocrx_word' id='word_1_196' title='bbox 1547 2773 1608 2830; x_wconf 86' lang='lat' dir='ltr'><strong>de·</strong></span> 
     </span>
     <span class='ocr_line' id='line_1_21' title="bbox 397 2876 1607 2953; baseline -0.002 -15"><span class='ocrx_word' id='word_1_197' title='bbox 397 2879 562 2951; x_wconf 78' lang='lat' dir='ltr'><strong>cierentur,</strong></span> <span class='ocrx_word' id='word_1_198' title='bbox 602 2894 669 2952; x_wconf 81' lang='lat' dir='ltr'><strong>qum</strong></span> <span class='ocrx_word' id='word_1_199' title='bbox 690 2877 801 2952; x_wconf 86' lang='lat' dir='ltr'><strong>aliquis</strong></span> <span class='ocrx_word' id='word_1_200' title='bbox 831 2877 931 2936; x_wconf 88' lang='lat' dir='ltr'><strong>suasit</strong></span> <span class='ocrx_word' id='word_1_201' title='bbox 953 2877 1003 2934; x_wconf 90' lang='lat' dir='ltr'><strong>vel</strong></span> <span class='ocrx_word' id='word_1_202' title='bbox 1040 2876 1242 2953; x_wconf 80' lang='lat' dir='ltr'><strong>impugnavit3</strong></span> <span class='ocrx_word' id='word_1_203' title='bbox 1278 2877 1443 2953; x_wconf 84' lang='lat' dir='ltr'><strong>singularis</strong></span> <span class='ocrx_word' id='word_1_204' title='bbox 1475 2877 1607 2936; x_wconf 90' lang='lat' dir='ltr'><strong>sollem-</strong></span> 
     </span>
     <span class='ocr_line' id='line_1_22' title="bbox 396 2982 1606 3054; baseline -0.002 -9"><span class='ocrx_word' id='word_1_205' title='bbox 396 3003 464 3045; x_wconf 89' lang='lat' dir='ltr'><strong>nem</strong></span> <span class='ocrx_word' id='word_1_206' title='bbox 496 2983 656 3044; x_wconf 84' lang='lat' dir='ltr'><strong>formulam</strong></span> <span class='ocrx_word' id='word_1_207' title='bbox 691 2982 792 3042; x_wconf 89' lang='lat' dir='ltr'><strong>habet.</strong></span> <span class='ocrx_word' id='word_1_208' title='bbox 842 2983 904 3042; x_wconf 88' lang='lat' dir='ltr'><strong>Sed</strong></span> <span class='ocrx_word' id='word_1_209' title='bbox 939 2983 1009 3042; x_wconf 87' lang='lat' dir='ltr'><strong>huic</strong></span> <span class='ocrx_word' id='word_1_210' title='bbox 1046 2983 1114 3042; x_wconf 92' lang='lat' dir='ltr'><strong>loco</strong></span> <span class='ocrx_word' id='word_1_211' title='bbox 1148 2983 1242 3042; x_wconf 88' lang='lat' dir='ltr'><strong>multu</strong></span> <span class='ocrx_word' id='word_1_212' title='bbox 1277 2985 1513 3043; x_wconf 84' lang='lat' dir='ltr'><strong>convenientius</strong></span> <span class='ocrx_word' id='word_1_213' title='bbox 1546 2991 1606 3054; x_wconf 84' lang='lat' dir='ltr'><strong>est,</strong></span> 
     </span>
     <span class='ocr_line' id='line_1_23' title="bbox 396 3089 1607 3168; baseline -0.002 -17"><span class='ocrx_word' id='word_1_214' title='bbox 396 3092 567 3151; x_wconf 87' lang='lat' dir='ltr'><strong>adsensus</strong></span> <span class='ocrx_word' id='word_1_215' title='bbox 589 3091 718 3150; x_wconf 88' lang='lat' dir='ltr'><strong>animum</strong></span> <span class='ocrx_word' id='word_1_216' title='bbox 740 3091 868 3149; x_wconf 85' lang='lat' dir='ltr'><strong>lectoris</strong></span> <span class='ocrx_word' id='word_1_217' title='bbox 890 3090 1065 3164; x_wconf 87' lang='lat' dir='ltr'><strong>advertere,</strong></span> <span class='ocrx_word' id='word_1_218' title='bbox 1094 3107 1172 3165; x_wconf 85' lang='lat' dir='ltr'><strong>quos</strong></span> <span class='ocrx_word' id='word_1_219' title='bbox 1195 3089 1288 3150; x_wconf 87' lang='lat' dir='ltr'><strong>lulius</strong></span> <span class='ocrx_word' id='word_1_220' title='bbox 1310 3090 1414 3148; x_wconf 81' lang='lat' dir='ltr'><strong>Caeaer</strong></span> <span class='ocrx_word' id='word_1_221' title='bbox 1436 3092 1607 3168; x_wconf 80' lang='lat' dir='ltr'><strong>impugnat;</strong></span> 
     </span>
     <span class='ocr_line' id='line_1_24' title="bbox 397 3197 1607 3273; baseline 0 -16"><span class='ocrx_word' id='word_1_222' title='bbox 397 3215 491 3273; x_wconf 84' lang='lat' dir='ltr'><strong>quare</strong></span> <span class='ocrx_word' id='word_1_223' title='bbox 514 3197 605 3256; x_wconf 87' lang='lat' dir='ltr'><strong>lectio</strong></span> <span class='ocrx_word' id='word_1_224' title='bbox 627 3199 783 3256; x_wconf 85' lang='lat' dir='ltr'><strong>ecnlenlios</strong></span> <span class='ocrx_word' id='word_1_225' title='bbox 802 3197 894 3255; x_wconf 88' lang='lat' dir='ltr'><strong>alteri</strong></span> <span class='ocrx_word' id='word_1_226' title='bbox 916 3197 1117 3272; x_wconf 71' lang='lat' dir='ltr'><strong>praeferenda.</strong></span> <span class='ocrx_word' id='word_1_227' title='bbox 1156 3204 1302 3272; x_wconf 79' lang='lat' dir='ltr'><strong>permonet</strong></span> <span class='ocrx_word' id='word_1_228' title='bbox 1322 3227 1360 3236; x_wconf 89' lang='lat'>-</span> <span class='ocrx_word' id='word_1_229' title='bbox 1382 3198 1514 3256; x_wconf 76' lang='lat' dir='ltr'><strong>orrenda</strong></span> <span class='ocrx_word' id='word_1_230' title='bbox 1535 3197 1607 3257; x_wconf 83' lang='lat' dir='ltr'><strong>Vat.</strong></span> 
     </span>
     <span class='ocr_line' id='line_1_25' title="bbox 393 3303 1607 3382; baseline 0 -18"><span class='ocrx_word' id='word_1_231' title='bbox 393 3308 533 3379; x_wconf 68' lang='lat' dir='ltr'><strong>pmmooil</strong></span> <span class='ocrx_word' id='word_1_232' title='bbox 548 3339 585 3348; x_wconf 87' lang='lat'><strong>-</strong></span> <span class='ocrx_word' id='word_1_233' title='bbox 599 3305 738 3364; x_wconf 79' lang='lat' dir='ltr'><strong>accendet</strong></span> <span class='ocrx_word' id='word_1_234' title='bbox 757 3303 826 3364; x_wconf 86' lang='lat' dir='ltr'><strong>Bas.</strong></span> <span class='ocrx_word' id='word_1_235' title='bbox 849 3305 962 3364; x_wconf 84' lang='lat' dir='ltr'><strong>ethaeo</strong></span> <span class='ocrx_word' id='word_1_236' title='bbox 982 3307 1104 3380; x_wconf 89' lang='lat' dir='ltr'><strong>quidem</strong></span> <span class='ocrx_word' id='word_1_237' title='bbox 1127 3306 1220 3365; x_wconf 92' lang='lat' dir='ltr'><strong>lectio</strong></span> <span class='ocrx_word' id='word_1_238' title='bbox 1243 3306 1309 3366; x_wconf 89' lang='lat' dir='ltr'><strong>sola</strong></span> <span class='ocrx_word' id='word_1_239' title='bbox 1331 3306 1503 3382; x_wconf 86' lang='lat' dir='ltr'><strong>probanda,</strong></span> <span class='ocrx_word' id='word_1_240' title='bbox 1525 3309 1607 3364; x_wconf 91' lang='lat' dir='ltr'><strong>tem-</strong></span> 
     </span>
     <span class='ocr_line' id='line_1_26' title="bbox 396 3411 1609 3491; baseline 0.001 -21"><span class='ocrx_word' id='word_1_241' title='bbox 396 3427 473 3488; x_wconf 91' lang='lat' dir='ltr'><strong>pore</strong></span> <span class='ocrx_word' id='word_1_242' title='bbox 499 3411 579 3470; x_wconf 87' lang='lat' dir='ltr'><strong>enim</strong></span> <span class='ocrx_word' id='word_1_243' title='bbox 607 3413 752 3487; x_wconf 75' lang='lat' dir='ltr'><strong>presenti</strong></span> <span class='ocrx_word' id='word_1_244' title='bbox 779 3413 877 3472; x_wconf 90' lang='lat' dir='ltr'><strong>omnis</strong></span> <span class='ocrx_word' id='word_1_245' title='bbox 898 3413 947 3472; x_wconf 88' lang='lat' dir='ltr'><strong>vis</strong></span> <span class='ocrx_word' id='word_1_246' title='bbox 970 3414 1120 3472; x_wconf 90' lang='lat' dir='ltr'><strong>orationis</strong></span> <span class='ocrx_word' id='word_1_247' title='bbox 1148 3413 1274 3473; x_wconf 86' lang='lat' dir='ltr'><strong>tollitur.</strong></span> <span class='ocrx_word' id='word_1_248' title='bbox 1314 3413 1453 3491; x_wconf 79' lang='lat' dir='ltr'><strong>Equidem</strong></span> <span class='ocrx_word' id='word_1_249' title='bbox 1480 3431 1534 3490; x_wconf 81' lang='lat' dir='ltr'><strong>epo</strong></span> <span class='ocrx_word' id='word_1_250' title='bbox 1562 3417 1609 3472; x_wconf 77' lang='lat' dir='ltr'><strong>aio</strong></span> 
     </span>
     <span class='ocr_line' id='line_1_27' title="bbox 397 3517 1608 3595; baseline 0 -17"><span class='ocrx_word' id='word_1_251' title='bbox 397 3523 513 3579; x_wconf 75' lang='lat' dir='ltr'><strong>commo</strong></span> <span class='ocrx_word' id='word_1_252' title='bbox 546 3517 616 3577; x_wconf 87' lang='lat' dir='ltr'><strong>Bas.</strong></span> <span class='ocrx_word' id='word_1_253' title='bbox 648 3521 781 3577; x_wconf 78' lang='lat' dir='ltr'><strong>coislinw</strong></span> <span class='ocrx_word' id='word_1_254' title='bbox 810 3519 879 3578; x_wconf 89' lang='lat' dir='ltr'><strong>Vat.</strong></span> <span class='ocrx_word' id='word_1_255' title='bbox 911 3521 1007 3579; x_wconf 82' lang='lat' dir='ltr'><strong>Paris</strong></span> <span class='ocrx_word' id='word_1_256' title='bbox 1036 3519 1117 3579; x_wconf 79' lang='lat' dir='ltr'><strong>liius.</strong></span> <span class='ocrx_word' id='word_1_257' title='bbox 1148 3521 1217 3579; x_wconf 81' lang='lat' dir='ltr'><strong>Tur.</strong></span> <span class='ocrx_word' id='word_1_258' title='bbox 1249 3537 1316 3595; x_wconf 78' lang='lat' dir='ltr'><strong>qnae</strong></span> <span class='ocrx_word' id='word_1_259' title='bbox 1347 3520 1471 3595; x_wconf 90' lang='lat' dir='ltr'><strong>quidem</strong></span> <span class='ocrx_word' id='word_1_260' title='bbox 1509 3521 1608 3579; x_wconf 84' lang='lat' dir='ltr'><strong>verba</strong></span> 
     </span>
     <span class='ocr_line' id='line_1_28' title="bbox 397 3625 1608 3700; baseline 0.001 -16"><span class='ocrx_word' id='word_1_261' title='bbox 397 3625 562 3684; x_wconf 83' lang='lat' dir='ltr'><strong>innumeris</strong></span> <span class='ocrx_word' id='word_1_262' title='bbox 583 3625 662 3684; x_wconf 90' lang='lat' dir='ltr'><strong>locis</strong></span> <span class='ocrx_word' id='word_1_263' title='bbox 689 3631 847 3685; x_wconf 88' lang='lat' dir='ltr'><strong>mutantur.</strong></span> <span class='ocrx_word' id='word_1_264' title='bbox 879 3626 937 3686; x_wconf 90' lang='lat' dir='ltr'><strong>sed</strong></span> <span class='ocrx_word' id='word_1_265' title='bbox 965 3627 1024 3687; x_wconf 86' lang='lat' dir='ltr'><strong>hoc</strong></span> <span class='ocrx_word' id='word_1_266' title='bbox 1045 3627 1120 3686; x_wconf 89' lang='lat' dir='ltr'><strong>satis</strong></span> <span class='ocrx_word' id='word_1_267' title='bbox 1143 3625 1335 3686; x_wconf 78' lang='lat' dir='ltr'><strong>manifestum</strong></span> <span class='ocrx_word' id='word_1_268' title='bbox 1362 3629 1418 3700; x_wconf 83' lang='lat' dir='ltr'><strong>est,</strong></span> <span class='ocrx_word' id='word_1_269' title='bbox 1451 3627 1533 3686; x_wconf 87' lang='lat' dir='ltr'><strong>haud</strong></span> <span class='ocrx_word' id='word_1_270' title='bbox 1555 3626 1608 3685; x_wconf 79' lang='lat' dir='ltr'><strong>sa-</strong></span> 
     </span>
     <span class='ocr_line' id='line_1_29' title="bbox 398 3731 1609 3810; baseline 0.002 -20"><span class='ocrx_word' id='word_1_271' title='bbox 398 3731 458 3790; x_wconf 88' lang='lat' dir='ltr'><strong>cile</strong></span> <span class='ocrx_word' id='word_1_272' title='bbox 487 3749 506 3790; x_wconf 93' lang='lat' dir='ltr'><strong>a</strong></span> <span class='ocrx_word' id='word_1_273' title='bbox 535 3731 673 3791; x_wconf 86' lang='lat' dir='ltr'><strong>librariis</strong></span> <span class='ocrx_word' id='word_1_274' title='bbox 703 3734 829 3792; x_wconf 90' lang='lat' dir='ltr'><strong>verbum</strong></span> <span class='ocrx_word' id='word_1_275' title='bbox 860 3733 992 3809; x_wconf 85' lang='lat' dir='ltr'><strong>simplex</strong></span> <span class='ocrx_word' id='word_1_276' title='bbox 1020 3751 1077 3810; x_wconf 88' lang='lat' dir='ltr'><strong>pro</strong></span> <span class='ocrx_word' id='word_1_277' title='bbox 1108 3735 1281 3810; x_wconf 88' lang='lat' dir='ltr'><strong>composito</strong></span> <span class='ocrx_word' id='word_1_278' title='bbox 1311 3734 1428 3810; x_wconf 92' lang='lat' dir='ltr'><strong>reponi.</strong></span> <span class='ocrx_word' id='word_1_279' title='bbox 1475 3733 1609 3792; x_wconf 82' lang='lat' dir='ltr'><strong>Accedit</strong></span> 
     </span>
     <span class='ocr_line' id='line_1_30' title="bbox 399 3835 1608 3916; baseline 0.003 -20"><span class='ocrx_word' id='word_1_280' title='bbox 399 3838 480 3913; x_wconf 87' lang='lat' dir='ltr'><strong>quod</strong></span> <span class='ocrx_word' id='word_1_281' title='bbox 512 3835 663 3897; x_wconf 89' lang='lat' dir='ltr'><strong>Salustius</strong></span> <span class='ocrx_word' id='word_1_282' title='bbox 699 3838 760 3896; x_wconf 89' lang='lat' dir='ltr'><strong>hoc</strong></span> <span class='ocrx_word' id='word_1_283' title='bbox 794 3839 976 3899; x_wconf 86' lang='lat' dir='ltr'><strong>vocabulum</strong></span> <span class='ocrx_word' id='word_1_284' title='bbox 1010 3840 1121 3916; x_wconf 87' lang='lat' dir='ltr'><strong>saepius</strong></span> <span class='ocrx_word' id='word_1_285' title='bbox 1154 3845 1290 3916; x_wconf 87' lang='lat' dir='ltr'><strong>usurpat.</strong></span> <span class='ocrx_word' id='word_1_286' title='bbox 1318 3839 1373 3898; x_wconf 84' lang='lat' dir='ltr'><strong>cfr.</strong></span> <span class='ocrx_word' id='word_1_287' title='bbox 1404 3839 1434 3898; x_wconf 85' lang='lat' dir='ltr'><strong>C.</strong></span> <span class='ocrx_word' id='word_1_288' title='bbox 1465 3843 1493 3898; x_wconf 76' lang='lat'><strong>2.</strong></span> <span class='ocrx_word' id='word_1_289' title='bbox 1522 3845 1608 3900; x_wconf 79' lang='lat' dir='ltr'><strong>cilone</strong></span> 
     </span>
     <span class='ocr_line' id='line_1_31' title="bbox 398 3945 1611 4026; baseline 0.002 -22"><span class='ocrx_word' id='word_1_290' title='bbox 398 3949 585 4026; x_wconf 30' lang='lat' dir='ltr'><strong>mortemque·</strong></span> <span class='ocrx_word' id='word_1_291' title='bbox 609 3949 693 4004; x_wconf 79' lang='lat' dir='ltr'><strong>inelo</strong></span> <span class='ocrx_word' id='word_1_292' title='bbox 732 3949 848 4004; x_wconf 77' lang='lat' dir='ltr'><strong>cadmo.</strong></span> <span class='ocrx_word' id='word_1_293' title='bbox 902 3945 932 4003; x_wconf 84' lang='lat' dir='ltr'><strong>C.</strong></span> <span class='ocrx_word' id='word_1_294' title='bbox 964 3948 1002 4004; x_wconf 88' lang='lat'><strong>10</strong></span> <span class='ocrx_word' id='word_1_295' title='bbox 1038 3950 1181 4006; x_wconf 70' lang='lat' dir='ltr'><strong>clericidas</strong></span> <span class='ocrx_word' id='word_1_296' title='bbox 1219 3949 1437 4024; x_wconf 79' lang='lat' dir='ltr'><strong>inimicitiosqae</strong></span> <span class='ocrx_word' id='word_1_297' title='bbox 1469 3963 1528 4006; x_wconf 89' lang='lat' dir='ltr'><strong>non</strong></span> <span class='ocrx_word' id='word_1_298' title='bbox 1568 3965 1611 4006; x_wconf 73' lang='lat' dir='ltr'><strong>er</strong></span> 
     </span>
     <span class='ocr_line' id='line_1_32' title="bbox 398 4051 1611 4130; baseline 0.005 -22"><span class='ocrx_word' id='word_1_299' title='bbox 398 4067 433 4108; x_wconf 89' lang='lat' dir='ltr'><strong>ro</strong></span> <span class='ocrx_word' id='word_1_300' title='bbox 457 4051 509 4109; x_wconf 82' lang='lat' dir='ltr'><strong>sed</strong></span> <span class='ocrx_word' id='word_1_301' title='bbox 532 4067 572 4108; x_wconf 77' lang='lat' dir='ltr'><strong>eo</strong></span> <span class='ocrx_word' id='word_1_302' title='bbox 599 4051 746 4109; x_wconf 85' lang='lat' dir='ltr'><strong>commodo</strong></span> <span class='ocrx_word' id='word_1_303' title='bbox 780 4055 940 4126; x_wconf 79' lang='lat' dir='ltr'><strong>‹eelimorc;</strong></span> <span class='ocrx_word' id='word_1_304' title='bbox 973 4057 1068 4130; x_wconf 81' lang='lat' dir='ltr'><strong>quinis</strong></span> <span class='ocrx_word' id='word_1_305' title='bbox 1101 4054 1203 4114; x_wconf 80' lang='lat' dir='ltr'><strong>modiis</strong></span> <span class='ocrx_word' id='word_1_306' title='bbox 1237 4053 1392 4114; x_wconf 54' lang='lat' dir='ltr'><strong>&amp;balmen</strong></span> <span class='ocrx_word' id='word_1_307' title='bbox 1428 4058 1611 4114; x_wconf 74' lang='lat' dir='ltr'><strong>mdmucere</strong></span> 
     </span>
     <span class='ocr_line' id='line_1_33' title="bbox 400 4157 1609 4237; baseline 0.007 -23"><span class='ocrx_word' id='word_1_308' title='bbox 400 4157 450 4215; x_wconf 92' lang='lat' dir='ltr'><strong>0r.</strong></span> <span class='ocrx_word' id='word_1_309' title='bbox 476 4158 580 4218; x_wconf 83' lang='lat' dir='ltr'><strong>Macri.</strong></span> <span class='ocrx_word' id='word_1_310' title='bbox 610 4173 647 4216; x_wconf 88' lang='lat' dir='ltr'><strong>eo</strong></span> <span class='ocrx_word' id='word_1_311' title='bbox 671 4158 800 4234; x_wconf 76' lang='lat' dir='ltr'><strong>nefando</strong></span> <span class='ocrx_word' id='word_1_312' title='bbox 820 4161 971 4218; x_wconf 80' lang='lat' dir='ltr'><strong>oelimoro.</strong></span> <span class='ocrx_word' id='word_1_313' title='bbox 1002 4159 1052 4218; x_wconf 91' lang='lat' dir='ltr'><strong>0r.</strong></span> <span class='ocrx_word' id='word_1_314' title='bbox 1079 4160 1150 4237; x_wconf 85' lang='lat' dir='ltr'><strong>Lep.</strong></span> <span class='ocrx_word' id='word_1_315' title='bbox 1180 4162 1262 4237; x_wconf 77' lang='lat' dir='ltr'><strong>focio</strong></span> <span class='ocrx_word' id='word_1_316' title='bbox 1291 4167 1388 4219; x_wconf 76' lang='lat' dir='ltr'><strong>oestro</strong></span> <span class='ocrx_word' id='word_1_317' title='bbox 1417 4167 1609 4222; x_wconf 65' lang='lat' dir='ltr'><strong>cremauere.</strong></span> 
     </span>
     <span class='ocr_line' id='line_1_34' title="bbox 400 4263 1610 4345; baseline 0.006 -23"><span class='ocrx_word' id='word_1_318' title='bbox 400 4267 518 4322; x_wconf 74' lang='lat' dir='ltr'><strong>ocelim</strong></span> <span class='ocrx_word' id='word_1_319' title='bbox 546 4263 576 4322; x_wconf 85' lang='lat' dir='ltr'><strong>G.</strong></span> <span class='ocrx_word' id='word_1_320' title='bbox 599 4267 627 4323; x_wconf 85' lang='grc'><strong>8.</strong></span> <span class='ocrx_word' id='word_1_321' title='bbox 655 4265 753 4324; x_wconf 82' lang='lat' dir='ltr'><strong>Atlen.</strong></span> <span class='ocrx_word' id='word_1_322' title='bbox 774 4282 824 4324; x_wconf 86' lang='lat' dir='ltr'><strong>ree</strong></span> <span class='ocrx_word' id='word_1_323' title='bbox 844 4272 940 4342; x_wconf 79' lang='lat' dir='ltr'><strong>perio,</strong></span> <span class='ocrx_word' id='word_1_324' title='bbox 966 4269 1041 4326; x_wconf 74' lang='lat' dir='ltr'><strong>siem</strong></span> <span class='ocrx_word' id='word_1_325' title='bbox 1061 4283 1114 4343; x_wconf 76' lang='lat' dir='ltr'><strong>epo</strong></span> <span class='ocrx_word' id='word_1_326' title='bbox 1132 4275 1259 4342; x_wconf 74' lang='lat' dir='ltr'><strong>camino,</strong></span> <span class='ocrx_word' id='word_1_327' title='bbox 1281 4271 1352 4326; x_wconf 84' lang='lat' dir='ltr'><strong>solia</strong></span> <span class='ocrx_word' id='word_1_328' title='bbox 1374 4268 1476 4343; x_wconf 85' lang='lat' dir='ltr'><strong>ornploe</strong></span> <span class='ocrx_word' id='word_1_329' title='bbox 1495 4275 1610 4345; x_wconf 65' lang='lat' dir='ltr'><strong>mope-</strong></span> 
     </span>
     <span class='ocr_line' id='line_1_35' title="bbox 398 4369 1611 4451; baseline 0.007 -23"><span class='ocrx_word' id='word_1_330' title='bbox 398 4369 519 4446; x_wconf 77' lang='lat' dir='ltr'><strong>ficreque</strong></span> <span class='ocrx_word' id='word_1_331' title='bbox 546 4371 641 4446; x_wconf 81' lang='lat' dir='ltr'><strong>foere.</strong></span> <span class='ocrx_word' id='word_1_332' title='bbox 673 4369 736 4447; x_wconf 86' lang='lat' dir='ltr'><strong>lag.</strong></span> <span class='ocrx_word' id='word_1_333' title='bbox 765 4374 823 4430; x_wconf 86' lang='lat'><strong>11⁰</strong></span> <span class='ocrx_word' id='word_1_334' title='bbox 867 4373 952 4450; x_wconf 81' lang='lat' dir='ltr'><strong>Nom,</strong></span> <span class='ocrx_word' id='word_1_335' title='bbox 988 4381 1020 4433; x_wconf 84' lang='lat' dir='ltr'><strong>ul</strong></span> <span class='ocrx_word' id='word_1_336' title='bbox 1049 4392 1102 4451; x_wconf 76' lang='lat' dir='ltr'><strong>epo</strong></span> <span class='ocrx_word' id='word_1_337' title='bbox 1131 4382 1269 4448; x_wconf 75' lang='lat' dir='ltr'><strong>oesmmo,</strong></span> <span class='ocrx_word' id='word_1_338' title='bbox 1305 4375 1372 4434; x_wconf 86' lang='lat' dir='ltr'><strong>Tac.</strong></span> <span class='ocrx_word' id='word_1_339' title='bbox 1403 4374 1505 4435; x_wconf 87' lang='lat' dir='ltr'><strong>Germ.</strong></span> <span class='ocrx_word' id='word_1_340' title='bbox 1522 4379 1548 4436; x_wconf 92' lang='grc'><strong>6.</strong></span> <span class='ocrx_word' id='word_1_341' title='bbox 1580 4378 1611 4437; x_wconf 93' lang='lat' dir='ltr'><strong>in</strong></span> 
     </span>
     <span class='ocr_line' id='line_1_36' title="bbox 400 4477 1610 4557; baseline 0.005 -21"><span class='ocrx_word' id='word_1_342' title='bbox 400 4477 575 4536; x_wconf 91' lang='lat' dir='ltr'><strong>universum</strong></span> <span class='ocrx_word' id='word_1_343' title='bbox 610 4477 774 4536; x_wconf 85' lang='lat' dir='ltr'><strong>aestimanti</strong></span> <span class='ocrx_word' id='word_1_344' title='bbox 807 4479 875 4555; x_wconf 91' lang='lat' dir='ltr'><strong>plus</strong></span> <span class='ocrx_word' id='word_1_345' title='bbox 905 4497 1002 4556; x_wconf 91' lang='lat' dir='ltr'><strong>penes</strong></span> <span class='ocrx_word' id='word_1_346' title='bbox 1030 4482 1164 4557; x_wconf 88' lang='lat' dir='ltr'><strong>peditem</strong></span> <span class='ocrx_word' id='word_1_347' title='bbox 1193 4483 1326 4541; x_wconf 79' lang='lat' dir='ltr'><strong>roboris</strong></span> <span class='ocrx_word' id='word_1_348' title='bbox 1358 4483 1435 4542; x_wconf 84' lang='lat' dir='ltr'><strong>Anu.</strong></span> <span class='ocrx_word' id='word_1_349' title='bbox 1469 4501 1533 4544; x_wconf 83' lang='lat' dir='ltr'><strong>xum</strong></span> <span class='ocrx_word' id='word_1_350' title='bbox 1564 4488 1610 4544; x_wconf 78' lang='grc'><strong>17.</strong></span> 
     </span>
     <span class='ocr_line' id='line_1_37' title="bbox 401 4583 1612 4663; baseline 0.007 -21"><span class='ocrx_word' id='word_1_351' title='bbox 401 4583 541 4657; x_wconf 86' lang='lat' dir='ltr'><strong>antiquas</strong></span> <span class='ocrx_word' id='word_1_352' title='bbox 565 4584 692 4643; x_wconf 88' lang='lat' dir='ltr'><strong>iratrum</strong></span> <span class='ocrx_word' id='word_1_353' title='bbox 708 4585 880 4645; x_wconf 87' lang='lat' dir='ltr'><strong>discordias</strong></span> <span class='ocrx_word' id='word_1_354' title='bbox 897 4588 928 4644; x_wconf 87' lang='lat' dir='ltr'><strong>ct</strong></span> <span class='ocrx_word' id='word_1_355' title='bbox 941 4587 1123 4647; x_wconf 88' lang='lat' dir='ltr'><strong>insociabile</strong></span> <span class='ocrx_word' id='word_1_356' title='bbox 1142 4605 1268 4663; x_wconf 84' lang='lat' dir='ltr'><strong>regnum</strong></span> <span class='ocrx_word' id='word_1_357' title='bbox 1283 4589 1479 4648; x_wconf 85' lang='lat' dir='ltr'><strong>aestimantes.</strong></span> <span class='ocrx_word' id='word_1_358' title='bbox 1511 4590 1612 4659; x_wconf 79' lang='lat' dir='ltr'><strong>Quint</strong></span> 
     </span>
     <span class='ocr_line' id='line_1_38' title="bbox 401 4691 1610 4774; baseline 0.004 -24"><span class='ocrx_word' id='word_1_359' title='bbox 401 4709 442 4750; x_wconf 91' lang='grc' dir='ltr'><strong>ιιι.</strong></span> <span class='ocrx_word' id='word_1_360' title='bbox 472 4693 499 4750; x_wconf 86' lang='grc'><strong>6.</strong></span> <span class='ocrx_word' id='word_1_361' title='bbox 523 4694 569 4750; x_wconf 86' lang='grc'><strong>80.</strong></span> <span class='ocrx_word' id='word_1_362' title='bbox 593 4693 682 4767; x_wconf 78' lang='lat' dir='ltr'><strong>quod,</strong></span> <span class='ocrx_word' id='word_1_363' title='bbox 710 4691 782 4767; x_wconf 89' lang='lat' dir='ltr'><strong>quid</strong></span> <span class='ocrx_word' id='word_1_364' title='bbox 804 4694 846 4752; x_wconf 89' lang='lat' dir='ltr'><strong>sit</strong></span> <span class='ocrx_word' id='word_1_365' title='bbox 871 4699 903 4754; x_wconf 89' lang='lat' dir='ltr'><strong>et</strong></span> <span class='ocrx_word' id='word_1_366' title='bbox 930 4693 1021 4768; x_wconf 86' lang='lat' dir='ltr'><strong>quale</strong></span> <span class='ocrx_word' id='word_1_367' title='bbox 1047 4694 1095 4768; x_wconf 85' lang='lat' dir='ltr'><strong>sit,</strong></span> <span class='ocrx_word' id='word_1_368' title='bbox 1125 4699 1212 4754; x_wconf 86' lang='lat' dir='ltr'><strong>certe</strong></span> <span class='ocrx_word' id='word_1_369' title='bbox 1243 4713 1302 4754; x_wconf 93' lang='lat' dir='ltr'><strong>non</strong></span> <span class='ocrx_word' id='word_1_370' title='bbox 1331 4699 1434 4774; x_wconf 89' lang='lat' dir='ltr'><strong>potest</strong></span> <span class='ocrx_word' id='word_1_371' title='bbox 1454 4697 1610 4755; x_wconf 85' lang='lat' dir='ltr'><strong>aestimari.</strong></span> 
     </span>
    </p>
   </div>
   <div class='ocr_carea' id='block_1_3' title="bbox 0 0 1804 5602">
    <p class='ocr_par' dir='ltr' id='par_1_3' title="bbox 0 0 1804 5602">
     <span class='ocr_line' id='line_1_39' title="bbox 0 0 1804 5602; baseline 0 0"><span class='ocrx_word' id='word_1_372' title='bbox 0 0 1804 5602; x_wconf 95' lang='lat' dir='ltr'><strong> </strong></span> 
     </span>
    </p>
   </div>
  </div>
 </body>
</html>
