<?xml version="1.0" encoding="UTF-8"?>
<!DOCTYPE html PUBLIC "-//W3C//DTD XHTML 1.0 Transitional//EN"
    "http://www.w3.org/TR/xhtml1/DTD/xhtml1-transitional.dtd">
<html xmlns="http://www.w3.org/1999/xhtml" xml:lang="en" lang="en">
 <head>
  <title>
</title>
<meta http-equiv="Content-Type" content="text/html;charset=utf-8" />
  <meta name='ocr-system' content='tesseract 3.04.00' />
  <meta name='ocr-capabilities' content='ocr_page ocr_carea ocr_par ocr_line ocrx_word'/>
</head>
<body>
  <div class='ocr_page' id='page_1' title='image "./gaisalustiicris00rothgoog_0299.png"; bbox 0 0 3554 5600; ppageno 0'>
   <div class='ocr_carea' id='block_1_1' title="bbox 413 639 486 707">
    <p class='ocr_par' dir='ltr' id='par_1_1' title="bbox 413 639 486 707">
     <span class='ocr_line' id='line_1_1' title="bbox 413 639 486 707; baseline 0 -1"><span class='ocrx_word' id='word_1_1' title='bbox 413 639 486 707; x_wconf 77' lang='lat'><strong>262</strong></span> 
     </span>
    </p>
   </div>
   <div class='ocr_carea' id='block_1_2' title="bbox 413 833 1623 1174">
    <p class='ocr_par' dir='ltr' id='par_1_2' title="bbox 413 833 1623 1174">
     <span class='ocr_line' id='line_1_2' title="bbox 413 833 1621 920; baseline 0 -14"><span class='ocrx_word' id='word_1_2' title='bbox 413 833 537 906; x_wconf 85' lang='grc'><strong>4-7.</strong></span> <span class='ocrx_word' id='word_1_3' title='bbox 643 836 697 906; x_wconf 92' lang='grc'><strong>11.</strong></span> <span class='ocrx_word' id='word_1_4' title='bbox 724 835 916 906; x_wconf 83' lang='lat' dir='ltr'><strong>Silicemios</strong></span> <span class='ocrx_word' id='word_1_5' title='bbox 941 835 1007 906; x_wconf 86' lang='lat' dir='ltr'><strong>dici</strong></span> <span class='ocrx_word' id='word_1_6' title='bbox 1038 835 1215 906; x_wconf 87' lang='lat' dir='ltr'><strong>voluerunt</strong></span> <span class='ocrx_word' id='word_1_7' title='bbox 1240 857 1335 906; x_wconf 87' lang='lat' dir='ltr'><strong>senes</strong></span> <span class='ocrx_word' id='word_1_8' title='bbox 1360 837 1428 906; x_wconf 84' lang='lat' dir='ltr'><strong>ium</strong></span> <span class='ocrx_word' id='word_1_9' title='bbox 1454 837 1621 920; x_wconf 84' lang='lat' dir='ltr'><strong>incurvos,</strong></span> 
     </span>
     <span class='ocr_line' id='line_1_3' title="bbox 414 957 1623 1052; baseline 0.001 -24"><span class='ocrx_word' id='word_1_10' title='bbox 414 958 510 1052; x_wconf 80' lang='lat' dir='ltr'><strong>quusi</strong></span> <span class='ocrx_word' id='word_1_11' title='bbox 535 957 600 1027; x_wconf 82' lang='lat' dir='ltr'><strong>iem</strong></span> <span class='ocrx_word' id='word_1_12' title='bbox 616 959 845 1051; x_wconf 89' lang='lat' dir='ltr'><strong>sepulcrorum</strong></span> <span class='ocrx_word' id='word_1_13' title='bbox 870 980 1006 1030; x_wconf 90' lang='lat' dir='ltr'><strong>suorum</strong></span> <span class='ocrx_word' id='word_1_14' title='bbox 1032 959 1141 1028; x_wconf 80' lang='lat' dir='ltr'><strong>silices</strong></span> <span class='ocrx_word' id='word_1_15' title='bbox 1158 969 1345 1040; x_wconf 87' lang='lat' dir='ltr'><strong>cernentes;</strong></span> <span class='ocrx_word' id='word_1_16' title='bbox 1371 959 1460 1030; x_wconf 87' lang='lat' dir='ltr'><strong>unde</strong></span> <span class='ocrx_word' id='word_1_17' title='bbox 1485 971 1519 1030; x_wconf 86' lang='lat' dir='ltr'><strong>et</strong></span> <span class='ocrx_word' id='word_1_18' title='bbox 1539 961 1623 1031; x_wconf 87' lang='lat' dir='ltr'><strong>Cin-</strong></span> 
     </span>
     <span class='ocr_line' id='line_1_4' title="bbox 415 1081 1621 1174; baseline 0.001 -21"><span class='ocrx_word' id='word_1_19' title='bbox 415 1083 486 1154; x_wconf 87' lang='lat' dir='ltr'><strong>cius</strong></span> <span class='ocrx_word' id='word_1_20' title='bbox 506 1082 693 1152; x_wconf 70' lang='lat' dir='ltr'><strong>Alimentus</strong></span> <span class='ocrx_word' id='word_1_21' title='bbox 718 1083 753 1151; x_wconf 93' lang='lat' dir='ltr'><strong>in</strong></span> <span class='ocrx_word' id='word_1_22' title='bbox 779 1081 927 1162; x_wconf 85' lang='lat' dir='ltr'><strong>bistoric,</strong></span> <span class='ocrx_word' id='word_1_23' title='bbox 953 1081 994 1152; x_wconf 89' lang='lat' dir='ltr'><strong>de</strong></span> <span class='ocrx_word' id='word_1_24' title='bbox 1017 1083 1143 1174; x_wconf 81' lang='lat' dir='ltr'><strong>Gorgia</strong></span> <span class='ocrx_word' id='word_1_25' title='bbox 1163 1084 1325 1153; x_wconf 89' lang='lat' dir='ltr'><strong>Leontino</strong></span> <span class='ocrx_word' id='word_1_26' title='bbox 1350 1084 1466 1154; x_wconf 80' lang='lat' dir='ltr'><strong>scribit</strong></span> <span class='ocrx_word' id='word_1_27' title='bbox 1489 1085 1621 1155; x_wconf 86' lang='lat' dir='ltr'><strong>dicens:</strong></span> 
     </span>
    </p>
   </div>
   <div class='ocr_carea' id='block_1_3' title="bbox 416 1207 1757 1303">
    <p class='ocr_par' dir='ltr' id='par_1_3' title="bbox 416 1207 1757 1303">
     <span class='ocr_line' id='line_1_5' title="bbox 416 1207 1757 1303; baseline -0.004 -22"><span class='ocrx_word' id='word_1_28' title='bbox 416 1209 580 1303; x_wconf 88' lang='lat' dir='ltr'><strong>quidum</strong></span> <span class='ocrx_word' id='word_1_29' title='bbox 605 1208 670 1278; x_wconf 83' lang='lat' dir='ltr'><strong>inm</strong></span> <span class='ocrx_word' id='word_1_30' title='bbox 704 1209 890 1278; x_wconf 83' lang='lat' dir='ltr'><strong>siticernius</strong></span> <span class='ocrx_word' id='word_1_31' title='bbox 925 1207 1027 1278; x_wconf 86' lang='lat' dir='ltr'><strong>finem</strong></span> <span class='ocrx_word' id='word_1_32' title='bbox 1055 1207 1106 1278; x_wconf 87' lang='lat' dir='ltr'><strong>sui</strong></span> <span class='ocrx_word' id='word_1_33' title='bbox 1138 1209 1294 1302; x_wconf 90' lang='lat' dir='ltr'><strong>temporis</strong></span> <span class='ocrx_word' id='word_1_34' title='bbox 1325 1219 1524 1302; x_wconf 80' lang='lat' dir='ltr'><strong>expectaret,</strong></span> <span class='ocrx_word' id='word_1_35' title='bbox 1561 1209 1622 1279; x_wconf 86' lang='lat' dir='ltr'><strong>etsi</strong></span> <span class='ocrx_word' id='word_1_36' title='bbox 1756 1222 1757 1260; x_wconf 81' lang='lat'>1</span> 
     </span>
    </p>
   </div>
   <div class='ocr_carea' id='block_1_4' title="bbox 415 1332 1623 2299">
    <p class='ocr_par' dir='ltr' id='par_1_4' title="bbox 415 1332 1623 2299">
     <span class='ocr_line' id='line_1_6' title="bbox 415 1332 1622 1428; baseline 0.002 -26"><span class='ocrx_word' id='word_1_37' title='bbox 415 1333 515 1404; x_wconf 90' lang='lat' dir='ltr'><strong>morti</strong></span> <span class='ocrx_word' id='word_1_38' title='bbox 539 1355 606 1402; x_wconf 92' lang='lat' dir='ltr'><strong>non</strong></span> <span class='ocrx_word' id='word_1_39' title='bbox 632 1332 747 1425; x_wconf 92' lang='lat' dir='ltr'><strong>potuit,</strong></span> <span class='ocrx_word' id='word_1_40' title='bbox 782 1343 895 1402; x_wconf 83' lang='lat' dir='ltr'><strong>tumen</strong></span> <span class='ocrx_word' id='word_1_41' title='bbox 924 1332 1171 1402; x_wconf 80' lang='lat' dir='ltr'><strong>infirmitatibus</strong></span> <span class='ocrx_word' id='word_1_42' title='bbox 1203 1333 1382 1404; x_wconf 75' lang='lat' dir='ltr'><strong>insultavit.</strong></span> <span class='ocrx_word' id='word_1_43' title='bbox 1435 1335 1622 1428; x_wconf 68' lang='lat' dir='ltr'><strong>Fuigentius</strong></span> 
     </span>
     <span class='ocr_line' id='line_1_7' title="bbox 417 1457 1622 1553; baseline -0.003 -23"><span class='ocrx_word' id='word_1_44' title='bbox 417 1483 523 1552; x_wconf 74' lang='lat' dir='ltr'><strong>cmpos.</strong></span> <span class='ocrx_word' id='word_1_45' title='bbox 548 1481 639 1528; x_wconf 81' lang='lat' dir='ltr'><strong>cerm.</strong></span> <span class='ocrx_word' id='word_1_46' title='bbox 666 1461 767 1550; x_wconf 78' lang='lat' dir='ltr'><strong>antip.</strong></span> <span class='ocrx_word' id='word_1_47' title='bbox 790 1483 825 1551; x_wconf 89' lang='lat' dir='ltr'><strong>p.</strong></span> <span class='ocrx_word' id='word_1_48' title='bbox 844 1457 928 1540; x_wconf 79' lang='lat'><strong>560,</strong></span> <span class='ocrx_word' id='word_1_49' title='bbox 955 1457 1014 1531; x_wconf 84' lang='lat'><strong>20.</strong></span> <span class='ocrx_word' id='word_1_50' title='bbox 1120 1459 1176 1529; x_wconf 78' lang='lat' dir='ltr'><strong>tn.</strong></span> <span class='ocrx_word' id='word_1_51' title='bbox 1203 1459 1357 1542; x_wconf 79' lang='lat' dir='ltr'><strong>Quantae</strong></span> <span class='ocrx_word' id='word_1_52' title='bbox 1378 1460 1493 1553; x_wconf 86' lang='lat' dir='ltr'><strong>copinc</strong></span> <span class='ocrx_word' id='word_1_53' title='bbox 1513 1469 1622 1528; x_wconf 60' lang='lat' dir='ltr'><strong>mans</strong></span> 
     </span>
     <span class='ocr_line' id='line_1_8' title="bbox 418 1561 1622 1677; baseline -0.002 -23"><span class='ocrx_word' id='word_1_54' title='bbox 418 1605 531 1674; x_wconf 87' lang='lat' dir='ltr'><strong>gresso</strong></span> <span class='ocrx_word' id='word_1_55' title='bbox 556 1583 592 1654; x_wconf 88' lang='lat' dir='ltr'><strong>in</strong></span> <span class='ocrx_word' id='word_1_56' title='bbox 608 1583 737 1654; x_wconf 83' lang='lat' dir='ltr'><strong>ltnlium</strong></span> <span class='ocrx_word' id='word_1_57' title='bbox 759 1561 941 1654; x_wconf 77' lang='lat' dir='ltr'><strong>Hannibali</strong></span> <span class='ocrx_word' id='word_1_58' title='bbox 969 1583 1102 1666; x_wconf 84' lang='lat' dir='ltr'><strong>suerint,</strong></span> <span class='ocrx_word' id='word_1_59' title='bbox 1128 1607 1339 1677; x_wconf 81' lang='lat' dir='ltr'><strong>nequaquem</strong></span> <span class='ocrx_word' id='word_1_60' title='bbox 1365 1585 1452 1653; x_wconf 86' lang='lat' dir='ltr'><strong>inter</strong></span> <span class='ocrx_word' id='word_1_61' title='bbox 1471 1592 1622 1652; x_wconf 78' lang='lat' dir='ltr'><strong>auctores</strong></span> 
     </span>
     <span class='ocr_line' id='line_1_9' title="bbox 418 1707 1623 1802; baseline -0.002 -24"><span class='ocrx_word' id='word_1_62' title='bbox 418 1718 543 1778; x_wconf 84' lang='lat' dir='ltr'><strong>constet</strong></span> <span class='ocrx_word' id='word_1_63' title='bbox 561 1760 570 1778; x_wconf 86' lang='lat'><strong>.</strong></span> <span class='ocrx_word' id='word_1_64' title='bbox 591 1760 628 1777; x_wconf 92' lang='lat'><strong>..</strong></span> <span class='ocrx_word' id='word_1_65' title='bbox 660 1709 698 1778; x_wconf 91' lang='lat' dir='ltr'><strong>L.</strong></span> <span class='ocrx_word' id='word_1_66' title='bbox 725 1707 859 1778; x_wconf 83' lang='lat' dir='ltr'><strong>Cincius</strong></span> <span class='ocrx_word' id='word_1_67' title='bbox 884 1708 1082 1788; x_wconf 77' lang='lat' dir='ltr'><strong>Alimentus,</strong></span> <span class='ocrx_word' id='word_1_68' title='bbox 1116 1709 1175 1802; x_wconf 89' lang='lat' dir='ltr'><strong>qui</strong></span> <span class='ocrx_word' id='word_1_69' title='bbox 1200 1719 1333 1801; x_wconf 81' lang='lat' dir='ltr'><strong>ceptum</strong></span> <span class='ocrx_word' id='word_1_70' title='bbox 1360 1731 1394 1776; x_wconf 89' lang='lat' dir='ltr'><strong>se</strong></span> <span class='ocrx_word' id='word_1_71' title='bbox 1419 1708 1462 1777; x_wconf 87' lang='lat' dir='ltr'><strong>ub</strong></span> <span class='ocrx_word' id='word_1_72' title='bbox 1488 1707 1623 1777; x_wconf 82' lang='lat' dir='ltr'><strong>Hunni-</strong></span> 
     </span>
     <span class='ocr_line' id='line_1_10' title="bbox 418 1831 1623 1916; baseline -0.003 -12"><span class='ocrx_word' id='word_1_73' title='bbox 418 1832 493 1904; x_wconf 84' lang='lat' dir='ltr'><strong>bcle</strong></span> <span class='ocrx_word' id='word_1_74' title='bbox 517 1832 642 1916; x_wconf 84' lang='lat' dir='ltr'><strong>scribit,</strong></span> <span class='ocrx_word' id='word_1_75' title='bbox 668 1833 816 1903; x_wconf 76' lang='lat' dir='ltr'><strong>maxime</strong></span> <span class='ocrx_word' id='word_1_76' title='bbox 842 1842 958 1902; x_wconf 77' lang='lat' dir='ltr'><strong>auctor</strong></span> <span class='ocrx_word' id='word_1_77' title='bbox 982 1841 1141 1915; x_wconf 87' lang='lat' dir='ltr'><strong>moveret,</strong></span> <span class='ocrx_word' id='word_1_78' title='bbox 1168 1831 1231 1900; x_wconf 89' lang='lat' dir='ltr'><strong>nisi</strong></span> <span class='ocrx_word' id='word_1_79' title='bbox 1257 1831 1477 1900; x_wconf 80' lang='lat' dir='ltr'><strong>confunderet</strong></span> <span class='ocrx_word' id='word_1_80' title='bbox 1501 1853 1623 1900; x_wconf 90' lang='lat' dir='ltr'><strong>nume-</strong></span> 
     </span>
     <span class='ocr_line' id='line_1_11' title="bbox 417 1953 1621 2049; baseline -0.003 -23"><span class='ocrx_word' id='word_1_81' title='bbox 417 1978 492 2026; x_wconf 89' lang='lat' dir='ltr'><strong>rum</strong></span> <span class='ocrx_word' id='word_1_82' title='bbox 524 1955 627 2028; x_wconf 83' lang='lat' dir='ltr'><strong>Gallis</strong></span> <span class='ocrx_word' id='word_1_83' title='bbox 661 1957 908 2049; x_wconf 81' lang='lat' dir='ltr'><strong>Liguribusque</strong></span> <span class='ocrx_word' id='word_1_84' title='bbox 942 1956 1080 2034; x_wconf 57' lang='lat' dir='ltr'><strong>audiun</strong></span> <span class='ocrx_word' id='word_1_85' title='bbox 1120 1977 1196 2024; x_wconf 91' lang='lat' dir='ltr'><strong>cum</strong></span> <span class='ocrx_word' id='word_1_86' title='bbox 1235 1953 1287 2024; x_wconf 88' lang='lat' dir='ltr'><strong>bis</strong></span> <span class='ocrx_word' id='word_1_87' title='bbox 1324 1954 1491 2046; x_wconf 76' lang='lat' dir='ltr'><strong>octoginta</strong></span> <span class='ocrx_word' id='word_1_88' title='bbox 1529 1953 1621 2023; x_wconf 76' lang='lat' dir='ltr'><strong>milis</strong></span> 
     </span>
     <span class='ocr_line' id='line_1_12' title="bbox 418 2079 1622 2175; baseline -0.001 -25"><span class='ocrx_word' id='word_1_89' title='bbox 418 2079 576 2172; x_wconf 83' lang='lat' dir='ltr'><strong>peditum,</strong></span> <span class='ocrx_word' id='word_1_90' title='bbox 604 2081 719 2151; x_wconf 84' lang='lat' dir='ltr'><strong>decem</strong></span> <span class='ocrx_word' id='word_1_91' title='bbox 745 2081 893 2175; x_wconf 90' lang='lat' dir='ltr'><strong>equitum</strong></span> <span class='ocrx_word' id='word_1_92' title='bbox 922 2081 1062 2152; x_wconf 80' lang='lat' dir='ltr'><strong>adducto</strong></span> <span class='ocrx_word' id='word_1_93' title='bbox 1088 2079 1121 2149; x_wconf 89' lang='lat' dir='ltr'><strong>in</strong></span> <span class='ocrx_word' id='word_1_94' title='bbox 1147 2080 1277 2150; x_wconf 70' lang='lat' dir='ltr'><strong>ltaliam</strong></span> <span class='ocrx_word' id='word_1_95' title='bbox 1299 2131 1308 2148; x_wconf 91' lang='lat'><strong>.</strong></span> <span class='ocrx_word' id='word_1_96' title='bbox 1330 2131 1367 2149; x_wconf 93' lang='lat'><strong>..</strong></span> <span class='ocrx_word' id='word_1_97' title='bbox 1394 2101 1438 2148; x_wconf 85' lang='lat' dir='ltr'><strong>ex</strong></span> <span class='ocrx_word' id='word_1_98' title='bbox 1464 2080 1537 2172; x_wconf 91' lang='lat' dir='ltr'><strong>ipso</strong></span> <span class='ocrx_word' id='word_1_99' title='bbox 1562 2101 1622 2149; x_wconf 83' lang='lat' dir='ltr'><strong>nu-</strong></span> 
     </span>
     <span class='ocr_line' id='line_1_13' title="bbox 418 2203 1621 2299; baseline 0 -27"><span class='ocrx_word' id='word_1_100' title='bbox 418 2215 484 2273; x_wconf 90' lang='lat' dir='ltr'><strong>tem</strong></span> <span class='ocrx_word' id='word_1_101' title='bbox 510 2204 641 2274; x_wconf 83' lang='lat' dir='ltr'><strong>audisso</strong></span> <span class='ocrx_word' id='word_1_102' title='bbox 674 2205 876 2286; x_wconf 80' lang='lat' dir='ltr'><strong>Hannibale,</strong></span> <span class='ocrx_word' id='word_1_103' title='bbox 910 2217 1085 2299; x_wconf 82' lang='lat' dir='ltr'><strong>postquem</strong></span> <span class='ocrx_word' id='word_1_104' title='bbox 1114 2203 1314 2276; x_wconf 85' lang='lat' dir='ltr'><strong>Rbodunum</strong></span> <span class='ocrx_word' id='word_1_105' title='bbox 1343 2204 1523 2285; x_wconf 76' lang='lat' dir='ltr'><strong>uunsierit,</strong></span> <span class='ocrx_word' id='word_1_106' title='bbox 1562 2203 1621 2272; x_wconf 90' lang='lat' dir='ltr'><strong>tri·</strong></span> 
     </span>
    </p>
   </div>
   <div class='ocr_carea' id='block_1_5' title="bbox 419 2327 1757 2423">
    <p class='ocr_par' dir='ltr' id='par_1_5' title="bbox 419 2327 1757 2423">
     <span class='ocr_line' id='line_1_14' title="bbox 419 2327 1757 2423; baseline -0.001 -27"><span class='ocrx_word' id='word_1_107' title='bbox 419 2327 512 2418; x_wconf 77' lang='lat' dir='ltr'><strong>ginta</strong></span> <span class='ocrx_word' id='word_1_108' title='bbox 544 2351 603 2398; x_wconf 84' lang='lat' dir='ltr'><strong>sex</strong></span> <span class='ocrx_word' id='word_1_109' title='bbox 636 2330 728 2400; x_wconf 83' lang='lat' dir='ltr'><strong>milio</strong></span> <span class='ocrx_word' id='word_1_110' title='bbox 763 2329 937 2400; x_wconf 91' lang='lat' dir='ltr'><strong>bominum</strong></span> <span class='ocrx_word' id='word_1_111' title='bbox 971 2331 1206 2423; x_wconf 80' lang='lat' dir='ltr'><strong>ingentemque</strong></span> <span class='ocrx_word' id='word_1_112' title='bbox 1245 2351 1421 2398; x_wconf 86' lang='lat' dir='ltr'><strong>numerum</strong></span> <span class='ocrx_word' id='word_1_113' title='bbox 1460 2349 1618 2420; x_wconf 83' lang='lat' dir='ltr'><strong>equorum</strong></span> <span class='ocrx_word' id='word_1_114' title='bbox 1756 2381 1757 2396; x_wconf 70' lang='grc'><strong>.</strong></span> 
     </span>
    </p>
   </div>
   <div class='ocr_carea' id='block_1_6' title="bbox 416 2451 1620 3032">
    <p class='ocr_par' dir='ltr' id='par_1_6' title="bbox 416 2451 1620 3032">
     <span class='ocr_line' id='line_1_15' title="bbox 420 2451 1620 2545; baseline -0.001 -25"><span class='ocrx_word' id='word_1_115' title='bbox 420 2463 453 2520; x_wconf 83' lang='lat' dir='ltr'><strong>et</strong></span> <span class='ocrx_word' id='word_1_116' title='bbox 472 2452 616 2524; x_wconf 82' lang='lat' dir='ltr'><strong>oliorum</strong></span> <span class='ocrx_word' id='word_1_117' title='bbox 637 2454 863 2525; x_wconf 88' lang='lat' dir='ltr'><strong>iumentorum</strong></span> <span class='ocrx_word' id='word_1_118' title='bbox 872 2454 1040 2539; x_wconf 67' lang='lat' dir='ltr'><strong>omisisse,</strong></span> <span class='ocrx_word' id='word_1_119' title='bbox 1058 2453 1223 2535; x_wconf 73' lang='lat' dir='ltr'><strong>Taurinis,</strong></span> <span class='ocrx_word' id='word_1_120' title='bbox 1249 2475 1335 2545; x_wconf 84' lang='lat' dir='ltr'><strong>quoe</strong></span> <span class='ocrx_word' id='word_1_121' title='bbox 1353 2451 1458 2522; x_wconf 76' lang='lat' dir='ltr'><strong>nattis</strong></span> <span class='ocrx_word' id='word_1_122' title='bbox 1472 2451 1620 2544; x_wconf 82' lang='lat' dir='ltr'><strong>proxime</strong></span> 
     </span>
     <span class='ocr_line' id='line_1_16' title="bbox 421 2571 1617 2669; baseline -0.002 -24"><span class='ocrx_word' id='word_1_123' title='bbox 421 2597 502 2666; x_wconf 89' lang='lat' dir='ltr'><strong>gens</strong></span> <span class='ocrx_word' id='word_1_124' title='bbox 534 2588 618 2660; x_wconf 84' lang='lat' dir='ltr'><strong>eret,</strong></span> <span class='ocrx_word' id='word_1_125' title='bbox 662 2578 695 2646; x_wconf 95' lang='lat' dir='ltr'><strong>in</strong></span> <span class='ocrx_word' id='word_1_126' title='bbox 733 2578 862 2664; x_wconf 75' lang='lat' dir='ltr'><strong>italiam</strong></span> <span class='ocrx_word' id='word_1_127' title='bbox 903 2578 1109 2669; x_wconf 84' lang='lat' dir='ltr'><strong>degressum.</strong></span> <span class='ocrx_word' id='word_1_128' title='bbox 1163 2579 1276 2648; x_wconf 72' lang='lat' dir='ltr'><strong>Liuius</strong></span> <span class='ocrx_word' id='word_1_129' title='bbox 1308 2573 1368 2656; x_wconf 82' lang='grc'><strong>21,</strong></span> <span class='ocrx_word' id='word_1_130' title='bbox 1408 2572 1468 2656; x_wconf 90' lang='lat'><strong>38,</strong></span> <span class='ocrx_word' id='word_1_131' title='bbox 1502 2571 1617 2645; x_wconf 86' lang='lat'><strong>3-5.</strong></span> 
     </span>
     <span class='ocr_line' id='line_1_17' title="bbox 424 2700 1617 2798; baseline -0.004 -27"><span class='ocrx_word' id='word_1_132' title='bbox 424 2701 480 2772; x_wconf 96' lang='grc'><strong>13.</strong></span> <span class='ocrx_word' id='word_1_133' title='bbox 511 2704 562 2772; x_wconf 81' lang='lat' dir='ltr'><strong>Ad</strong></span> <span class='ocrx_word' id='word_1_134' title='bbox 593 2705 778 2774; x_wconf 76' lang='lat' dir='ltr'><strong>bistorr&#39;eum</strong></span> <span class='ocrx_word' id='word_1_135' title='bbox 810 2707 924 2798; x_wconf 69' lang='lat' dir='ltr'><strong>referri</strong></span> <span class='ocrx_word' id='word_1_136' title='bbox 948 2705 1055 2784; x_wconf 78' lang='lat' dir='ltr'><strong>rotem,</strong></span> <span class='ocrx_word' id='word_1_137' title='bbox 1091 2727 1171 2795; x_wconf 82' lang='lat' dir='ltr'><strong>quoe</strong></span> <span class='ocrx_word' id='word_1_138' title='bbox 1199 2705 1237 2772; x_wconf 81' lang='lat' dir='ltr'><strong>cic</strong></span> <span class='ocrx_word' id='word_1_139' title='bbox 1270 2703 1306 2772; x_wconf 85' lang='lat' dir='ltr'><strong>L.</strong></span> <span class='ocrx_word' id='word_1_140' title='bbox 1335 2703 1444 2771; x_wconf 81' lang='lat' dir='ltr'><strong>Giocio</strong></span> <span class='ocrx_word' id='word_1_141' title='bbox 1469 2700 1617 2768; x_wconf 75' lang='lat' dir='ltr'><strong>Atimmto</strong></span> 
     </span>
     <span class='ocr_line' id='line_1_18' title="bbox 416 2819 1613 2920; baseline -0.004 -26"><span class='ocrx_word' id='word_1_142' title='bbox 416 2840 562 2919; x_wconf 83' lang='lat' dir='ltr'><strong>praetore</strong></span> <span class='ocrx_word' id='word_1_143' title='bbox 589 2841 766 2897; x_wconf 66' lang='lat' dir='ltr'><strong>comuntur</strong></span> <span class='ocrx_word' id='word_1_144' title='bbox 798 2830 886 2920; x_wconf 72' lang='lat' dir='ltr'><strong>opud</strong></span> <span class='ocrx_word' id='word_1_145' title='bbox 918 2830 1046 2898; x_wconf 77' lang='lat' dir='ltr'><strong>licium</strong></span> <span class='ocrx_word' id='word_1_146' title='bbox 1075 2827 1193 2908; x_wconf 82' lang='lat' dir='ltr'><strong>XXVI,</strong></span> <span class='ocrx_word' id='word_1_147' title='bbox 1233 2823 1297 2903; x_wconf 89' lang='lat'><strong>23,</strong></span> <span class='ocrx_word' id='word_1_148' title='bbox 1327 2823 1360 2894; x_wconf 92' lang='lat'><strong>1.</strong></span> <span class='ocrx_word' id='word_1_149' title='bbox 1409 2822 1470 2906; x_wconf 87' lang='grc'><strong>28,</strong></span> <span class='ocrx_word' id='word_1_150' title='bbox 1502 2819 1613 2892; x_wconf 87' lang='grc'><strong>3.11.</strong></span> 
     </span>
     <span class='ocr_line' id='line_1_19' title="bbox 421 2943 1570 3032; baseline -0.002 -14"><span class='ocrx_word' id='word_1_151' title='bbox 421 2946 613 3031; x_wconf 68' lang='lat' dir='ltr'><strong>xxvito,</strong></span> <span class='ocrx_word' id='word_1_152' title='bbox 644 2948 675 3019; x_wconf 91' lang='grc'><strong>1.</strong></span> <span class='ocrx_word' id='word_1_153' title='bbox 716 2947 750 3030; x_wconf 78' lang='grc'><strong>1,</strong></span> <span class='ocrx_word' id='word_1_154' title='bbox 780 2948 836 3021; x_wconf 83' lang='grc'><strong>12.</strong></span> <span class='ocrx_word' id='word_1_155' title='bbox 867 2948 923 3022; x_wconf 92' lang='grc'><strong>16.</strong></span> <span class='ocrx_word' id='word_1_156' title='bbox 949 2950 984 3032; x_wconf 90' lang='grc'><strong>8,</strong></span> <span class='ocrx_word' id='word_1_157' title='bbox 1015 2947 1071 3020; x_wconf 87' lang='grc'><strong>16.</strong></span> <span class='ocrx_word' id='word_1_158' title='bbox 1108 2947 1168 3032; x_wconf 83' lang='grc'><strong>26,</strong></span> <span class='ocrx_word' id='word_1_159' title='bbox 1196 2948 1232 3020; x_wconf 88' lang='grc'><strong>3.</strong></span> <span class='ocrx_word' id='word_1_160' title='bbox 1258 2947 1318 3032; x_wconf 84' lang='grc'><strong>28,</strong></span> <span class='ocrx_word' id='word_1_161' title='bbox 1358 2946 1415 3019; x_wconf 87' lang='grc'><strong>13.</strong></span> <span class='ocrx_word' id='word_1_162' title='bbox 1455 2947 1514 3028; x_wconf 86' lang='grc'><strong>29,</strong></span> <span class='ocrx_word' id='word_1_163' title='bbox 1539 2943 1570 3018; x_wconf 78' lang='grc'><strong>4.</strong></span> 
     </span>
    </p>
   </div>
   <div class='ocr_carea' id='block_1_7' title="bbox 896 3347 1140 3358">
    <p class='ocr_par' dir='ltr' id='par_1_7' title="bbox 896 3347 1140 3358">
     <span class='ocr_line' id='line_1_20' title="bbox 896 3347 1140 3358; baseline 0 0"><span class='ocrx_word' id='word_1_164' title='bbox 896 3347 1140 3358; x_wconf 66' lang='lat' dir='ltr'><strong>nunu—-n—u———a</strong></span> 
     </span>
    </p>
   </div>
   <div class='ocr_carea' id='block_1_8' title="bbox 749 3658 1303 3747">
    <p class='ocr_par' dir='ltr' id='par_1_8' title="bbox 749 3658 1303 3747">
     <span class='ocr_line' id='line_1_21' title="bbox 749 3658 1303 3747; baseline -0.005 0"><span class='ocrx_word' id='word_1_165' title='bbox 749 3663 806 3747; x_wconf 87' lang='grc'><strong>111</strong></span> <span class='ocrx_word' id='word_1_166' title='bbox 853 3661 887 3745; x_wconf 83' lang='lat' dir='ltr'><strong>P.</strong></span> <span class='ocrx_word' id='word_1_167' title='bbox 918 3658 1137 3747; x_wconf 82' lang='grc'><strong>3313111133</strong></span> <span class='ocrx_word' id='word_1_168' title='bbox 1167 3658 1303 3746; x_wconf 75' lang='lat' dir='ltr'><strong>stult.</strong></span> 
     </span>
    </p>
   </div>
   <div class='ocr_carea' id='block_1_9' title="bbox 425 3865 1757 4364">
    <p class='ocr_par' dir='ltr' id='par_1_9' title="bbox 425 3865 1757 4364">
     <span class='ocr_line' id='line_1_22' title="bbox 501 3865 1611 3992; baseline -0.013 -19"><span class='ocrx_word' id='word_1_169' title='bbox 501 3901 550 3987; x_wconf 87' lang='grc' dir='ltr'><strong>[Ρ.</strong></span> <span class='ocrx_word' id='word_1_170' title='bbox 577 3901 751 3972; x_wconf 87' lang='lat' dir='ltr'><strong>Cornelius</strong></span> <span class='ocrx_word' id='word_1_171' title='bbox 779 3900 888 3992; x_wconf 84' lang='lat' dir='ltr'><strong>Scipio</strong></span> <span class='ocrx_word' id='word_1_172' title='bbox 915 3865 1063 3969; x_wconf 65' lang='lat' dir='ltr'><strong>Aiiicuni</strong></span> <span class='ocrx_word' id='word_1_173' title='bbox 1090 3899 1225 3968; x_wconf 78' lang='lat' dir='ltr'><strong>maioris</strong></span> <span class='ocrx_word' id='word_1_174' title='bbox 1251 3897 1365 3981; x_wconf 64' lang='lat' dir='ltr'><strong>fitius]</strong></span> <span class='ocrx_word' id='word_1_175' title='bbox 1400 3897 1429 3965; x_wconf 86' lang='lat' dir='ltr'><strong>is</strong></span> <span class='ocrx_word' id='word_1_176' title='bbox 1454 3895 1511 3990; x_wconf 86' lang='lat' dir='ltr'><strong>qui</strong></span> <span class='ocrx_word' id='word_1_177' title='bbox 1534 3892 1611 3962; x_wconf 90' lang='lat' dir='ltr'><strong>bunc</strong></span> 
     </span>
     <span class='ocr_line' id='line_1_23' title="bbox 426 4019 1608 4117; baseline -0.011 -19"><span class='ocrx_word' id='word_1_178' title='bbox 426 4027 588 4097; x_wconf 90' lang='lat' dir='ltr'><strong>minorem</strong></span> <span class='ocrx_word' id='word_1_179' title='bbox 615 4025 803 4117; x_wconf 85' lang='lat' dir='ltr'><strong>Scipionem</strong></span> <span class='ocrx_word' id='word_1_180' title='bbox 829 4047 849 4094; x_wconf 81' lang='lat' dir='ltr'><strong>a</strong></span> <span class='ocrx_word' id='word_1_181' title='bbox 876 4024 980 4093; x_wconf 87' lang='lat' dir='ltr'><strong>Puuio</strong></span> <span class='ocrx_word' id='word_1_182' title='bbox 1012 4023 1192 4117; x_wconf 81' lang='lat' dir='ltr'><strong>adoptavit,</strong></span> <span class='ocrx_word' id='word_1_183' title='bbox 1230 4024 1257 4091; x_wconf 92' lang='lat' dir='ltr'><strong>si</strong></span> <span class='ocrx_word' id='word_1_184' title='bbox 1289 4045 1429 4114; x_wconf 88' lang='lat' dir='ltr'><strong>corpore</strong></span> <span class='ocrx_word' id='word_1_185' title='bbox 1460 4019 1608 4096; x_wconf 80' lang='lat' dir='ltr'><strong>valuisset,</strong></span> 
     </span>
     <span class='ocr_line' id='line_1_24' title="bbox 426 4137 1757 4242; baseline -0.011 -22"><span class='ocrx_word' id='word_1_186' title='bbox 426 4150 577 4242; x_wconf 92' lang='lat' dir='ltr'><strong>inprimis</strong></span> <span class='ocrx_word' id='word_1_187' title='bbox 609 4147 741 4218; x_wconf 80' lang='lat' dir='ltr'><strong>babitus</strong></span> <span class='ocrx_word' id='word_1_188' title='bbox 776 4159 860 4217; x_wconf 85' lang='lat' dir='ltr'><strong>esset</strong></span> <span class='ocrx_word' id='word_1_189' title='bbox 893 4147 1045 4217; x_wconf 85' lang='lat' dir='ltr'><strong>disertus.</strong></span> <span class='ocrx_word' id='word_1_190' title='bbox 1098 4147 1249 4216; x_wconf 85' lang='lat' dir='ltr'><strong>indicunt</strong></span> <span class='ocrx_word' id='word_1_191' title='bbox 1286 4169 1362 4216; x_wconf 90' lang='lat' dir='ltr'><strong>cum</strong></span> <span class='ocrx_word' id='word_1_192' title='bbox 1398 4142 1608 4217; x_wconf 79' lang='lat' dir='ltr'><strong>oratiunculae</strong></span> <span class='ocrx_word' id='word_1_193' title='bbox 1756 4137 1757 4184; x_wconf 70' lang='lat' dir='ltr'><strong>t</strong></span> 
     </span>
     <span class='ocr_line' id='line_1_25' title="bbox 425 4261 1757 4364; baseline -0.014 -20"><span class='ocrx_word' id='word_1_194' title='bbox 425 4285 496 4344; x_wconf 89' lang='lat' dir='ltr'><strong>tum</strong></span> <span class='ocrx_word' id='word_1_195' title='bbox 529 4271 665 4342; x_wconf 84' lang='lat' dir='ltr'><strong>historic</strong></span> <span class='ocrx_word' id='word_1_196' title='bbox 698 4270 862 4364; x_wconf 79' lang='lat' dir='ltr'><strong>quaedum</strong></span> <span class='ocrx_word' id='word_1_197' title='bbox 896 4271 1023 4340; x_wconf 82' lang='lat' dir='ltr'><strong>Graeco</strong></span> <span class='ocrx_word' id='word_1_198' title='bbox 1058 4270 1178 4362; x_wconf 87' lang='lat' dir='ltr'><strong>scriptu</strong></span> <span class='ocrx_word' id='word_1_199' title='bbox 1213 4269 1415 4340; x_wconf 90' lang='lat' dir='ltr'><strong>dulcissime.</strong></span> <span class='ocrx_word' id='word_1_200' title='bbox 1460 4270 1557 4339; x_wconf 67' lang='grc' dir='ltr'><strong>δίοιτο</strong></span> <span class='ocrx_word' id='word_1_201' title='bbox 1580 4264 1609 4329; x_wconf 83' lang='lat' dir='ltr'><strong>io</strong></span> <span class='ocrx_word' id='word_1_202' title='bbox 1756 4261 1757 4264; x_wconf 72' lang='grc'>’</span> 
     </span>
    </p>
   </div>
   <div class='ocr_carea' id='block_1_10' title="bbox 427 4395 697 4478">
    <p class='ocr_par' dir='ltr' id='par_1_10' title="bbox 427 4395 697 4478">
     <span class='ocr_line' id='line_1_26' title="bbox 427 4395 697 4478; baseline -0.007 -10"><span class='ocrx_word' id='word_1_203' title='bbox 427 4401 526 4478; x_wconf 78' lang='lat' dir='ltr'><strong>Bruto</strong></span> <span class='ocrx_word' id='word_1_204' title='bbox 555 4396 610 4478; x_wconf 90' lang='grc'><strong>19,</strong></span> <span class='ocrx_word' id='word_1_205' title='bbox 639 4395 697 4466; x_wconf 78' lang='lat'><strong>77.</strong></span> 
     </span>
    </p>
   </div>
   <div class='ocr_carea' id='block_1_11' title="bbox 906 4621 1147 4630">
    <p class='ocr_par' dir='ltr' id='par_1_11' title="bbox 906 4621 1147 4630">
     <span class='ocr_line' id='line_1_27' title="bbox 906 4621 1147 4630; baseline 0.008 -2"><span class='ocrx_word' id='word_1_206' title='bbox 906 4621 1147 4630; x_wconf 53' lang='grc' dir='ltr'><em>Ἥ</em></span> 
     </span>
    </p>
   </div>
   <div class='ocr_carea' id='block_1_12' title="bbox 0 0 1798 5600">
    <p class='ocr_par' dir='ltr' id='par_1_12' title="bbox 0 0 1798 5600">
     <span class='ocr_line' id='line_1_28' title="bbox 0 0 1798 5600; baseline 0 0"><span class='ocrx_word' id='word_1_207' title='bbox 0 0 1798 5600; x_wconf 95' lang='lat' dir='ltr'><strong> </strong></span> 
     </span>
    </p>
   </div>
  </div>
 </body>
</html>
