3554 5600
470 639 538 710 teo

464 837 578 932 geatia
602 847 715 907 nostra
741 835 996 930 circumseptum
1023 839 1148 908 teneri:
1183 837 1444 932 quid-basterna
1469 851 1563 908 nocte
1587 863 1656 910 con-
1747 883 1748 892 .

466 961 630 1034 ciunculis
656 961 720 1031 tuis
746 960 908 1051 agitatum
930 961 982 1043 sit,
1009 962 1087 1032 licet
1104 984 1236 1034 mecum
1253 985 1486 1054 recognoscas.
1530 965 1609 1036 Cum
1623 965 1656 1034 ad
1747 975 1748 1026 ξ

463 1091 511 1164 lt.
528 1091 660 1160 Lecam
681 1087 838 1169 venisses,
865 1109 971 1157 unum
997 1111 1039 1157 ex
1065 1086 1267 1159 fidelissimis
1293 1089 1576 1159 commilitonibus
1593 1089 1656 1169 tuis,
1747 1145 1748 1148 ,

464 1212 508 1285 ad
533 1213 671 1284 multam
701 1222 842 1292 noctem,
877 1223 977 1305 teque
1011 1214 1045 1283 in
1073 1214 1263 1285 interiorem
1298 1239 1366 1286 una
1391 1237 1467 1285 cum
1493 1215 1552 1285 illo
1576 1214 1660 1284 cubi-

465 1337 534 1410 culi
558 1345 685 1430 partem
711 1335 904 1428 recepisses,
930 1345 1091 1429 tanquam
1113 1337 1147 1406 in
1173 1338 1355 1408 sacrarium
1378 1338 1593 1409 memorabile
1609 1361 1660 1406 cc-

465 1460 638 1556 piditatum
664 1471 859 1541 vestrarum,
886 1471 1022 1554 repente
1048 1459 1090 1532 de
1115 1461 1213 1531 Leon
1237 1461 1397 1531 sciscitari
1422 1461 1562 1553 cmpisti,
1591 1483 1660 1531 num

464 1585 540 1680 quis
565 1609 608 1656 ex
633 1584 812 1655 coniuratis
837 1582 1034 1665 advenisset,
1066 1606 1144 1655 cum
1169 1585 1278 1656 subito
1301 1586 1462 1655 Lentulus
1486 1607 1526 1654 ac
1551 1585 1661 1658 Cetbc-

465 1733 538 1801 gns,
562 1708 734 1780 teterrima
767 1707 876 1802 capita
902 1707 1144 1778 maleficiorum
1175 1709 1336 1790 omnium,
1375 1707 1547 1779 furibundi
1573 1725 1661 1803 atque

464 1837 591 1908 alacres
614 1835 815 1928 irruperunt,
843 1857 989 1927 moxque
1014 1833 1155 1926 ingressi
1179 1835 1363 1904 vociferare
1384 1845 1566 1926 coeperunt,
1591 1835 1661 1928 quid

463 1961 537 2054 agis
555 1961 724 2032 Catilina?
763 1983 823 2030 cur
838 1960 1023 2054 voluptates
1040 1971 1168 2029 nostras
1185 1959 1308 2030 diutius
1324 1960 1527 2031 remoraris?
1553 1971 1661 2054 presto

464 2100 549 2158 sunt¹
566 2087 756 2159 Saturnalia
781 2085 877 2156 nobis
902 2085 1015 2155 otiosis
1046 2096 1147 2181 atque
1171 2087 1402 2168 oscitantibus,
1441 2109 1542 2179 quem
1568 2107 1662 2156 unum

463 2211 552 2282 diem
578 2232 811 2304 sepenumero
840 2231 1034 2302 nuncupare
1062 2209 1177 2280 solitus
1211 2231 1246 2278 es
1280 2231 1466 2280 eversorem
1504 2209 1663 2302 superbis-

387 2359 390 2364 ·
463 2335 539 2404 simi
557 2333 694 2414 ordinis,
722 2334 907 2424 fugatorem
926 2354 1150 2403 erumnarum
1169 2343 1367 2413 nostrarum,
1392 2331 1501 2402 lucem
1519 2355 1560 2401 ac
1578 2323 1663 2424 priu-

463 2458 571 2552 cipem
597 2457 759 2528 universae
786 2467 904 2526 nostre
931 2455 1112 2548 dignitatis.
1164 2459 1250 2526 Num
1285 2457 1318 2525 in
1349 2456 1504 2548 gerendis
1530 2456 1663 2548 negotiis

463 2583 597 2674 ignorem
623 2580 808 2675 sequendas
834 2601 904 2648 esse
931 2591 1119 2672 temporum
1144 2581 1414 2674 opportunitates,
1454 2592 1486 2650 et
1512 2581 1547 2650 in
1574 2603 1664 2651 occa-

462 2708 556 2778 sione
581 2727 693 2775 rerum
719 2702 880 2774 desidiam
906 2725 946 2773 ac
971 2704 1161 2775 tarditatem
1190 2727 1324 2775 omnem
1356 2727 1456 2798 quam
1484 2705 1664 2797 diligentis-

462 2833 544 2902 sime
570 2829 788 2920 fugiendam?
830 2827 1091 2898 blutabilissimae
1118 2829 1252 2920 quidem
1286 2841 1362 2898 sunt
1386 2828 1525 2900 deorum
1551 2830 1664 2899 voluu-

463 2966 556 3037 tates,
596 2964 629 3024 ot
655 2945 819 3024 fomunam
846 2973 923 3022 cum
948 2950 1041 3022 abire
1066 2953 1268 3045 permiseris,
1308 2953 1426 3024 frustra
1458 2953 1663 3046 postmodum

462 3081 686 3154 discedentem
712 3100 752 3146 ac
777 3075 961 3167 fugientem
986 3075 1030 3144 sis
1055 3075 1301 3168 imploraturus.
1340 3076 1435 3146 Talia
1459 3099 1665 3170 conqueren-

462 3219 529 3278 tem
554 3217 590 3275 tu
616 3203 730 3298 paucis
756 3223 816 3294 pro
841 3205 885 3270 re'
902 3199 1108 3280 subsecutum,
1138 3200 1286 3293 aquilam
1309 3213 1504 3293 argenteam
1530 3201 1665 3294 proferri

461 3329 619 3402 continuo
645 3325 777 3406 iussisti,
802 3323 999 3416 preclaram
1024 3323 1194 3416 auspicem
1219 3346 1258 3393 ac
1283 3325 1554 3416 gubernatricem
1579 3327 1666 3396 furo-

461 3457 507 3527 ris
532 3453 580 3525 tui
606 3453 763 3522 futuram.
806 3447 923 3518 Testor
948 3457 1078 3518 noctem
1104 3449 1221 3540 ipsam,
1255 3449 1433 3542 impiarum
1459 3449 1664 3548 molitionum

461 3593 594 3652 tuarum
611 3575 780 3648 consciam
797 3597 837 3643 ac
853 3585 982 3654 testem,
1009 3571 1093 3644 nibil
1119 3597 1161 3642 ex
1187 3575 1227 3643 iis
1248 3597 1302 3644 me
1321 3575 1455 3667 fugisse,
1483 3598 1558 3668 que
1576 3577 1666 3645 clan-

461 3702 582 3776 destini
606 3701 707 3774 vestri
733 3709 870 3770 conatus
895 3699 1114 3789 agitaverunt.

534 3849 618 3898 xvir.
669 3825 838 3916 Perpauca
860 3822 937 3890 satis
963 3821 1110 3912 attigisse
1136 3820 1247 3902 fuerit,
1274 3843 1316 3890 ne
1342 3820 1519 3891 solitudine
1546 3819 1581 3889 in
1599 3821 1667 3912 ipsa

460 3951 675 4026 latibulorum
701 3958 847 4027 tuomm,
882 3965 958 4012 oum
983 3965 1042 4014 ora
1068 3943 1160 4034 vulgi
1186 3943 1284 4036 plane
1309 3942 1534 4026 devitavisses,
1574 3944 1667 4013 fefel-

460 4081 537 4152 lisse
563 4089 595 4147 to
620 4073 773 4146 crederes
805 4071 1013 4162 diligentiam
1046 4073 1171 4164 pariter
1199 4082 1300 4163 atque
1325 4070 1521 4142 industriam
1547 4091 1668 4137 consc-

460 4205 576 4275 larem.
626 4199 759 4290 Linque
793 4195 934 4266 telorum
967 4194 1243 4267 innumerabilem
1277 4204 1378 4287 atque
1411 4193 1667 4282 inexcogitatam

459 4325 600 4420 copiam,
632 4342 735 4416 qnam
761 4319 794 4389 in
822 4317 939 4387 iisdem
965 4319 1141 4390 furialibus
1166 4317 1267 4387 antris
1292 4314 1542 4408 constipandam
1568 4329 1666 4407 atque

459 4447 687 4521 occultandam
721 4446 791 4514 fore
823 4443 988 4512 curavisti.
1030 4443 1123 4515 ldittc
1152 4442 1278 4512 litteras
1303 4463 1405 4510 manu
1438 4451 1494 4510 tna
1518 4440 1665 4534 scriptas,

459 4571 597 4644 diversis
614 4563 806 4662 municipiis
826 4567 1024 4648 reddendas,
1050 4590 1124 4659 qum
1141 4565 1246 4636 furori
1265 4576 1321 4635 tuo
1347 4587 1543 4635 succurrere
1568 4575 1666 4655 atque

458 4695 614 4788 opitulari
633 4693 767 4766 vellent.
810 4691 957 4762 Transeo
977 4713 1049 4761 rem
1065 4691 1156 4761 illam
1174 4689 1380 4760 simillimam
1399 4687 1565 4781 prodigio,
1593 4708 1666 4764 cum
