3582 5594
1274 669 1342 739 109

135 873 266 956 liberis,
299 873 346 944 uti
372 872 488 943 aeterni
513 873 631 954 lorent,
667 871 802 963 optarit,
836 869 945 961 magis
971 869 1019 939 uti
1045 868 1125 938 boui
1150 869 1345 962 honestique

135 1001 239 1069 vitam
265 997 451 1089 exigerent.
493 997 594 1067 Plura
619 994 776 1076 dicerem,
804 992 963 1077 Quirites,
989 993 1017 1062 si
1042 992 1166 1063 timidis
1190 994 1345 1064 virtutem

135 1123 240 1194 verba
265 1121 447 1200 adderent;
476 1142 553 1189 oam
580 1119 722 1190 strenuis
749 1118 882 1189 abunde
907 1118 1031 1188 dictum
1057 1128 1171 1211 puto.»

211 1271 354 1319 xxxxvr.
406 1245 646 1318 Huiuscemodi
682 1245 831 1314 oratione
867 1244 979 1315 babita
1013 1245 1137 1315 Marius
1171 1252 1346 1337 postquam

136 1373 245 1467 plebis
278 1375 408 1443 animos
441 1383 586 1442 arrectos
619 1371 720 1454 videt,
758 1395 900 1465 propere
935 1383 1133 1451 commeatu,
1168 1369 1346 1462 stipendio,

138 1497 243 1568 armis
281 1495 426 1589 aliisque
459 1495 595 1566 utilibus
625 1495 718 1566 navis
748 1505 883 1576 onerat;
924 1519 997 1566 cum
1033 1495 1085 1564 bis
1118 1496 1158 1565 t.
1184 1494 1347 1564 Manlium

139 1623 289 1713 legatum
323 1620 489 1714 proticisci
522 1619 623 1689 iubet.
679 1621 753 1711 lpse
786 1619 913 1687 interea
943 1618 1063 1688 milites
1094 1617 1239 1688 scribere
1277 1641 1346 1688 non

139 1769 234 1816 more
261 1745 439 1825 maiorum,
474 1764 583 1835 neque
609 1764 650 1810 ex
677 1740 849 1822 classibus,
883 1741 942 1811 sed
972 1741 1018 1812 uti
1045 1743 1205 1835 cuiusque
1232 1742 1348 1813 lubido

140 1881 222 1950 erat,
250 1867 358 1961 capite
384 1889 500 1937 censos
522 1865 712 1958 plerosque.
755 1864 792 1934 ld
810 1865 932 1934 lactum
957 1864 1015 1935 alii
1041 1865 1154 1958 inopia
1171 1864 1347 1950 bonorum,

140 1993 280 2086 alii'per
304 1990 521 2061 ambitionem
547 1989 691 2059 consulis
707 1990 948 2072 memorabant,
974 1991 1065 2083 quod
1089 1991 1194 2060 abeo
1224 2012 1348 2080 genere

140 2115 327 2186 celebratus
345 2125 527 2207 auctusque
556 2124 638 2194 erat,
664 2123 697 2181 et
716 2111 846 2182 homini
861 2113 1041 2205 potentiam
1059 2113 1220 2206 quaerenti
1243 2135 1350 2204 egen·

141 2239 297 2308 fissum
315 2238 457 2329 quisque
474 2235 770 2329 oportunissumus,
797 2237 851 2305 cui
877 2259 987 2330 neque
1012 2261 1072 2307 sua
1098 2259 1197 2319 eurae,
1224 2237 1349 2330 qnippe

143 2383 216 2456 qnae
242 2361 337 2432 nulla
362 2371 448 2440 sunt,
483 2372 515 2430 et
539 2360 651 2430 omnia
677 2383 753 2429 cum
778 2360 884 2452 pretio
911 2360 1046 2430 honesta
1070 2361 1236 2432 videntur.
1279 2361 1350 2454 lgi-

143 2499 195 2556 tur
210 2486 337 2558 Marios
362 2508 439 2557 cum
465 2485 635 2579 aliquanto
651 2484 779 2554 maiore
805 2507 946 2554 numero
972 2507 1073 2578 quam
1091 2486 1261 2556 decretum
1279 2497 1350 2557 erat

144 2611 177 2682 in
192 2612 343 2684 Atticam
361 2611 526 2704 protectos
543 2610 657 2702 paucis
674 2609 792 2680 diebus
804 2609 933 2680 Uticam
952 2609 1136 2680 advehitur.
1175 2611 1349 2682 Exercitus

145 2735 175 2804 ei
197 2735 337 2806 traditur
362 2734 435 2802 aP.
453 2732 577 2802 Rutilio
603 2733 722 2824 legato,
748 2755 827 2802 nam
844 2733 997 2805 llletellns
1020 2743 1232 2826 conspectum
1253 2733 1351 2804 blarii

145 2861 282 2954 ingerat,
310 2883 353 2928 ne
374 2859 503 2930 videret
528 2881 580 2939 ea,
606 2881 681 2952 quae
700 2857 812 2929 audita
830 2860 961 2930 animus
983 2861 1125 2931 tolerare
1143 2860 1349 2954 nequiverat.

214 3005 372 3054 nxxxvu.
426 2983 491 3053 Sed
530 2982 656 3052 Consul
691 2983 831 3076 expletis
869 2983 1057 3075 legionibus
1095 2983 1351 3077 cohortibusque

146 3106 331 3178 auxiliariis
357 3105 392 3174 in
420 3127 539 3197 agrum
564 3105 707 3175 lertilem
734 3116 766 3176 et
790 3106 904 3200 praeda
935 3115 1090 3176 onustum
1119 3107 1350 3199 proficiscitur,

146 3231 255 3303 omnia
272 3232 319 3303 ibi
337 3243 433 3326 capta
449 3233 610 3303 militibus
628 3233 738 3316 donat,
765 3233 843 3304 dein
871 3233 1006 3303 castella
1029 3243 1062 3302 et
1086 3233 1208 3326 oppida
1234 3245 1353 3305 natura

146 3369 177 3427 et
192 3359 272 3428 viris
289 3381 407 3450 parum
426 3357 553 3429 munita
575 3357 786 3449 aggreditur:
813 3355 929 3450 praelia
946 3357 1061 3439 molta,
1087 3367 1234 3428 ceterum
1252 3358 1351 3442 levia,

147 3483 212 3552 alia
236 3483 312 3554 aliis
338 3482 419 3552 locis
446 3483 566 3553 lacere.
610 3481 746 3552 loterim
773 3481 850 3551 novi
874 3481 996 3551 milites
1022 3481 1093 3550 sine
1118 3494 1208 3553 meto
1232 3506 1353 3575 pugnas

147 3606 271 3689 adesse,
304 3607 418 3678 videre
445 3606 608 3698 fugientes
632 3605 705 3698 capi
736 3616 793 3676 not
819 3605 939 3687 occidi,
975 3605 1199 3677 fortissumum
1232 3630 1354 3700 quem·

148 3753 211 3824 qne
236 3733 468 3813 tutissumum;
494 3731 594 3802 ermis
619 3731 817 3814 libertatem,
843 3732 984 3825 patriam
1002 3743 1221 3826 parentesque
1240 3744 1272 3804 et
1289 3735 1354 3805 alia

149 3857 259 3926 omnia
287 3857 368 3948 tegi,
407 3856 550 3948 gloriam
583 3867 682 3949 atque
712 3856 842 3925 divitias
877 3855 993 3947 quaeri.
1048 3857 1102 3927 Sic
1131 3856 1224 3928 brevi
1249 3859 1354 3951 spatio

150 3981 224 4050 novi
249 3991 444 4072 veteresque
469 3981 635 4062 coaluere,
662 3989 694 4050 et
718 3980 821 4050 virtus
846 3981 995 4050 omnium
1022 3983 1158 4074 aequalis
1180 3983 1277 4052 lacta.
1311 3983 1355 4053 At

150 4125 255 4195 reges,
290 4104 348 4174 ubi
382 4103 424 4175 de
456 4104 598 4175 advento
628 4105 727 4176 blarii
760 4113 999 4195 cognoverunt,
1037 4105 1158 4175 divorsi
1195 4107 1229 4174 in
1264 4107 1354 4175 locos

151 4226 301 4298 difficiles
320 4229 455 4299 abeum.
497 4230 547 4298 lta
572 4228 741 4320 Iugurthae
767 4227 939 4321 placuerat
963 4229 1106 4322 speranti
1136 4252 1212 4300 mox
1234 4229 1354 4300 effusos

151 4349 248 4422 bostis
274 4353 387 4424 invadi
413 4375 519 4446 posse,
553 4351 732 4432 Romanos,
767 4351 863 4421 sicuti
894 4353 1084 4446 plerosque,
1112 4364 1239 4424 remoto
1265 4365 1355 4426 meto

151 4475 256 4548 laxius
280 4475 502 4569 licentiusque
529 4476 666 4547 loturos.

222 4623 389 4672 cxxxvnr.
440 4599 594 4672 Metellus
620 4599 746 4669 interea
765 4599 903 4670 Romam
929 4601 1096 4694 protectos
1123 4613 1237 4674 contra
1263 4627 1356 4697 spem

152 4747 240 4796 suam
258 4723 448 4796 laetissumis
470 4723 591 4795 animis
617 4724 792 4817 excipitur,
820 4724 907 4817 plebi
931 4725 1156 4820 patribusque,
1182 4740 1356 4823 postquam
