3576 5602
436 612 507 682 388

434 835 503 882 mm
521 811 596 882 aliis
621 811 812 891 ouaoobru,
847 825 914 918 raim
939 812 1053 882 Cnaeo
1078 811 1224 902 Egnatio
1249 811 1384 880 Venatio
1415 833 1448 880 rr
1466 835 1558 881 orum
1578 814 1632 881 cit.

436 936 498 1008 Ubi
521 939 551 1008 ri
573 937 858 1028 interpungendum
882 951 935 1018 est,
963 936 1103 1026 intelligi
1122 937 1240 1028 poterit
1265 936 1417 1005 Veratius
1442 935 1633 1027 pontificalis
1752 971 1753 1044 j

435 1062 468 1131 in
495 1085 535 1131 eo
560 1062 646 1132 libro
671 1084 772 1156 quem
799 1062 876 1131 fecit
901 1062 942 1131 de
974 1061 1272 1154 supplicationibus
1305 1077 1493 1133 memoratus
1518 1087 1539 1133 o
1561 1063 1635 1132 llo-
1752 1143 1753 1162 χ

433 1186 539 1256 crobio
560 1187 691 1257 Satura.
715 1186 750 1268 3,
777 1185 811 1257 6.
837 1187 999 1278 Egnatius
1024 1186 1065 1256 de
1091 1208 1206 1256 rerum
1231 1196 1351 1255 natura
1376 1186 1436 1256 lib.
1458 1188 1473 1255 l
1497 1189 1635 1256 beroicm
1752 1223 1753 1260 2

431 1325 523 1402 poeto
540 1311 679 1401 Verqilio
694 1312 859 1401 antiquior
877 1312 1029 1381 laudator
1047 1311 1088 1380 ob
1103 1312 1207 1380 codam
1225 1310 1387 1380 Macrobio
1399 1310 1527 1385 Satura
1545 1310 1581 1392 6,
1600 1309 1633 1381 5.

920 1619 1147 1634 ——u—-u-

769 1849 931 1936 mvn
980 1851 1305 1938 lulluseatsm

511 2063 542 2131 l.
568 2063 748 2156 Postquam
768 2064 794 2134 is
822 2057 980 2154 [Aeneas]
1006 2064 1110 2133 multa
1135 2063 1240 2134 marie
1264 2083 1459 2156 permensus
1484 2058 1632 2152 appulsus

434 2185 475 2254 sit
499 2187 542 2256 ed
569 2186 685 2256 ltaliae
710 2188 985 2281 promontorium,
1020 2188 1108 2280 quod
1134 2197 1183 2256 est
1207 2187 1241 2256 in
1268 2187 1394 2257 Baiano
1419 2186 1507 2255 circa
1532 2187 1632 2255 Aver-

433 2332 514 2380 num
534 2310 657 2393 lacum,
683 2313 796 2407 ibique
814 2314 1070 2404 gubernatorem
1095 2313 1262 2385 Misenum
1287 2311 1405 2382 morbo
1429 2311 1632 2402 absumptum

434 2435 598 2527 sepultum
621 2437 663 2506 ab
681 2459 737 2517 eo;
766 2461 807 2506 ex
834 2438 927 2508 cuius
954 2438 1088 2506 nomine
1113 2437 1230 2508 urbem
1258 2436 1408 2508 blisenon
1428 2433 1631 2526 appellatam,

434 2570 470 2629 ut
494 2559 609 2629 scribit
634 2561 759 2631 Caesar
785 2561 1023 2653 pontificalium
1049 2560 1108 2630 lib.
1130 2562 1156 2630 l.
1195 2559 1261 2644 Qui
1287 2571 1395 2628 tamen
1423 2557 1513 2628 hunc
1538 2556 1634 2628 blise-

434 2703 513 2751 num
540 2705 607 2751 non
635 2681 905 2773 gubernatorem,
940 2684 998 2754 sed
1023 2684 1202 2754 tubicinem
1226 2683 1326 2752 luisse
1346 2683 1455 2752 tradit.
1493 2681 1633 2751 Aurelius

439 2806 541 2876 Victor
570 2808 609 2876 dr
633 2808 715 2898 oriq.
748 2830 781 2897 q.
805 2808 842 2876 ll.
870 2807 904 2886 9.
932 2806 966 2878 6.
1068 2809 1102 2876 2.
1134 2809 1177 2878 At
1211 2830 1291 2876 vero
1321 2807 1444 2877 Caesar
1476 2815 1510 2876 et
1545 2807 1633 2875 Sem·

434 2929 571 3022 pronius
597 2929 690 2999 aiunt
715 2929 850 3000 Caietae
879 2941 940 3000 etc.
974 2953 1073 3022 supro
1096 2954 1129 3022 p.
1156 2927 1240 3010 309,
1266 2928 1327 3002 25.
1433 2927 1469 2998 3.
1497 2928 1634 3000 Naribus

435 3075 603 3145 egressum
631 3066 693 3123 ete.
729 3107 736 3122 .
763 3107 771 3123 .
804 3055 979 3125 Lavinium
1005 3054 1098 3134 dixit,
1133 3065 1167 3123 ot
1192 3053 1306 3124 scribit
1331 3055 1454 3125 Caesar
1480 3054 1540 3124 lib.
1568 3056 1634 3123 let

434 3179 589 3249 Lucetius
606 3178 665 3248 lib.
683 3180 726 3248 ll.
758 3181 816 3271 afr.
834 3187 933 3272 supro
949 3203 983 3272 p.
1010 3176 1094 3259 332,
1125 3177 1181 3250 15.
1283 3178 1317 3248 d.
1343 3179 1430 3249 Dein
1456 3178 1634 3250 filiuseius

434 3302 690 3373 Ascanius
722 3313 758 3373 ut
790 3302 886 3372 docet
915 3301 1038 3372 Lucius
1070 3303 1192 3373 Caesar
1223 3302 1322 3373 lib.l
1356 3302 1503 3396 itemque
1536 3303 1634 3374 Aulus

433 3427 619 3496 Postumius
645 3436 707 3496 etc.
734 3449 833 3519 supro
861 3451 894 3519 p.
919 3425 1005 3507 266,
1036 3425 1067 3496 1.
1121 3425 1226 3517 lgitur
1249 3427 1360 3498 Latini
1385 3427 1569 3499 Ascanium
1598 3425 1634 3496 ob

434 3547 599 3640 insignem
624 3548 778 3619 virtutem
806 3600 872 3618 ...
901 3559 936 3619 ut
960 3549 1109 3619 scribunt
1134 3550 1257 3620 Caesar
1282 3549 1368 3620 libro
1385 3552 1415 3620 ll
1440 3560 1474 3619 et
1499 3551 1582 3621 Cato
1604 3550 1634 3618 in

435 3672 640 3764 Originibus.
679 3697 777 3768 supro
794 3699 826 3767 p.
849 3673 934 3756 272,
961 3673 1000 3753 9;
1038 3675 1096 3744 ubi
1119 3677 1194 3744 iton
1217 3700 1232 3745 e
1253 3675 1363 3745 Servio
1385 3677 1537 3746 Fuldensi
1559 3677 1636 3746 sicnt

434 3801 460 3868 l.
487 3800 611 3870 Caesar
645 3799 758 3870 scribit
789 3801 923 3871 relatum
951 3815 1004 3870 est.
1112 3801 1147 3870 5.
1176 3802 1313 3871 lnterim
1343 3801 1485 3872 Lavinia
1512 3854 1521 3871 .
1544 3855 1580 3872 ..
1606 3811 1636 3870 nt

434 3926 582 3996 scribunt
610 3926 710 3996 Caius
736 3927 859 3997 Caesar
891 3939 923 3996 et
954 3928 1031 3998 Sex.
1058 3926 1184 3998 Gellius
1217 3927 1251 3996 in
1283 3927 1412 4018 origine
1439 3927 1548 4018 gentis
1574 3927 1636 3996 llo-

435 4074 564 4122 manae.
597 4075 696 4146 supro
719 4077 752 4145 p.
781 4050 864 4134 306,
892 4051 926 4125 5.
1035 4055 1069 4123 6.
1105 4054 1180 4121 Post
1206 4052 1290 4122 baec
1316 4053 1478 4122 Ascanius
1605 4059 1637 4120 ut

434 4175 590 4268 scriptum
610 4187 659 4246 est
684 4177 717 4246 in
737 4177 858 4248 Annali
879 4177 1070 4269 pontificum
1093 4179 1148 4246 lV.
1175 4177 1233 4247 lib.
1253 4176 1358 4247 Cincii
1378 4186 1412 4246 et
1429 4176 1584 4246 Caesaris
1600 4176 1636 4254 11,

435 4299 619 4370 Tuberonis
645 4303 669 4371 l.
696 4325 795 4394 supro
818 4326 850 4394 p.
883 4301 967 4381 266,
996 4300 1028 4372 1.
1134 4305 1168 4370 ’1.
1205 4303 1279 4370 Post
1307 4299 1402 4370 illum
1430 4296 1637 4384 [Aremulum

435 4423 591 4511 Silvium]
629 4424 781 4516 regnavit
809 4425 993 4495 Aventinus
1028 4424 1167 4504 Silvius;
1208 4425 1303 4516 isque
1334 4421 1484 4493 finitimis
1517 4423 1638 4493 bellum

435 4549 651 4620 inferentibus
680 4549 714 4618 in
747 4547 938 4618 dimicando
971 4548 1213 4618 circumventus
1246 4548 1289 4617 ab
1315 4545 1466 4617 hostibus
1495 4558 1639 4640 prostra-

435 4685 485 4743 tus
511 4684 571 4755 est,
604 4697 643 4744 nc
675 4673 821 4767 sepultus
852 4675 940 4745 eirca
971 4674 1099 4743 radices
1133 4673 1265 4754 montis,
1301 4673 1353 4742 cui
1385 4695 1426 4742 ex
1457 4695 1493 4742 se
1520 4694 1637 4741 nomen
