3526 5604
421 595 492 664 296

421 795 513 864 noles
539 816 618 865 sane
644 793 776 864 exiliter
800 793 951 886 scriptos.
999 793 1104 864 Cicero
1127 796 1164 862 io
1189 793 1291 862 Bruto
1317 788 1378 872 27,
1409 789 1490 862 106.
1514 795 1569 885 cfr.
1588 793 1624 860 dc
1739 801 1740 836 l

420 935 545 990 motorc
569 919 605 1002 2,
626 919 683 1000 12,
702 918 750 992 52
772 943 819 1012 oq.
842 921 880 990 de
896 919 1017 1011 lepibus
1042 917 1074 998 1,
1100 917 1135 1000 2,
1163 917 1186 988 6
1213 913 1329 1010 [sopra
1351 941 1385 1010 p.
1404 913 1506 1002 251]
1530 917 1625 984 Extat

422 1043 616 1114 oratio...
644 1043 681 1114 C.
710 1041 863 1124 Gracchi,
890 1065 958 1134 qua
984 1042 1018 1111 in
1043 1042 1193 1112 oratione
1219 1040 1386 1134 permulto
1412 1039 1446 1108 in
1473 1041 1511 1108 L.
1535 1039 1624 1107 Piso-

422 1190 499 1238 nem
526 1167 635 1259 turpia
667 1188 705 1237 ac
732 1166 898 1256 flagitiosa
922 1165 1088 1236 dicuntur.
1132 1169 1176 1238 At
1207 1167 1240 1235 in
1271 1187 1373 1258 quem
1403 1164 1533 1233 viruml
1570 1161 1623 1255 qni

423 1303 513 1362 tanta
537 1293 657 1362 virtute
683 1301 784 1383 atque
804 1291 991 1382 integritate
1014 1291 1086 1372 bril,
1112 1301 1148 1360 nt
1172 1289 1271 1360 etiam
1297 1290 1364 1359 illis
1388 1288 1520 1381 optimis
1543 1297 1625 1356 tem·

422 1416 569 1509 poribus,
597 1429 672 1486 cnm
692 1417 862 1486 bominem
884 1416 1035 1487 invenire
1062 1439 1208 1510 nequam
1233 1416 1402 1486 neminem
1427 1435 1549 1508 posses,
1574 1434 1626 1482 so-

423 1542 475 1613 lus
509 1553 621 1611 tamen
655 1541 757 1632 Frugi
793 1540 1032 1611 nominaretur.
1092 1541 1197 1610 Cicero
1227 1563 1289 1633 pro
1318 1541 1448 1612 Fonteio
1477 1539 1536 1620 13,
1569 1535 1623 1607 29.

426 1667 542 1736 Consul
575 1669 680 1757 sumat
714 1689 799 1735 uoco
819 1689 855 1758 p.
884 1690 917 1734 u.
944 1689 970 1734 c.
998 1663 1086 1746 021,
1123 1688 1230 1734 censor
1260 1680 1296 1734 ut
1328 1667 1455 1736 videtur
1484 1687 1517 1733 o.
1546 1659 1623 1734 633.
1739 1735 1740 1754 9

423 1790 517 1858 Alios
544 1789 579 1856 L.
603 1788 678 1857 Piso
703 1811 809 1858 censor
833 1789 897 1881 fuit
921 1811 953 1858 o.
981 1783 1063 1859 104.
1168 1790 1202 1858 2.
1229 1788 1324 1858 ltalia
1349 1811 1369 1858 a
1394 1787 1505 1858 vitulis
1531 1783 1624 1870 [dicta
1739 1853 1740 1874 p

425 1911 502 1998 est]
538 1922 574 1981 nt
608 1912 723 1982 scribit
746 1913 833 1982 Piso.
881 1913 981 1983 Varro
1011 1913 1049 1982 dc
1076 1934 1110 1982 rc
1142 1914 1261 1982 russea
1284 1911 1320 1992 2,
1350 1909 1382 1994 1,
1409 1909 1443 1982 9.
1487 1912 1562 1980 Piso
1584 1911 1624 1980 nit
1739 1943 1740 1952 ¹

423 2037 561 2107 vitulam
585 2037 759 2106 victoriam
784 2037 963 2107 nominari.
1002 2036 1105 2107 Cuius
1131 2037 1181 2105 rei
1206 2035 1270 2106 boc
1295 2047 1530 2127 argumentum
1553 2058 1624 2128 pro-

426 2161 504 2240 fert,
540 2160 627 2252 quod
654 2159 811 2251 postridie
836 2161 948 2230 Nonas
973 2160 1074 2230 lulias
1106 2182 1142 2228 re
1168 2160 1254 2230 bene
1281 2171 1387 2252 gesta,
1423 2184 1499 2230 cum
1525 2159 1624 2252 pridie

425 2284 567 2377 populus
593 2306 613 2352 a
638 2283 754 2354 Tuscis
780 2283 814 2353 in
846 2285 960 2374 lugam
985 2305 1100 2354 versus
1130 2283 1181 2366 sit,
1216 2283 1304 2353 unde
1334 2283 1546 2376 Populil‘ugia
1570 2305 1624 2352 vo-
1739 2263 1740 2332 ἒ

426 2419 553 2488 cantur,
580 2419 654 2499 post
670 2407 841 2478 victoriam
868 2407 965 2477 certis
990 2407 1160 2478 sacrificiis
1186 2407 1244 2477 liat
1260 2408 1419 2478 vitulatio.
1453 2407 1625 2478 Macrobioe
1739 2441 1740 2480 1

425 2533 557 2602 Solum
580 2531 614 2614 3,
631 2533 665 2604 2.
767 2533 801 2602 3.
828 2537 879 2605 00
898 2534 1024 2626 Sibylla
1050 2544 1082 2602 et
1107 2533 1271 2626 Prochyta
1296 2557 1394 2626 sopra
1412 2559 1446 2627 p.
1469 2531 1553 2614 263,
1574 2530 1623 2602 16.
1739 2507 1740 2544 i

426 2658 588 2741 Quartam
624 2653 810 2753 [Sibyllam]
846 2660 1061 2730 Cimmeriam
1090 2659 1124 2727 in
1156 2659 1262 2739 ltalia,
1297 2683 1398 2752 quam
1425 2659 1566 2730 Naevius
1593 2657 1623 2725 in
1739 2749 1740 2754 ἵ

425 2782 519 2854 libris
548 2783 629 2854 belli
661 2783 789 2862 Punici,
825 2783 900 2852 Piso
934 2783 969 2852 in
1002 2783 1178 2854 annalibus
1209 2785 1370 2854 nominat.
1427 2785 1527 2855 Varro
1547 2782 1625 2876 opud

426 2909 627 2976 Lortootium
646 2909 783 2976 institut.
809 2906 841 2988 1,
868 2905 903 2986 6,
930 2906 964 2978 9.
1067 2907 1100 2977 l.
1128 2907 1203 2977 Piso
1229 2907 1363 3000 quidem
1385 2911 1535 2979 Turnum
1560 2929 1624 2976 ma-
1739 2983 1740 2992 ¹

427 3030 568 3100 unelem
602 3032 742 3101 Amatae
780 3030 881 3100 luisse
916 3031 1031 3113 tradit,
1072 3031 1310 3126 interfectoque
1340 3033 1462 3102 Latino
1494 3043 1623 3102 mortem

425 3154 531 3246 ipsum
551 3154 685 3224 sibimet
704 3154 915 3224 conscivisse.
967 3155 1072 3246 lgitur
1089 3156 1238 3227 Aeneam
1259 3157 1369 3228 occiso
1382 3157 1496 3226 Turno
1523 3177 1624 3227 rernm
1739 3207 1740 3212 1

426 3279 582 3373 potitum,
622 3303 699 3349 cum
731 3281 842 3351 adbuc
875 3281 1001 3350 irnrnm
1032 3303 1162 3352 memor
1187 3282 1326 3352 Rutulos
1357 3282 1448 3351 bello
1480 3277 1622 3375 persequi
1739 3271 1740 3356 ]

426 3403 630 3482 instituisset,
657 3402 733 3473 illos
758 3403 822 3474 sibi
843 3426 886 3473 ex
902 3403 1039 3474 Etruria
1060 3404 1224 3475 auxilium
1243 3405 1398 3476 Mezentii
1424 3403 1624 3497 109101991-

425 3528 576 3598 laeorum
600 3528 777 3599 adscivisse
802 3551 842 3599 ac
860 3529 1088 3621 imploravisse
1111 3541 1173 3599 etc.
1207 3532 1356 3600 Aurelium
1380 3531 1482 3600 Victor
1499 3534 1536 3601 dc
1550 3531 1621 3618 erip.
1739 3521 1740 3526 ¹

425 3653 513 3743 911.
534 3649 591 3723 13.
617 3649 673 3724 14.
774 3653 806 3722 5.
834 3655 910 3723 Post
935 3676 1012 3725 eum
1037 3654 1190 3746 regnavit
1214 3655 1393 3727 dremulus
1419 3655 1549 3736 Silvius,
1573 3650 1623 3744 qui

425 3785 533 3847 tanne
559 3777 734 3870 superbiae
756 3801 822 3847 non
843 3777 1020 3848 adversum
1042 3779 1196 3849 homines
1220 3779 1328 3861 modo,
1354 3780 1413 3851 sed
1433 3781 1534 3850 etiam
1553 3779 1622 3848 deos

424 3900 526 3971 lirisse
552 3901 708 3982 traditur,
745 3912 779 3972 ut
812 3902 1022 3995 praedicaret
1051 3925 1087 3972 se
1113 3904 1319 3995 superiorem
1350 3927 1422 3973 esse
1448 3905 1520 3997 ipso
1545 3907 1622 3979 love,

426 4049 466 4096 ac
490 4037 626 4098 tonante
652 4028 746 4098 caelo
766 4027 927 4099 militibus
947 4029 1127 4121 imperaret
1150 4039 1186 4098 nt
1209 4029 1283 4098 telis
1304 4029 1428 4121 clipeos
1450 4035 1621 4124 quaterent
1739 4035 1740 4050 ¹

425 4150 629 4245 dictoretque
655 4153 831 4226 clariorem
857 4177 976 4226 sonum
1006 4178 1041 4224 se
1067 4155 1188 4225 lacere.
1233 4155 1300 4238 Qui
1332 4165 1443 4226 umen
1469 4149 1621 4249 praesenti

425 4275 562 4347 affectus
596 4289 645 4348 est
678 4301 806 4372 poena;
845 4301 923 4350 nam
954 4280 1094 4350 fulmine
1127 4281 1210 4350 ictus
1236 4291 1416 4372 raptusque
1441 4279 1569 4349 turbine
1593 4276 1621 4344 in

425 4400 594 4474 Albanum
620 4391 731 4475 lacum
756 4405 990 4498 praecipitatus
1024 4416 1083 4488 est,
1122 4416 1160 4475 ut
1189 4406 1347 4498 scriptum
1380 4415 1428 4476 est
1452 4377 1623 4477 Annalium

424 4524 483 4595 lib.
507 4527 552 4597 v1
578 4539 611 4596 et
638 4528 856 4620 epitomarum
877 4529 1005 4600 Pisonis
1025 4531 1066 4599 ll.
1101 4530 1251 4600 Aurelius
1273 4531 1375 4600 Victor
1392 4532 1430 4600 dc
1448 4526 1620 4622 0119911·
1739 4587 1740 4644 l

428 4647 485 4732 18,
513 4651 548 4722 2.
576 4649 610 4721 3.
714 4654 748 4722 6.
777 4653 826 4722 De
849 4655 982 4724 lloruulo
1008 4669 1034 4724 ct
1063 4656 1156 4724 Remo
1189 4679 1259 4725 com
1291 4656 1373 4725 olins
1401 4671 1468 4725 tum
1500 4652 1621 4743 eatpo-
