3576 5602
1320 635 1391 703 tuf>

182 851 273 910 quam
295 834 350 894 alii
370 835 464 894 aliter
487 835 696 894 restituerunt.
732 832 838 908 Neque
856 832 911 892 tali
927 832 1140 892 ooninuotione
1154 849 1231 907 opus
1246 849 1317 892 esse
1342 831 1393 892 ia·

182 940 244 1000 eila
265 941 433 1016 eoncedes5
457 941 556 1000 eratin
577 943 694 1000 tantum
714 938 806 1017 paulo
827 939 866 998 lit
881 939 1043 1016 abruptior
1064 955 1163 1013 eoque
1180 938 1278 1014 magis
1299 938 1393 999 Salu-

183 1048 285 1108 stiana
307 1048 362 1108 olr,
385 1065 411 1106 o.
432 1049 480 1106 38.
504 1047 553 1106 fin.
574 1083 612 1094 —
631 1049 769 1106 Sestertio
788 1047 910 1106 docento
928 1045 1007 1104 milio
1028 1045 1098 1104 Bas.
1117 1064 1135 1103 ι.
1156 1045 1288 1105 etmulti
1308 1046 1391 1124 libri,

181 1154 238 1215 alii
267 1158 464 1214 aerariorum
489 1153 612 1214 docento
631 1154 711 1212 milio
736 1152 855 1218 Fabrio.
878 1155 904 1212 ’3.
931 1151 1022 1213 Bern.
1050 1154 1078 1211 2.
1108 1151 1204 1211 Guell
1227 1158 1253 1212 5.
1282 1172 1317 1213 m.
1343 1171 1389 1231 pr.

182 1261 250 1322 bueo
272 1263 373 1322 omnia
393 1278 433 1321 ex
454 1267 528 1322 uota
559 1263 710 1322 rostItuta.
731 1278 801 1320 nam
823 1260 970 1336 seriptum
992 1261 1067 1320 erat.
1089 1261 1134 1320 IIS
1150 1241 1202 1322 Et}
1229 1261 1293 1320 lam
1324 1278 1390 1320 eum

182 1367 289 1429 llorat.
310 1367 388 1446 Epp.
420 1372 445 1428 1.
477 1372 503 1428 t.
525 1371 573 1428 80.
603 1375 708 1442 septem
729 1371 863 1426 eusimio
889 1370 920 1425 et
941 1365 1049 1427 Cicero
1070 1366 1180 1427 Parati,
1201 1387 1241 1428 vr.
1264 1371 1291 1426 3.
1315 1385 1389 1427 sex-

184 1481 273 1536 onnta
291 1475 437 1535 sestertia
457 1475 579 1551 dixerit,
601 1492 667 1534 oum
688 1475 769 1552 apud
782 1474 948 1534 Salustium
966 1474 1057 1551 paulo
1073 1479 1145 1535 ante
1164 1479 1297 1534 sestertio
1317 1491 1390 1534 een-

183 1587 241 1640 tum
271 1579 316 1652 (in
338 1582 409 1641 llas.
429 1601 449 1640 ι
470 1584 497 1640 S.
522 1580 569 1652 G.)
595 1583 726 1641 omnium
756 1580 823 1640 Iere
852 1580 942 1640 oodd.
969 1580 1154 1640 auctoritate
1181 1581 1389 1641 confirmatum

184 1687 234 1763 sit,
258 1704 318 1747 non
339 1690 396 1762 est,
417 1689 499 1762 quod
521 1687 601 1746 buno
624 1704 708 1747 usum
731 1693 846 1747 tantum
868 1688 908 1746 ad
932 1687 1102 1763 scriptores
1117 1693 1272 1762 argenteae
1289 1687 1389 1746 atatis

184 1794 390 1854 detrudamus.
432 1795 539 1872 ilioque
564 1797 691 1854 minorue
717 1794 787 1853 Bas.
807 1814 825 1853 ι.
853 1792 916 1854 Eri.
945 1794 1015 1856 Tur.
1044 1797 1072 1854 2.
1106 1795 1187 1870 quod
1212 1794 1389 1870 exprimun-

183 1901 254 1961 (lum
275 1900 342 1975 tuit,
362 1903 396 1958 ut
417 1917 509 1976 supra
530 1900 822 1977 Mepuepennierum
844 1901 895 1960 ubi
916 1920 953 1960 m.
976 1920 1021 1978 pr.
1038 1903 1130 1960 etiarn
1146 1902 1258 1979 bisque
1274 1900 1389 1960 babuit.

265 2024 292 2067 o.
314 2010 361 2067 31.
390 2008 467 2083 Lepe
493 2005 636 2066 Ptnuoctu
662 2005 696 2066 B.
724 2027 744 2066 1.
766 2013 798 2067 et
825 2009 881 2084 spl.
909 2011 1032 2086 glossa:
1069 2010 1253 2084 „secundun
1279 2009 1388 2084 legem,

182 2130 272 2189 quam
286 2113 455 2174 Plautioius
470 2106 624 2172 condidit“
642 2113 672 2172 in
686 2115 822 2190 margine
836 2133 854 2174 a
877 2133 965 2174 manu
980 2116 1127 2175 secunda:
1155 2115 1321 2190 „Plautiuia
1337 2115 1388 2174 lex

183 2222 264 2293 erat,
283 2235 491 2294 quemcunque
518 2219 712 2278 criminosum
736 2237 838 2280 eoram
858 2226 966 2281 senatu
991 2222 1097 2280 venire
1121 2227 1153 2280 et
1174 2222 1289 2282 iuditio
1310 2240 1388 2280 uon-

182 2327 296 2387 viotum
328 2317 502 2402 dampnari“
527 2325 619 2394 etiam
647 2325 698 2384 alii
721 2327 849 2385 eandem
869 2327 1030 2387 lectionem
1056 2332 1179 2388 tuentur
1209 2326 1336 2406 Guelpb.
1359 2330 1387 2387 l.

183 2437 210 2494 8.
239 2435 267 2493 9.
298 2433 351 2493 alii
380 2432 518 2508 Plnotr'eo,
549 2433 604 2492 sed
634 2434 728 2510 longe
755 2435 877 2511 plurimi
904 2435 1018 2495 Plnutio
1048 2436 1189 2497 retinent.
1220 2435 1259 2496 lit
1288 2437 1388 2514 legem

182 2539 334 2600 Plautiam
348 2539 387 2598 de
406 2539 439 2598 vi
454 2537 552 2599 luisse
575 2544 606 2598 et
625 2539 722 2615 ipsum
745 2539 907 2601 Catilinam
922 2543 980 2602 bao
1002 2543 1074 2620 lege
1096 2548 1269 2603 accusatum
1292 2543 1388 2602 fuisse

183 2651 282 2706 testes
303 2651 373 2708 sunt
397 2647 454 2707 Dio
476 2645 600 2706 Cassius
628 2665 745 2708 xxxvn.
768 2651 814 2708 31.
838 2653 870 2710 et
891 2647 993 2708 Sobol.
1022 2650 1053 2708 in
1075 2649 1167 2708 Vatiu
1194 2669 1224 2708 x.
1253 2651 1280 2708 2.
1306 2648 1388 2726 apud

183 2753 333 2814 Orellium
353 2771 382 2830 p.
405 2755 473 2814 320.
493 2757 577 2816 ouius
600 2757 692 2816 etiam
705 2755 914 2816 Pseudo-Sal.
936 2758 963 2815 3.
983 2756 1166 2816 mentionem
1183 2755 1266 2815 lacit.
1288 2755 1388 2824 Quare

184 2877 252 2920 oum
273 2860 397 2921 anullo
424 2863 578 2938 scriptore
607 2863 657 2922 us
684 2861 819 2924 Plnutitto
844 2865 1037 2937 memoretur,
1065 2864 1132 2922 siue
1158 2863 1251 2923 dubio
1275 2862 1389 2921 Plautio

182 2984 259 3027 vera
280 2969 330 3026 est
350 2967 453 3044 lectio,
474 2968 530 3030 etr.
552 2969 632 3047 apud
654 2969 802 3029 0rellIum
824 2969 921 3030 Index
938 2969 1053 3047 Legum
1075 2969 1144 3030 Vol.
1166 2968 1246 3029 VIII.
1268 2987 1296 3045 p.
1320 2971 1388 3030 333.

265 3074 447 3135 Loertlentern
474 3075 545 3136 Bas.
570 3095 590 3135 ι.
622 3081 655 3136 et
683 3093 750 3136 oum
779 3076 959 3136 adverbium
991 3076 1151 3136 loculenter
1179 3077 1259 3154 apurl
1290 3077 1388 3154 Ipsum

184 3179 362 3241 Ciceronem
382 3181 464 3242 bautl
487 3181 663 3257 iuirequens
685 3183 734 3258 sit,
757 3183 838 3242 dieat
861 3183 971 3258 aliquis
993 3187 1027 3242 ut
1048 3184 1168 3258 opulenta
1188 3200 1245 3260 pro
1266 3183 1388 3258 opolen-

184 3293 229 3348 toe
249 3287 292 3348 ita
314 3288 443 3348 beroleos
463 3307 519 3366 pro
550 3289 710 3349 luculentus
739 3307 757 3349 a
786 3289 922 3350 Salustio
945 3290 1058 3350 motum
1087 3291 1192 3351 luisse.
1233 3289 1296 3350 Sed
1322 3306 1389 3350 oum

184 3395 298 3456 nullum
319 3395 385 3455 eins
407 3396 550 3456 voeabuli
571 3399 674 3456 exstet
695 3397 866 3472 vestituum,
889 3403 976 3457 reete
999 3397 1059 3457 boo
1075 3415 1132 3474 pro
1154 3397 1264 3457 mendo
1287 3397 1388 3472 serip-

183 3505 259 3560 turae
281 3501 409 3562 babeas.

260 3609 413 3684 postolare
438 3610 570 3684 patrituo
596 3613 680 3684 capit
702 3608 772 3670 Bas.
799 3629 819 3668 ι.
840 3627 879 3670 ex
905 3611 986 3670 laisa
1015 3611 1268 3686 iuterpretatione
1297 3613 1388 3669 nota·

183 3733 249 3776 rum
259 3733 289 3790 p.
303 3733 328 3774 e.
344 3746 380 3756 —
396 3716 504 3775 bostem
515 3723 600 3793 utque
609 3716 790 3792 purrr‘otdum
803 3716 874 3776 Bas.
890 3735 909 3775 ι.
925 3724 1010 3794 otpuo
1027 3716 1086 3794 spl.
1100 3716 1156 3775 sed
1171 3716 1277 3775 eadem
1292 3732 1388 3776 mauu.

264 3838 289 3881 o.
313 3823 360 3880 33.
377 3825 472 3898 prino,
494 3840 588 3901 quum
615 3840 731 3883 oomma
753 3823 921 3885 tollendum
943 3828 977 3884 et
997 3823 1056 3883 dno
1077 3821 1226 3884 voeabula
1248 3823 1387 3881 inunum

185 3927 403 4004 coniungenda.

265 4051 290 4094 o.
312 4037 359 4094 33Δ
380 4053 405 4094 e.
422 4053 452 4110 p.
474 4041 595 4111 copiare
607 4035 676 4098 llas.
697 4058 715 4099 1.
735 4037 868 4115 plerIpoe
884 4041 991 4112 patrio
1012 4036 1082 4096 Bas.
1105 4056 1122 4095 ι.
1144 4036 1213 4096 Par.
1227 4034 1312 4095 Leid.
1330 4052 1388 4111 po·-

184 4145 241 4202 tn'u
261 4143 331 4202 Vat.
346 4143 413 4202 Tur.
433 4143 517 4204 Eius.
534 4145 589 4204 sed
605 4145 787 4205 Insolentior
804 4146 957 4204 structura
971 4145 1068 4220 magis
1084 4142 1264 4220 probabilis.
1293 4143 1388 4202 Moto-

183 4265 233 4308 ree
261 4253 311 4308 nri
336 4249 406 4310 Bas.
429 4251 497 4312 Tur.
525 4250 609 4312 llius.
631 4251 719 4312 Leid.
746 4255 834 4311 uestri
855 4253 922 4312 Vat.
950 4242 1022 4310 Pars
1041 4269 1078 4310 m.
1102 4254 1127 4310 1.
1159 4251 1287 4309 Verbum
1311 4248 1388 4310 Gall.

184 4374 234 4416 xx.
257 4356 277 4414 6
301 4357 580 4434 „importunissime
601 4358 748 4434 iuuerunt,
771 4359 824 4433 qui
838 4358 869 4416 iu
884 4358 1042 4434 plerisque
1061 4356 1188 4417 Salustii
1203 4355 1389 4432 exemplari·

185 4462 243 4522 bus
264 4463 448 4554 scripturam
474 4464 559 4524 illam
581 4464 817 4524 sinuerissImam
848 4467 1058 4540 corruperunt.
1100 4462 1176 4522 Nam
1199 4479 1266 4521 oum
1293 4462 1337 4521 ita
1358 4462 1389 4521 in

185 4568 316 4630 CatiIIna
336 4571 485 4648 seriptum
507 4575 609 4632 esset:
649 4573 749 4646 „supe
776 4574 903 4632 moturos
928 4577 1051 4631 verbnm
1076 4572 1196 4631 miseriti
1216 4569 1309 4644 plebio
1328 4568 1389 4628 lio-

184 4669 293 4736 mortm“
327 4685 452 4738 oeetmrn
482 4678 663 4738 obleverunt
691 4683 723 4737 et
748 4682 837 4738 vestm
867 4677 1160 4755 superserIpserunt.
1202 4673 1249 4736 Ex
1274 4691 1333 4749 qno
1358 4676 1390 4734 in
