3554 5600
1282 658 1347 726 26l

142 857 248 926 etiarn
274 857 499 926 narrationem
525 857 635 926 minus
661 856 744 927 mibi
769 856 953 948 probatam,
980 877 1046 948 qun
1068 855 1202 925 Cincius
1225 867 1256 924 et
1274 855 1354 926 Cul-

141 983 289 1073 purnius
315 981 457 1050 Romani
483 981 658 1074 scriptores
683 981 733 1051 usi
760 990 847 1050 sunt.
892 980 957 1064 Qui
983 1003 1094 1072 neque
1120 979 1354 1050 dictatoremu

142 1117 263 1176 senatu
289 1106 463 1189 Quintium
489 1130 598 1201 neque
626 1109 819 1198 magistrum
850 1108 998 1200 equitum
1032 1131 1050 1176 3
1077 1107 1214 1190 Quintio
1241 1107 1354 1176 Servi-

142 1231 231 1300 lium
257 1241 407 1300 creatum
432 1231 586 1322 produnt,
614 1230 671 1300 sed
697 1255 734 1300 re
760 1231 946 1301 ablinucio
963 1231 1072 1300 deleta
1089 1240 1269 1310 senatores,
1296 1229 1353 1322 qui

143 1355 182 1424 in
208 1356 301 1426 eurio
327 1355 474 1437 aderunt,
501 1357 652 1427 scribunt
676 1357 775 1427 fidem
802 1357 926 1428 indicio
952 1357 1119 1434 babuisse,
1152 1366 1184 1426 31
1209 1379 1285 1426 cum
1312 1355 1353 1424 de

144 1479 335 1550 senioribus
366 1480 503 1572 quidum
536 1480 706 1550 bominem
741 1480 863 1550 indicta
899 1503 998 1550 ceusu
1027 1480 1245 1550 occidendum
1272 1493 1354 1549 cen·-

145 1604 279 1682 suisset,
313 1602 377 1673 hec
402 1605 562 1673 sententia
589 1604 800 1697 comprobato
832 1603 987 1674 continuo
1014 1627 1088 1673 cum
1115 1627 1185 1673 rem
1212 1604 1353 1674 Servilio

146 1728 313 1798 acerrimo
345 1729 456 1798 iuveni
486 1751 525 1798 33
552 1751 651 1798 manu
686 1729 760 1798 lorti
787 1729 970 1799 mandasse.
1014 1728 1098 1798 Tum
1124 1729 1215 1799 bunc
1240 1727 1353 1819 gladio

146 1853 209 1924 sub
242 1853 294 1922 313
329 1854 494 1922 occultato
526 1852 567 1921 ud
596 1852 754 1922 Maelium
788 1853 859 1923 loro
893 1853 1116 1923 discedentem
1148 1853 1353 1922 contendisse

146 1978 351 2072 propiusque
370 1978 581 2048 accedentem
600 1979 734 2060 dixisse,
757 1980 843 2049 velle
867 2002 903 2050 se
921 2003 996 2049 cum
1023 2004 1064 2049 eo
1090 1979 1130 2049 de
1153 1979 1245 2070 gravi
1269 2000 1354 2068 qua-

148 2101 226 2170 darn
252 2124 440 2195 arcanaque
473 2124 511 2170 re
543 2101 700 2194 colloqui.
753 2102 904 2195 Cumque
934 2102 1075 2172 Maelius
1107 2103 1353 2171 circumstantes

148 2226 287 2320 paulum
313 2226 469 2296 recedere
496 2227 653 2307 iussisset,
679 2224 736 2295 ubi
763 2225 871 2294 solum
897 2226 988 2306 vidit,
1014 2227 1162 2318 gladium
1183 2226 1353 2295 strinxisse

149 2363 181 2418 et
208 2351 240 2419 in
267 2349 420 2440 iugulum
448 2350 496 2418 illi
523 2350 703 2419 demisisse.
752 2349 863 2420 Caede
890 2361 1075 2443 perpetrata
1107 2373 1205 2420 cursu
1233 2350 1266 2419 iu
1293 2373 1353 2418 ou-

150 2473 247 2554 rinm,
282 2472 475 2543 considente
505 2474 606 2543 etium
638 2485 716 2542 tunc
744 2483 872 2553 senatu,
910 2473 1149 2566 properavisse,
1187 2483 1352 2542 tenentem

149 2619 251 2666 rnnnu
275 2597 401 2667 serrum
428 2598 590 2689 sanguine
616 2598 752 2667 madens
778 2609 810 2667 et
835 2598 1070 2668 vociferantem
1105 2597 1146 2666 nd
1173 2598 1354 2689 insequen-

151 2732 210 2800 tes,
249 2733 379 2815 pntrum
418 2723 507 2792 iussn
548 2745 583 2792 se
620 2733 797 2814 tyrannum
833 2722 1012 2792 sustulisse.
1065 2722 1186 2792 Audito
1224 2732 1353 2814 patrum

151 2846 298 2926 nominc,
332 2845 389 2938 qui
422 2845 523 2915 modo
554 2868 692 2916 menum
725 2846 848 2915 inlerre
880 2869 919 2914 33
954 2846 1093 2915 caedere
1127 2847 1231 2939 pucati
1259 2855 1353 2916 erunt

151 2969 333 3040 substitisse
356 2991 467 3061 neque
493 2969 672 3062 quicquum
697 2991 758 3060 per
783 2968 850 3038 vinr
876 2969 1091 3036 commisisse.
1138 2969 1227 3036 Hinc
1253 2969 1353 3037 etiem

152 3115 340 3185 cognomen
358 3093 456 3163 Alam
474 3093 504 3160 ei
526 3092 640 3163 dicunt
666 3093 820 3172 inditum,
846 3092 934 3182 quod
961 3094 1049 3162 13333
1073 3093 1134 3162 sub
1161 3092 1215 3161 313
1239 3092 1354 3162 occul-

152 3227 217 3288 tuto
243 3219 396 3311 petiverit
417 3218 606 3298 hominene
639 3217 708 3286 ulus
735 3216 824 3284 eninr
850 3216 990 3285 Romani
1015 3211 1074 3296 τὰς
1093 3211 1199 3301 μόλοις
1228 3217 1352 3287 dicunt.

153 3342 330 3433 Dionysius
342 3342 449 3412 Halic.
475 3342 548 3409 XII.
575 3343 611 3410 io
637 3343 788 3433 excerptis
814 3366 829 3410 e
854 3343 958 3410 codice
976 3341 1188 3411 Escom‘olensi
1213 3343 1306 3410 editis
1332 3364 1353 3410 3

153 3468 268 3537 Fodero
290 3470 312 3535 1
326 3492 361 3561 p.
385 3465 433 3538 48
461 3482 489 3536 31
514 3468 687 3537 3113111333
709 3472 826 3558 [ropm.
847 3468 920 3536 bist.
941 3491 1043 3558 praec.
1068 3481 1090 3535 1.
1114 3465 1136 3535 2
1156 3491 1190 3559 p.
1212 3464 1353 3534 XXXVI.

155 3594 211 3663 10.
246 3594 296 3662 Ε3
328 3592 493 3684 religione
526 3590 688 3661 adductus
722 3601 852 3659 senatus
887 3589 1080 3660 dictatorem
1114 3589 1200 3658 clavi
1231 3587 1354 3678 figendi

154 3741 251 3786 ceusu
276 3716 342 3786 dici
369 3717 537 3786 iussit...
564 3720 637 3787 Lex
662 3727 787 3785 vetusta
813 3726 873 3795 est,
897 3713 1014 3806 priscis
1040 3715 1155 3783 litteris
1178 3711 1354 3803 verbisque

153 3843 284 3935 scripta,
311 3841 429 3933 utqui
456 3852 589 3933 praetor
614 3841 777 3910 maximus
803 3840 843 3920 sit
872 3838 985 3908 Idibus
1010 3836 1257 3930 Septembribus
1284 3837 1354 3905 313-

152 3988 227 4036 rum
241 3975 381 4058 pungam
408 3965 475 4034 fixe
492 3965 554 4034 fuit
570 3965 685 4034 dextro
703 3965 798 4033 131331
816 3963 906 4032 aedis
920 3963 1004 4032 lovis
1019 3963 1134 4056 optimi
1148 3961 1296 4039 maximi,
1312 3984 1355 4030 ex

154 4111 217 4182 quc
235 4099 329 4183 perte
348 4089 517 4160 Minervae
534 4091 693 4181 templum
712 4098 770 4157 est.
810 4091 897 4159 Eum
916 4090 1059 4167 clevum,
1086 4089 1164 4181 quia
1182 4109 1277 4157 rarae
1296 4109 1356 4178 per

154 4237 192 4284 33
210 4225 363 4307 tempora
380 4214 508 4284 litterae
528 4223 632 4296 erunt,
659 4223 771 4282 notam
784 4213 915 4282 numeri
931 4234 1093 4282 annorum
1115 4211 1215 4280 luisse
1236 4211 1355 4290 ierunt,

153 4361 260 4432 eoque
272 4338 442 4409 Minervae
455 4340 580 4432 templo
600 4339 744 4408 dicatam
765 4338 887 4428 legem,
914 4337 995 4428 quic
1010 4357 1171 4406 numerus
1186 4335 1356 4406 Minervae

154 4464 323 4534 inventum
351 4463 403 4532 sit.
450 4463 608 4533 Volsiniis
640 4485 773 4555 quoque
804 4463 913 4532 elavos
940 4461 1065 4531 iudices
1091 4460 1223 4530 numeri
1249 4481 1356 4527 anno-

153 4611 226 4658 rum
253 4587 338 4657 linos
365 4588 397 4655 in
429 4588 553 4680 templo
579 4587 713 4657 Nortiae
740 4589 896 4657 Etruscae
929 4586 1012 4656 deae
1041 4607 1243 4679 comparere,
1279 4583 1357 4652 dili-

156 4733 235 4800 gens
252 4710 369 4780 talium
386 4711 665 4780 monimentorum
684 4721 799 4780 auctor
813 4711 947 4780 Cincius
961 4709 1114 4780 3111333331.
1149 4707 1307 4786 1131337,
1322 4707 1355 4786 3,
