3576 5602
1315 676 1387 744 1459

179 859 247 919 dem
278 861 420 937 consilio,
452 880 490 922 ne
511 863 558 922 illi
579 865 724 941 populum
750 866 934 927 turbulentia
967 869 1161 930 contionibus
1188 873 1388 950 exagitarent,

178 967 210 1026 id
231 967 314 1041 qood
342 967 493 1029 Salustius
522 970 570 1028 luis
595 972 701 1030 verbis
727 974 895 1048 expressit:
931 991 988 1052 quo
1016 976 1126 1050 plebem
1155 981 1187 1036 tu
1218 983 1390 1056 mopietrotu

176 1073 318 1148 placidius
341 1081 507 1136 tractarent.
547 1076 622 1136 Nam
644 1095 712 1136 eom
733 1080 897 1156 optimates
920 1083 1007 1141 solos
1029 1083 1227 1160 magistratus
1251 1088 1389 1147 tenuisse

177 1181 301 1253 dixerit,
324 1197 384 1241 nou
405 1183 535 1258 possunt
554 1183 595 1242 ad
617 1201 721 1244 eorum
742 1187 941 1247 adversarios
968 1189 1063 1248 verba
1085 1193 1116 1248 in
1143 1195 1313 1268 mopiumotu
1333 1209 1388 1252 re-

178 1287 263 1360 terri,
293 1289 350 1346 sed
370 1292 426 1364 ipat
447 1290 610 1366 optimates
638 1297 707 1351 suut
728 1293 936 1370 intelligendi3
969 1296 1048 1370 quod
1078 1297 1198 1372 quidem
1221 1316 1387 1375 pronomen

177 1409 216 1452 eo
238 1393 370 1454 consilio
391 1411 453 1455 eoo
474 1397 610 1456 additum
633 1401 690 1472 est,
724 1398 806 1473 qood
832 1401 892 1460 iam
919 1418 1012 1478 supra
1032 1405 1165 1479 positum
1187 1404 1297 1465 iuerat.
1331 1405 1388 1465 sed

178 1501 253 1575 quid
275 1507 325 1560 est
341 1501 458 1576 placide
471 1503 582 1578 plebem
603 1507 754 1564 tractore?
794 1507 959 1584 iunguntur
982 1509 1097 1584 placide
1123 1517 1152 1569 et
1171 1515 1269 1587 odore,
1300 1513 1391 1587 piet

177 1607 284 1681 sedute,
301 1607 342 1683 pl.
363 1613 392 1667 et
411 1609 514 1668 leniter
534 1608 589 1670 clu.
612 1610 674 1688 lug.
697 1616 743 1670 dl.
763 1613 803 1687 pi.
824 1615 1006 1693 modesteque
1026 1619 1102 1675 iuter
1121 1635 1155 1676 se
1169 1635 1230 1677 rem
1242 1618 1387 1693 publicum

176 1715 355 1788 trmtmum,·
381 1719 430 1774 est
450 1717 543 1794 igitur
565 1719 631 1777 sine
653 1721 790 1795 tumulto,
819 1721 885 1780 siue
908 1722 1059 1782 seditione
1081 1727 1113 1783 et
1134 1724 1300 1801 opponitur
1321 1730 1387 1784 tur-

166 1818 295 1880 eume.
339 1820 476 1897 lienique
508 1830 635 1883 erectore
658 1825 766 1900 plebem
794 1825 861 1886 iere
890 1827 971 1887 idem
1003 1833 1059 1903 est,
1092 1831 1173 1904 quod
1202 1832 1384 1910 complebo

176 1943 286 2003 agere,
323 1932 355 1986 et
382 1930 458 2004 ptoc.
485 1931 558 2006 piei.
589 1939 670 1991 troci.
699 1933 718 1990 i.
746 1951 773 1992 e.
799 1933 922 2011 plebem
956 1934 1159 2011 placidiorem
1189 1937 1317 2012 babere;
1354 1938 1387 1998 id

176 2034 373 2109 quodetiam
396 2039 765 2115 sequeutiacootirmant,
796 2047 875 2099 octus
896 2048 1040 2100 certamem
1067 2046 1178 2102 culmos
1209 2062 1309 2105 eorum
1330 2061 1386 2104 or-

175 2146 263 2202 reo-it.
295 2141 369 2203 lude
390 2146 482 2205 etiam
504 2146 695 2223 intelligitur,
718 2164 771 2206 cur
788 2153 956 2224 ceterosque
975 2149 1168 2209 retinendum
1191 2151 1246 2224 sit;
1274 2167 1387 2211 novom

176 2249 256 2308 enim
279 2249 373 2324 addit,
410 2267 468 2309 non
500 2252 599 2311 solum
627 2253 755 2330 opponit
776 2253 942 2329 prioribus3
976 2255 1034 2332 ipsi
1061 2255 1129 2315 siue
1156 2263 1238 2317 metu
1259 2263 1382 2318 etatem

176 2357 315 2432 egerunt,
331 2357 572 2418 etadversarios
587 2359 709 2417 iudiciis
724 2364 907 2435 terrueruut,
925 2365 1022 2422 utres
1038 2364 1160 2438 publica
1177 2365 1279 2439 quieta
1296 2365 1386 2425 leret.

175 2464 290 2533 Quibus
320 2469 516 2541 opponuntur
543 2466 718 2540 sequentia:
752 2467 810 2525 Sed
827 2467 876 2526 ubi
892 2473 1017 2543 primum
1038 2470 1132 2529 dubim
1152 2472 1240 2531 retus
1261 2473 1387 2532 emundi

175 2590 242 2649 spes
256 2571 353 2632 obluta
365 2579 416 2648 est,
439 2589 505 2648 quse
520 2575 616 2632 verbe
631 2576 738 2650 aperte
760 2574 801 2633 ad
820 2574 944 2651 plebem
960 2593 1140 2654 oppressam
1159 2581 1310 2655 spectant.
1345 2577 1386 2638 Et

173 2681 299 2740 moedi
327 2679 449 2755 quidem
479 2687 585 2740 contra
616 2681 797 2756 optimorum
826 2681 914 2740 codd.
949 2684 1163 2743 auctoritatem
1195 2701 1233 2744 ex
1259 2685 1384 2746 Gruteri

175 2789 353 2846 coniectura
380 2791 537 2863 receptum
563 2791 628 2862 est,
663 2787 745 2861 qood
769 2788 837 2847 fere
862 2805 912 2846 res
938 2805 1021 2848 uoce
1048 2795 1079 2849 et
1100 2806 1150 2850 ree
1170 2808 1281 2851 novere
1301 2797 1333 2852 et
1354 2795 1384 2852 in

175 2894 352 2954 uuiversum
372 2911 484 2953 oerore
510 2895 576 2953 siue
606 2894 671 2953 ullo
694 2894 901 2954 additamento
923 2895 1045 2955 dieitur.
1078 2913 1166 2971 quem
1190 2899 1312 2973 quidem
1333 2899 1384 2958 lo-

176 3001 290 3076 quendi
312 3018 398 3061 osum
419 3001 543 3060 temetsi
563 3001 613 3060 vir
634 3001 744 3060 doctus
774 3000 877 3061 multis
903 3003 1053 3079 exemplis
1074 3003 1251 3080 illustravit,
1284 3009 1384 3065 minen

176 3109 337 3167 etiamnum
364 3109 559 3184 quaerendum
589 3125 660 3166 esse
688 3108 820 3182 videtur,
852 3124 951 3168 acuon
977 3111 1070 3168 etiam
1100 3110 1194 3168 dubiis
1215 3112 1303 3170 rebus
1324 3129 1382 3170 uo-

175 3217 277 3275 ooudr'e
291 3216 352 3274 dici
367 3216 511 3293 potuerit.
541 3213 575 3273 ld
591 3218 676 3273 certe
692 3215 805 3273 nemini
825 3213 879 3273 ille
894 3217 1095 3292 persuaserit,
1117 3218 1209 3276 dubiis
1227 3219 1314 3278 rebus
1327 3235 1384 3296 pre

175 3323 312 3383 ablativo
343 3322 485 3382 absoluto
515 3339 586 3381 esse
616 3320 797 3394 babendum,
827 3338 894 3380 cum
923 3337 961 3380 ex
991 3324 1189 3396 sequentibus
1211 3329 1386 3400 stuperet

175 3429 271 3489 obtuto
300 3447 367 3488 oum
396 3428 501 3488 dativo
533 3429 616 3503 iungi
645 3428 789 3504 potuerit,
820 3431 852 3488 et
880 3428 938 3487 hoc
967 3430 1087 3489 dicendi
1108 3447 1222 3505 genere
1244 3433 1322 3491 nibil
1343 3434 1385 3493 sit

175 3535 376 3613 frequentius,
394 3534 451 3594 cfr.
469 3535 563 3594 Tacit
585 3534 700 3595 Hister.
722 3553 752 3592 u.
769 3536 818 3594 69.
852 3534 1049 3611 ,principium
1072 3537 1192 3596 interno
1215 3538 1306 3597 simul
1326 3557 1384 3599 ex-

174 3645 325 3717 ternoque
347 3642 429 3700 bello
451 3642 632 3718 parantibus
654 3635 745 3701 latis“
771 3641 826 3701 cir.
849 3641 959 3700 Annal.
982 3660 1012 3700 ιι.
1035 3645 1083 3702 57.
1104 3644 1195 3703 amici
1209 3644 1383 3705 accenden-

175 3747 223 3806 dis
245 3748 464 3808 offensionibus
485 3748 598 3807 callidi.
626 3748 702 3806 Auo.
725 3749 752 3823 6,
779 3749 827 3807 pu,
861 3749 1002 3823 tegendis
1027 3749 1198 3809 sceleribus
1222 3752 1382 3811 obscurus.

174 3857 249 3915 Anu.
263 3875 326 3916 xuv.
349 3857 396 3914 83.
420 3855 561 3915 serendis
584 3852 732 3915 fructibus
753 3855 934 3914 incuriosos.
956 3873 997 3914 ιιι.
1021 3858 1071 3915 37.
1097 3857 1280 3924 Quibuscum
1304 3873 1381 3916 eon·

173 3960 317 4021 ferenda:
339 3961 451 4022 incidie
472 3962 592 4036 coueuli,
619 3978 674 4020 ooo
693 3979 796 4034 comes,
817 3965 943 4020 mimetm'
964 3961 1123 4021 sceleribus
1144 3967 1176 4022 et
1197 3963 1290 4022 multa
1312 3963 1382 4040 alia,

175 4084 241 4143 quae
271 4069 349 4128 satis
380 4069 552 4143 ostendunt,
586 4086 674 4143 quam
704 4068 865 4128 familiaris
895 4069 961 4127 haec
990 4068 1113 4128 dicendi
1145 4069 1226 4127 ratio
1247 4069 1383 4130 Salustio

174 4176 304 4235 maxime
337 4179 369 4235 et
389 4178 495 4236 Tacito
518 4176 619 4237 luerit
660 4177 799 4254 scriptor
828 4178 921 4254 igitur
950 4194 1006 4252 pro
1036 4177 1128 4254 plebe
1159 4193 1309 4254 oppressa
1331 4179 1382 4238 vel

174 4285 349 4345 bominibus
370 4287 501 4362 miseris,
524 4303 602 4362 qnos
617 4287 730 4361 aliquis
748 4290 1001 4345 commemoratos
1016 4284 1102 4358 velit,
1124 4290 1157 4344 ut
1178 4301 1283 4343 eorum
1306 4301 1382 4344 eou-

174 4391 325 4452 diciouem
355 4393 512 4468 indicaret,
545 4395 632 4454 rebus
653 4394 746 4454 dubiis
772 4395 884 4471 posuit.
925 4394 1013 4462 Quod
1045 4395 1072 4452 si
1099 4397 1183 4452 recte
1210 4394 1381 4466 statuimus,

174 4499 262 4557 salva
283 4496 451 4558 Latinitate
473 4500 537 4559 dici
557 4517 650 4576 posse
671 4501 812 4559 videtur:
842 4517 909 4559 enm
932 4505 993 4560 tam
1016 4501 1096 4558 tristi
1118 4500 1292 4559 condicioni
1313 4517 1382 4560 mu-

174 4603 275 4666 tandae
298 4620 370 4679 spes
392 4604 498 4665 oblata
520 4612 613 4681 esset,
637 4607 679 4665 ita
701 4610 734 4665 ut
756 4606 794 4664 de
816 4606 909 4665 rebus
932 4605 1022 4664 novis
1043 4623 1082 4664 ne
1104 4601 1289 4681 cogitaverit
1310 4605 1382 4680 qui-

174 4712 242 4772 dem
258 4713 401 4789 scriptor,
424 4715 479 4773 sed
502 4713 711 4774 tantummodo
729 4715 769 4772 de
791 4716 958 4774 motatione
977 4715 1097 4774 miserae
1119 4713 1308 4772 condicionis
1331 4711 1381 4770 lo-
