3526 5604
465 670 536 740 3d8

464 879 501 940 nt
524 869 809 963 prospectantibus
826 873 953 943 cunctis
970 873 1041 965 ipse
1064 873 1277 966 contemptim
1299 885 1398 966 atque
1415 875 1538 944 otiosus
1554 874 1656 944 absce-

464 993 567 1066 daret.
604 996 738 1067 Orosius
759 992 794 1078 5,
813 993 849 1066 4.
951 996 1010 1068 56.
1038 996 1197 1067 Claudius
1222 1003 1257 1066 in
1282 1000 1375 1067 vufl
1404 991 1492 1087 [vus
1510 997 1583 1086 olis]
1604 1023 1656 1068 an·
1733 995 1734 1034 ¹

463 1120 549 1190 nali:
576 1121 634 1215 qui
659 1121 751 1213 prior
776 1105 914 1204 bellum,
942 1121 1030 1213 qnod
1057 1145 1132 1191 cum
1159 1119 1209 1190 his
1234 1132 1364 1214 gestum
1390 1134 1472 1206 erat,
1499 1123 1656 1193 meminis-

460 1252 549 1314 sent.
591 1244 681 1314 Idem
699 1245 734 1314 in
752 1244 887 1315 eodem:
913 1244 973 1314 nbi
991 1242 1218 1327 decreverunt,
1240 1257 1504 1315 commemorant
1521 1245 1657 1316 Graccho

463 1367 579 1438 foedus
604 1367 696 1461 prior
721 1368 961 1462 Pompeianum
988 1391 1153 1438 nonense
1186 1380 1362 1439 servatum.
1417 1373 1600 1442 Psa'seiuuus
1627 1367 1654 1450 1,

466 1488 525 1574 13,
548 1490 607 1564 69.
634 1496 692 1584 cfr.
715 1493 908 1563 Fruusdeim
934 1492 1038 1584 suppl.
1067 1494 1137 1562 Lis.
1160 1490 1219 1576 55,
1250 1491 1307 1565 16.
1409 1495 1469 1565 57.
1496 1494 1653 1565 Claudius:

464 1615 588 1686 Herius
620 1612 710 1701 [heri
737 1617 784 1686 uel
809 1615 898 1686 erius
923 1613 999 1702 olis]
1034 1617 1193 1686 recedens
1219 1618 1349 1711 vesperi
1377 1618 1584 1690 Numantinis
1609 1619 1654 1688 iu·

464 1739 554 1810 cidit.
592 1741 721 1812 Sobols'u
745 1737 1126 1824 6666616661.
1227 1740 1286 1812 58.
1313 1743 1399 1813 Ante
1417 1742 1566 1812 Caesaris
1580 1752 1654 1810 166-

463 1883 545 1954 pora
570 1863 721 1957 Tigurini
748 1874 811 1935 etc.
845 1887 944 1957 supro
969 1888 1004 1957 p.
1032 1860 1117 1946 322,
1148 1862 1208 1935 27.
1315 1864 1373 1935 59.
1404 1866 1541 1938 biemiui
1572 1865 1653 1948 066-

464 1987 650 2079 drigarium
677 1989 711 2058 in
732 1988 908 2058 undecimo
934 1984 1197 2073 [undevicesimo
1214 1986 1290 2075 ulis]
1317 1987 1436 2058 taciem
1461 2011 1521 2081 pro
1544 1999 1651 2059 statura

463 2113 628 2206 totiusque
642 2112 908 2206 corporisfigura
921 2112 1055 2182 dixisse.
1082 2113 1202 2184 Gellius
1213 2111 1270 2196 13,
1284 2110 1344 2196 29,
1359 2110 1392 2182 7.
1485 2115 1543 2184 60.
1565 2113 1653 2182 Clan-

462 2238 537 2308 dius
570 2261 682 2309 rerum
721 2238 947 2309 Romanarum
983 2237 1042 2309 lib.
1078 2239 1140 2309 XII
1170 2249 1232 2309 etc.
1274 2261 1373 2332 supro
1407 2263 1444 2332 p.
1479 2236 1566 2318 322,
1603 2231 1648 2305 tt.

463 2364 522 2434 61.
549 2361 658 2433 Verba
692 2371 769 2432 sunt
799 2361 931 2434 Claudii
957 2360 1173 2453 Quadrigarii
1204 2385 1247 2431 ex
1278 2361 1451 2432 annalium
1477 2361 1546 2432 eius
1568 2357 1649 2428 Xssl:

463 2487 616 2558 contione
634 2487 766 2557 dimissa
782 2487 935 2557 Metellus
952 2487 987 2556 in
1007 2486 1207 2579 Capitolium
1232 2485 1325 2557 venit
1349 2508 1426 2556 curn
1447 2485 1557 2556 multis
1573 2504 1650 2551 mor·

462 2613 602 2693 talibns;
636 2613 714 2683 inde
741 2635 817 2683 cum
842 2612 979 2683 domum
1011 2611 1240 2706 proficiscitur,
1274 2624 1340 2684 tota
1370 2612 1486 2684 civitas
1510 2630 1649 2682 661666-

399 2815 403 2828 ,
463 2736 567 2807 duxit.
618 2736 703 2807 Cum
737 2737 764 2805 is
796 2735 883 2806 liber
911 2759 1018 2828 eaque
1047 2736 1148 2807 verba
1180 2737 1404 2818 aFrontone‚
1444 2735 1539 2806 nobis
1568 2733 1596 2802 ei
1617 2753 1649 2798 as

463 2859 632 2952 plerisque
665 2858 739 2930 aliis
769 2859 1003 2942 assidentibus,
1042 2860 1234 2951 legerentur
1258 2869 1320 2929 ete.
1366 2859 1489 2930 Gellius
1515 2857 1569 2942 13,
1596 2852 1647 2926 28.

463 2989 521 3078 cfr.
547 2985 739 3055 Freiusboim
755 2985 857 3076 suppl.
877 2987 949 3055 sto.
968 2983 1028 3066 69,
1047 2983 1106 3056 62.
1208 2982 1268 3056 62.
1292 2970 1444 3054 ¹Grunnit
1463 2975 1584 3076 porcns'
1605 2979 1647 3048 di·

462 3111 579 3193 cimus,
605 3122 733 3181 veteres
759 3109 918 3202 grnndire
944 3109 1097 3179 dicebant
1123 3162 1189 3180 ...
1216 3108 1375 3182 Claudius
1396 3110 1565 3179 annalium
1583 3105 1646 3175 XV:

462 3236 641 3329 grundibat
665 3235 809 3328 grantes
834 3257 935 3328 pecus
957 3234 1104 3305 suillum.
1138 3235 1307 3304 Diomedes
1326 3235 1349 3304 1
1360 3257 1397 3327 p.
1417 3231 1490 3306 379
1503 3235 1538 3303 Ρ.
1563 3231 1647 3302 Clau-

462 3361 536 3432 dius
561 3361 619 3431 lib.
642 3362 718 3432 XVI
747 3361 826 3451 agni
851 3359 1054 3452 gmndibant
1086 3359 1247 3452 grumiter
1277 3381 1379 3451 pecus
1413 3359 1557 3430 suillum.
1592 3354 1646 3424 No·

460 3486 536 3555 aius
561 3509 598 3579 p.
628 3481 714 3567 465,
741 3481 775 3567 3,
801 3486 859 3555 ubi
883 3485 1013 3555 annali:
1054 3484 1233 3576 grnndibat
1256 3483 1401 3576 graviter
1426 3485 1583 3576 leputdum
1604 3491 1646 3548 ut.

463 3609 523 3682 63.
551 3611 710 3684 Claudius
735 3611 910 3683 annalibus
936 3611 995 3681 lib.
1008 3612 1099 3682 XVI:
1136 3633 1243 3704 equae
1269 3609 1498 3680 binnibundae
1523 3611 1599 3679 inter
1618 3624 1645 3671 ss

462 3748 654 3829 spargentes
686 3746 808 3806 terram
841 3735 999 3806 calcibus.
1049 3737 1175 3806 Nouius
1197 3760 1232 3828 p.
1263 3733 1345 3816 122,
1376 3731 1433 3807 14.
1540 3730 1660 3836 6116Ι

462 3859 729 3931 duodevicesimo
765 3853 973 3949 [duodecimo
1005 3852 1078 3949 olii]
1123 3859 1235 3929 annali
1272 3859 1421 3929 eiusdem
1456 3850 1646 3949 Quadrigarii

462 3984 663 4078 principium
695 3983 774 4053 libri
806 3983 854 4052 sic
887 3982 1062 4074 scriptum:
1102 3982 1130 4051 si
1160 4004 1220 4075 pro
1246 3992 1301 4052 tua
1326 3982 1474 4052 bonitate
1500 3994 1533 4051 et
1556 3987 1646 4050 nonna

461 4109 630 4178 voluntate
656 4105 716 4176 tibi
742 4106 897 4178 valetudo
922 4105 1076 4199 suppetit,
1103 4116 1152 4175 est
1176 4105 1266 4200 'quod
1282 4127 1452 4198 speremus
1473 4107 1551 4176 deos
1570 4097 1646 4174 bonis

461 4233 749 4306 benefacturum.
787 4236 908 4305 Gellius
935 4233 968 4316 1,
995 4231 1029 4316 7,
1056 4233 1089 4305 9.
1197 4234 1256 4305 65.
1287 4232 1445 4304 Claudius
1478 4231 1647 4322 Quadriga·

461 4357 531 4427 rius
557 4356 592 4427 in
617 4357 885 4428 duodevicesimo
911 4357 1081 4428 annalium
1106 4357 1216 4440 tradit,
1244 4380 1319 4427 cum
1344 4357 1554 4428 obsideretur
1578 4357 1647 4426 Gru·

462 4490 610 4550 mentum
637 4491 671 4550 et
695 4481 760 4550 iam
785 4481 826 4550 ad
844 4503 1008 4552 summam
1028 4481 1294 4574 desperationem
1313 4491 1448 4550 ventum
1466 4490 1558 4562 esset,
1584 4478 1648 4548 dnos

461 4625 573 4673 servos
592 4603 634 4673 ad
652 4592 778 4674 bostem
801 4607 1016 4697 transfugisse
1030 4618 1063 4675 et
1078 4628 1200 4697 operae
1217 4604 1357 4698 pretinm
1377 4603 1506 4673 iecisse.
1539 4597 1647 4674 Deinde

463 4726 546 4797 urbe
575 4737 669 4820 capta
696 4729 818 4820 passim
844 4728 1048 4799 discurrente
1079 4730 1219 4812 victore,
1260 4729 1334 4799 11166
1359 4751 1419 4820 per
1444 4739 1523 4798 nota
1547 4727 1647 4796 itinera
