3576 5602
386 623 458 692 422³.

386 823 509 915 puella,
536 823 629 892 cuius
654 831 767 914 pectus
794 843 916 891 numen
942 821 1069 914 recipit.
1114 823 1198 892 Nam
1227 822 1323 893 Aeoli
1357 828 1451 910 σίους
1480 821 1603 892 dicunt

386 947 478 1027 deos,
495 948 598 1044 βουλή
618 957 727 1016 autern
742 956 790 1016 est
804 947 982 1030 sententia,
1003 969 1085 1036 crgo
1106 949 1261 1040 σιβύλλας
1278 948 1372 1039 quasi
1389 956 1464 1025 elev
1474 947 1603 1040 βουὶαῗς

389 1071 555 1141 dixerunt.
601 1069 730 1138 Socios
754 1071 797 1140 cd
825 1072 915 1161 Verp.
943 1073 1019 1140 Aen.
1046 1066 1081 1146 3.
1108 1067 1193 1142 445.
1243 1069 1332 1153 Quid
1364 1072 1509 1141 reseram
1542 1072 1602 1140 Si-

389 1194 508 1286 byllas,
543 1192 762 1286 Erythraeam
797 1204 895 1287 atque
921 1195 1107 1265 Cumanam
1139 1205 1170 1264 et
1195 1206 1270 1265 octo
1296 1195 1465 1289 reliquas?
1505 1187 1599 1283 (nam

389 1319 495 1390 Varro
519 1317 633 1386 decem
660 1318 760 1388 luisse
781 1315 941 1410 autumat)
967 1343 1107 1412 quarum
1134 1318 1267 1410 insigne
1291 1293 1465 1410 virginitas
1491 1330 1539 1388 est
1564 1327 1601 1388 et

390 1443 586 1534 virginitatis
618 1445 802 1536 praemium
834 1443 1003 1515 divinatio.
1052 1444 1179 1528 Quodsi
1210 1443 1338 1514 Aeolici
1368 1465 1496 1534 genere
1525 1465 1599 1512 ser-

391 1567 498 1639 monis
524 1567 649 1660 Sibylla
680 1571 845 1664 θεοβούλη
885 1569 1083 1662 appellatur,
1121 1579 1210 1638 recte
1236 1567 1412 1638 consilium
1445 1567 1501 1638 dei
1525 1567 1599 1636 sola

391 1692 547 1762 scribitur
572 1715 668 1762 nosse
694 1693 876 1783 virginitas.
920 1695 1131 1784 Hieronymus
1156 1694 1230 1762 cdv.
1251 1693 1458 1762 loer'os'onom
1481 1691 1513 1772 1,
1535 1689 1597 1762 41.

389 1818 498 1886 Varro
524 1816 662 1886 consilia
688 1840 755 1886 non
772 1819 898 1911 βουλὰς
919 1818 976 1888 sed
997 1819 1120 1910 βόλλας
1145 1817 1190 1886 ait
1206 1816 1327 1886 heoles
1353 1816 1476 1886 dicere.
1519 1816 1600 1884 Plo-

391 1942 517 2010 turchos
541 1955 658 2032 pocot.
684 1963 809 2012 rmooo.
839 1939 919 2013 101.
961 1934 1117 2011 'Primam
1144 1941 1244 2010 luisse
1270 1941 1311 2011 dc
1338 1941 1464 2020 Persis,
1504 1940 1599 2010 cuius

391 2064 594 2134 mentionem
630 2064 745 2134 iecerit
769 2066 932 2146 Nicanor,
970 2067 1029 2159 qui
1058 2089 1111 2135 res
1141 2077 1249 2158 gestas
1276 2066 1461 2136 Alexandri
1486 2068 1601 2137 blace-

391 2186 487 2257 donis
511 2187 651 2280 scripsit.
694 2189 881 2260 Secundam
907 2189 1090 2281 Libyssam,
1123 2191 1217 2261 cuius
1243 2189 1395 2259 meminit
1420 2189 1600 2282 Euripides

392 2312 426 2380 in
458 2309 595 2382 Lamiae
627 2313 777 2404 prologo.
829 2313 974 2382 Tertiam
1000 2312 1185 2406 Delphida,
1221 2313 1262 2382 de
1295 2336 1363 2405 qua
1395 2312 1601 2406 Chrysippus

392 2437 539 2528 loquitur
566 2439 600 2508 in
627 2461 667 2508 eo
694 2439 779 2510 libro
805 2462 906 2533 quern
941 2439 982 2510 de
1008 2437 1212 2509 divinatione
1244 2439 1438 2531 composuit.
1488 2438 1602 2521 Quar-

393 2571 458 2630 tam
478 2561 690 2634 Cimmeriam
717 2564 751 2632 in
772 2564 880 2644 ltalia,
907 2586 1008 2656 quam
1027 2563 1170 2632 Naevius
1196 2563 1231 2631 in
1258 2562 1350 2632 libris
1371 2560 1452 2632 belli
1470 2561 1601 2642 Punici,

392 2686 466 2755 Piso
493 2686 526 2756 in
544 2686 719 2757 annalibus
737 2687 896 2757 nominat.
941 2687 1099 2771 Quintam
1117 2686 1348 2780 Erythraeam,
1373 2709 1477 2780 quam
1494 2685 1603 2779 Apol·

393 2810 528 2880 lodorus
552 2811 756 2904 Erythraeus
782 2811 924 2891 affirmat
949 2835 1042 2882 suam
1068 2812 1168 2882 fuisse
1195 2812 1300 2880 civem
1326 2834 1470 2902 eamque
1492 2810 1601 2881 Graiis

392 2933 490 3004 ilium
529 2936 714 3026 petentibus
747 2937 973 3016 vaticinatam,
1007 2946 1041 3006 et
1072 2935 1252 3027 perituram
1288 2957 1360 3005 esse
1399 2935 1537 3004 Troiam
1567 2945 1601 3003 et

393 3058 578 3128 Homerum
611 3060 784 3130 mendacia
818 3060 1028 3153 scripturum.
1085 3063 1217 3130 Sextum
1255 3059 1420 3140 Samiam,
1456 3059 1500 3128 de
1534 3081 1602 3150 qua

393 3182 523 3273 scripsit
539 3183 775 3254 Eratosthenes
802 3185 835 3253 in
856 3185 1000 3277 antiquis
1026 3184 1202 3254 annalibus
1220 3185 1410 3255 Samiorum
1435 3183 1601 3275 reperisse

393 3329 428 3376 se
453 3307 623 3397 scriptum.
667 3308 849 3400 Septimam
877 3307 1063 3378 Cumanam
1089 3310 1225 3379 nomine
1251 3307 1481 3386 Amaltheam,
1515 3329 1601 3398 quae

393 3431 436 3500 ah
461 3431 535 3500 aliis
553 3431 752 3524 Demophile
780 3433 832 3502 vel
858 3433 1043 3525 Heropbile
1069 3434 1279 3513 nominatur;
1306 3455 1449 3526 eamque
1478 3453 1599 3502 novem

394 3555 494 3625 libros
520 3555 667 3626 attulisse
693 3556 736 3626 ed
753 3579 866 3648 regern
884 3558 1103 3648 Tarquinium
1120 3558 1268 3628 Priscum
1295 3580 1334 3627 ac
1359 3580 1420 3650 pro
1447 3557 1496 3626 eis
1516 3555 1600 3629 CCC

394 3679 581 3771 philippeos
598 3682 798 3772 postulasse:
825 3704 1007 3775 regemque
1034 3693 1245 3775 aspernatum
1272 3682 1369 3775 pretii
1395 3681 1602 3774 magnitudi-

394 3827 470 3874 nem
497 3804 649 3874 derisisse
668 3806 817 3876 mulieris
840 3807 1020 3886 insaniam;
1047 3807 1140 3876 illam
1167 3807 1200 3874 in
1227 3817 1402 3898 conspectu
1423 3807 1515 3897 regis
1536 3817 1601 3875 tres

394 3929 612 3998 combussisse
638 3951 676 3998 ac
698 3953 758 4023 pro
779 3929 916 4023 reliquis
943 3930 1032 3999 idem
1053 3929 1196 4023 pretium
1222 3930 1431 4022 poposcisse:
1458 3929 1603 4021 Tarqui·

395 4054 488 4124 nium
523 4054 626 4124 multo
660 4055 766 4145 magis
796 4055 971 4124 mulierem
1005 4054 1151 4123 insanire
1180 4063 1324 4146 putasse.
1368 4051 1464 4135 Quae
1491 4052 1602 4123 denuo

396 4178 499 4248 tribus
524 4177 598 4248 aliis
623 4178 748 4248 exustis
774 4201 848 4248 cum
875 4180 909 4247 in
936 4178 1052 4248 codem
1078 4177 1184 4271 pretio
1207 4186 1448 4270 perseveraret,
1476 4187 1602 4246 motum

395 4325 466 4372 esse
497 4325 611 4394 regem
646 4325 685 4372 ac
716 4303 865 4373 residuos
905 4302 1057 4372 trecentis
1091 4302 1201 4372 aureis
1236 4301 1366 4370 emisse.
1419 4303 1604 4372 1111111111

394 4431 530 4498 institut.
561 4426 592 4506 1,
620 4425 654 4506 6,
681 4425 816 4497 8-10,
869 4427 1031 4520 Sibyllina
1064 4447 1240 4518 responsa,
1281 4426 1322 4494 de
1356 4425 1478 4516 quibus
1504 4447 1602 4517 supra

395 4552 552 4634 diximus,
579 4554 740 4623 incertum
768 4566 817 4623 est
842 4554 936 4624 cuius
963 4553 1109 4646 Sibyllae
1134 4552 1277 4632 luerint;
1303 4574 1509 4644 quamquam
1535 4552 1602 4623 Gu-

396 4699 529 4748 manam
546 4679 705 4770 Virgilius
723 4679 821 4759 dicat,
849 4681 954 4750 Varro
972 4679 1189 4772 Erythraeam
1208 4701 1290 4749 esse.
1332 4679 1468 4749 Constat
1479 4691 1601 4759 antem,
