3702 5600
1392 593 1463 664 567

258 790 456 868 respoudeat,
488 791 625 852 diversis
651 792 839 869 temporibus
866 793 999 869 scriptas
1030 807 1102 850 esse
1129 790 1240 866 aliquis
1268 790 1466 850 demonstret.

258 896 347 966 Quod
376 914 443 956 cunr
469 898 523 956 vix
549 898 617 958 lieri
637 915 731 975 posse
753 898 909 972 videatur,
942 898 999 958 has
1021 897 1260 958 declamationes
1286 895 1384 956 ferme
1407 896 1465 956 tri·

261 1004 347 1081 ginta
368 1005 456 1064 annis
479 1008 698 1082 postmortem
719 1005 846 1066 Salustii
868 1006 1057 1083 compositas
1082 1021 1155 1064 esse
1176 1005 1357 1064 existimem.
1395 1003 1466 1072 Quae

257 1111 337 1169 enim
358 1111 523 1170 inimicitie
543 1111 686 1173 Ciceroni
711 1131 778 1173 cum
800 1113 934 1174 Salustio
959 1113 1174 1172 intercessisse
1198 1112 1391 1189 putabantur,
1419 1126 1464 1168 em

258 1216 516 1278 declamatoribus
548 1219 654 1278 harum
687 1220 858 1280 orationum
889 1220 1119 1279 scribendarum
1147 1218 1307 1278 materiem
1337 1217 1463 1276 dedisse

258 1325 409 1384 videntur.
448 1324 480 1384 ln
496 1324 644 1386 Cicerone
659 1327 738 1386 enim
761 1327 933 1386 accusando
951 1329 983 1386 et
998 1324 1193 1386 defendendo
1214 1324 1353 1401 inprimis
1368 1339 1463 1383 occu·

256 1435 346 1507 patos
366 1432 463 1520 spisse
484 1432 708 1493 declamatores
730 1434 843 1493 docent
863 1432 1012 1509 exempla,
1034 1447 1101 1507 quae
1115 1430 1232 1490 Seneca
1250 1429 1464 1490 suasoriarum

257 1537 337 1597 libro
358 1539 519 1614 proposuit
539 1539 612 1599 edit.
638 1538 704 1617 Bip.
725 1557 755 1617 p.
768 1541 804 1598 31
820 1575 848 1584 -.
872 1541 920 1600 52.
941 1538 1146 1615 Speraveram
1167 1537 1244 1608 sore,
1266 1541 1299 1596 ut
1319 1537 1376 1595 has
1390 1552 1463 1595 ora-

256 1644 358 1705 tiones
381 1663 422 1705 ex
446 1646 666 1722 antiquissimis
692 1645 782 1705 codd.
812 1645 1038 1706 emendatiores
1062 1645 1194 1720 ederem,
1225 1643 1282 1703 sed
1305 1644 1371 1702 baec
1391 1658 1464 1719 spes

257 1767 305 1810 me
325 1752 448 1812 felellit.
478 1752 561 1812 Satis
589 1754 682 1829 igitur
710 1753 832 1812 habebo
859 1753 1041 1812 varietatem
1067 1751 1253 1810 Orellianam
1280 1753 1407 1810 notasse
1433 1753 1465 1808 et

257 1860 285 1918 si
314 1877 380 1935 quae
412 1860 453 1919 ad
484 1863 640 1937 receptam
669 1859 834 1919 lectionem
863 1857 1086 1918 defendendam
1112 1876 1190 1935 opus
1216 1874 1287 1917 esse
1312 1857 1462 1915 videntur.

337 1984 363 2025 c.
382 1970 409 2024 1.
430 1967 483 2024 sed
499 1984 585 2044 quom
600 1966 650 2024 0r.
664 1965 797 2040 perfidiae
811 1965 904 2024 locum
925 1965 1042 2040 aliquot
1063 1963 1150 2025 codd.
1172 1963 1323 2038 Lambini;
1345 1963 1463 2022 misella

255 2073 370 2150 glossa.
380 2072 513 2147 perfidie
527 2089 592 2132 esse
605 2071 719 2131 dictum
734 2080 766 2130 ιιι
777 2075 868 2144 oneri,
884 2075 1017 2144 miseric,
1028 2072 1137 2145 praedm
1148 2087 1229 2144 csse·
1246 2087 1345 2146 neque
1359 2087 1463 2145 reper-

256 2183 349 2252 ticios,
358 2179 440 2254 quod
451 2177 568 2238 Orellio
577 2178 702 2255 placuit,
716 2193 815 2252 neque
824 2181 959 2252 aeplicius
969 2178 1051 2253 quod
1061 2178 1113 2236 alii
1123 2177 1377 2251 commendarunt,
1387 2177 1464 2236 satis

255 2286 450 2346 auctoritatis
472 2285 573 2360 habet
596 2285 652 2344 sed
670 2285 700 2343 iu
719 2285 838 2360 volgari
859 2285 962 2362 lingua
982 2285 1055 2344 talia
1071 2283 1174 2343 multa.
1191 2284 1265 2343 rnilni
1279 2287 1379 2343 tamen
1393 2301 1463 2358 rep-

255 2397 338 2452 licins
360 2393 420 2451 buc
441 2392 564 2468 quidem
584 2393 694 2452 melius
716 2391 869 2467 quadrare
892 2390 1023 2451 videtur.
1044 2408 1101 2468 pro
1122 2394 1214 2450 ombus
1240 2387 1305 2460 (Or.
1322 2389 1463 2456 adonius]

256 2502 365 2558 nemius
379 2497 595 2574 reponendum.
614 2500 754 2572 periuriis
774 2497 918 2556 debilitata
936 2497 986 2557 0r.
1002 2495 1073 2555 Ilrn.
1092 2496 1215 2556 delibuta
1229 2495 1363 2556 Lambin.
1380 2497 1463 2556 Gort.

336 2622 360 2664 c.
375 2607 404 2664 2.
422 2605 535 2663 dornorn
549 2608 640 2679 ipsam
655 2610 730 2664 lnam
746 2604 796 2662 0r.
811 2621 861 2662 res
873 2607 910 2663 rit
924 2604 957 2662 0.
968 2605 1113 2662 babituros
1129 2603 1178 2662 Or.
1193 2603 1276 2677 quod
1289 2603 1390 2662 locum
1405 2621 1462 2664 non

256 2713 358 2772 babet.
380 2716 435 2772 oiri
455 2713 611 2816 plenissimi
632 2714 683 2772 0r.
705 2713 871 2772 consolaris
891 2711 1026 2771 Lambin.
1055 2711 1137 2771 Cori.
1158 2729 1191 2770 se
1213 2713 1316 2771 Cicero
1331 2711 1364 2769 0.
1387 2712 1464 2788 qnod

255 2827 281 2877 le
294 2821 437 2880 custodori
453 2822 503 2880 0r.
520 2821 654 2882 sortasse
668 2823 791 2882 rectius.
813 2821 1014 2896 rempublicam
1030 2837 1131 2880 coram
1145 2821 1229 2880 babet
1242 2821 1275 2880 0.
1291 2819 1347 2880 cir.
1362 2820 1401 2880 ad
1416 2823 1464 2880 fin.

255 2929 412 2988 Orationis
432 2928 550 3005 Lepidi.
572 2928 604 2989 G.
627 2931 655 2987 3.
698 2930 783 2989 Aliud
802 2945 872 2988 cero
892 2931 1019 2987 amicitia
1039 2933 1145 2988 mamm
1165 2944 1202 2987 oc
1220 2931 1310 2987 virtus
1324 2933 1368 2986 est
1380 2930 1465 2986 cneci

256 3035 297 3094 ita
319 3039 465 3112 corrupte
487 3033 571 3095 Grut.
601 3034 672 3096 Ere.
695 3040 723 3094 1.
763 3036 839 3096 lllud
857 3053 926 3094 cero
948 3039 1079 3096 amicitiae
1100 3042 1207 3096 lonium
1231 3051 1267 3096 nc
1290 3038 1402 3094 cirlotis
1422 3041 1466 3094 est

255 3146 351 3202 animi.
387 3142 468 3202 Cort.
494 3146 627 3202 ominbus
651 3144 779 3220 proprie
803 3160 864 3204 non
892 3143 979 3203 locos
1008 3147 1064 3202 est
1094 3159 1190 3218 quare
1219 3143 1323 3221 potius
1351 3141 1464 3216 aliquis

255 3247 423 3308 coniecerit
437 3252 606 3322 constantin,
629 3250 662 3308 ut
681 3249 741 3309 boc
762 3250 802 3309 ad
822 3267 915 3327 neque
936 3255 1050 3308 terrore
1069 3264 1162 3326 neque
1176 3251 1273 3325 pretio
1292 3253 1465 3310 commoneri

254 3353 424 3426 reseratur3
461 3354 517 3413 sed
546 3372 646 3432 neque
676 3357 838 3432 sequentia
868 3359 951 3416 immo
979 3374 1048 3416 cero
1075 3357 1151 3418 satis
1177 3358 1345 3433 quadrant;
1383 3358 1465 3434 quod

256 3467 287 3522 ut
307 3465 380 3540 poni
401 3469 511 3540 posset
533 3465 563 3523 in
583 3465 848 3539 antecedentibus,
871 3465 1065 3526 scribendum
1085 3469 1168 3526 erat:
1198 3467 1233 3524 n
1248 3465 1395 3540 preclaro
1415 3471 1465 3526 bru

253 3575 416 3630 constantin
436 3589 473 3631 cc
491 3576 583 3632 cirbrs
604 3575 693 3631 animi
713 3581 773 3648 est‚·
800 3573 986 3650 linpocconc
1000 3575 1059 3634 eto.
1080 3573 1148 3634 haec
1161 3573 1204 3634 ita
1220 3575 1375 3649 expressit
1388 3591 1464 3633 auc·

254 3683 304 3738 tor
325 3680 466 3756 epistolae
486 3681 527 3738 ad
544 3679 708 3740 Caesarem:
732 3681 831 3758 linquo
844 3697 929 3753 cano,
950 3697 1053 3740 manns
1071 3687 1206 3757 mentm,
1225 3682 1313 3756 pedes
1331 3681 1464 3758 sapaces,

254 3803 318 3862 mse
341 3785 458 3844 noneste
488 3790 634 3844 nominari
660 3793 811 3863 nequeunt,
841 3787 1080 3846 inhonestissime.
1111 3786 1240 3846 oblivisci
1267 3787 1312 3846 bis
1337 3790 1464 3846 sermio-

254 3896 293 3950 lis
311 3909 382 3951 sum.
404 3893 449 3952 bis
470 3892 547 3952 lerri
574 3893 688 3969 nequit,
717 3897 748 3953 et
774 3911 813 3952 ex
843 3894 1028 3970 repetitione
1051 3894 1163 3953 ultimae
1183 3893 1297 3953 litterae
1321 3893 1464 3954 vocabuli

254 3997 469 4057 antecedentis
491 4002 522 4058 et
542 4000 647 4074 primm
668 3999 813 4059 vocabuli
834 4000 993 4075 sequentis
1021 4002 1120 4060 ortum
1142 4015 1213 4059 esse
1232 3999 1362 4059 videtur.
1389 4016 1463 4058 cnc-

254 4105 334 4163 rcbir
355 4111 403 4164 tuo
430 4125 456 4164 o.
478 4108 528 4166 0r.
570 4110 725 4183 Scipiones,
751 4109 864 4168 Fabios.
894 4109 983 4168 idem.
1009 4111 1058 4168 coi
1077 4108 1207 4167 insidias.
1235 4108 1291 4166 sed
1312 4108 1410 4167 verba
1432 4111 1464 4166 in

255 4215 370 4272 cimlcoe
391 4230 489 4288 neque
510 4216 583 4274 ante
604 4231 702 4290 neque
722 4218 796 4292 post
815 4215 918 4291 posita
941 4215 1017 4276 satis
1042 4214 1231 4275 commodum
1256 4231 1379 4274 sensum
1404 4215 1463 4273 ha-

254 4320 342 4394 bent;
365 4337 459 4396 quare
477 4322 610 4381 libenter
630 4338 667 4382 ea
682 4323 835 4398 eiecerim,
852 4322 933 4398 quod
947 4339 1044 4399 prava
1057 4322 1243 4399 repetitione
1256 4320 1401 4381 vocabuli
1414 4324 1464 4380 in·

252 4427 343 4485 sidios
358 4429 426 4486 orta
441 4444 512 4487 esse
528 4428 679 4488 videntur.
701 4429 851 4488 Ciceronis
866 4429 1033 4504 Responsio.
1053 4432 1136 4506 queis
1155 4429 1205 4488 Or.
1221 4427 1252 4488 C.
1267 4431 1295 4487 2.
1314 4435 1380 4488 onte
1391 4428 1463 4504 foc-

253 4536 314 4590 rinl
333 4539 386 4592 cot
404 4537 549 4609 opinionis
565 4534 617 4594 0r.
640 4535 722 4610 quod
745 4551 783 4594 ne
795 4533 935 4595 Latinum
953 4535 1074 4611 quidem
1090 4541 1146 4596 est.
1168 4536 1372 4596 commendavit
1386 4551 1462 4594 con-

254 4638 364 4698 iecerit
389 4639 503 4715 aliquis
524 4641 741 4700 commendarit.
764 4675 802 4686 —
824 4641 902 4700 illum
924 4643 1021 4716 pnlom
1044 4643 1078 4701 0.
1105 4642 1161 4702 sed
1183 4658 1241 4701 non
1265 4642 1295 4700 in
1316 4640 1394 4700 illnm
1414 4640 1462 4698 vis
