3576 5602
1288 671 1360 742 437

149 879 293 948 coiceret
326 877 518 969 Pompeius,
559 889 595 947 31
625 875 760 968 ancipiti
799 884 997 966 urgueretur
1027 873 1127 943 bello.
1173 873 1297 942 Nonius
1325 897 1358 964 p.

150 999 241 1083 245,
277 999 334 1072 13.

630 1201 873 1208 -ῄ--ο

456 1423 604 1508 xxm
653 1421 853 1510 usurus
876 1419 1041 1506 l'llllllllll.

226 1637 257 1705 1.
289 1637 354 1706 Res
379 1639 547 1708 Romanas
579 1635 715 1724 [Latino
740 1635 908 1735 sermone]
942 1637 1064 1708 laudati
1090 1637 1267 1730 scriptores
1293 1643 1353 1702 etc.

148 1781 247 1850 supro
268 1784 303 1853 p.
321 1758 405 1843 304,
436 1760 492 1833 19.
529 1764 667 1831 Honore
693 1773 727 1831 et
751 1761 911 1852 dignitate
937 1771 970 1830 et
994 1771 1101 1829 aetate
1127 1769 1270 1852 praestat
1286 1759 1355 1826 Tu·

149 1881 241 1964 bero,
281 1907 380 1976 quem
408 1906 472 1976 ego
497 1883 652 1966 arbitror,
687 1884 885 1977 praesertim
915 1906 991 1953 cum
1022 1882 1145 1952 scribat
1172 1881 1354 1962 historiam,

147 2007 269 2076 multos
295 2031 337 2078 cx
362 2009 430 2078 suis
456 2007 632 2079 annalibus
663 2031 759 2102 posse
784 2008 950 2099 deligere,
987 2031 1069 2101 quos
1095 2007 1175 2077 velit
1198 2018 1230 2076 et
1255 2007 1356 2098 possit

149 2129 284 2202 imitari.
332 2131 439 2202 013313
463 2134 507 2201 ud
534 2133 689 2216 Quintum
712 2137 844 2224 [rutrum
873 2131 905 2214 1,
934 2131 966 2213 1,
993 2129 1028 2212 3,
1059 2130 1114 2202 10.
1141 2154 1172 2200 3.
1200 2126 1283 2200 694.
1323 2129 1355 2197 ls

149 2269 191 2324 ut
216 2256 254 2324 L.
284 2254 415 2337 Tubero,
442 2255 599 2325 0133331113
624 2255 766 2346 aequalis
792 2269 819 2324 31
843 2255 973 2346 affinis:
1000 2256 1044 2324 ud
1070 2277 1160 2345 quem
1185 2253 1255 2322 licet
1279 2275 1355 2345 pcr-

147 2380 268 2447 tinenut
302 2377 363 2446 lori
390 2379 479 2470 opud
512 2378 658 2448 Pbotium
688 2375 1111 2458 1311111311333212,
1150 2376 1286 2445 Probum
1311 2378 1355 2445 nul

154 2503 238 2594 Vcrp.
262 2503 340 2570 Buc.
368 2497 402 2580 6,
431 2497 475 2569 31
507 2513 535 2569 et
560 2501 764 2570 Censorinum
789 2499 824 2582 9,
854 2499 887 2582 1,
934 2501 1076 2570 Plinium
1101 2515 1167 2570 not.
1194 2501 1267 2570 bist.
1297 2498 1353 2580 18,

145 2625 207 2709 26,
234 2625 307 2698 235
333 2641 361 2695 et
384 2625 593 2695 Sclroliustum
619 2627 663 2695 33
688 2627 910 2696 Germanicum
934 2649 967 2718 p.
995 2622 1055 2696 53.
1086 2623 1154 2696 112
1180 2625 1230 2693 ul.
1256 2625 1352 2692 Bubl.

146 2767 223 2822 certe
247 2753 413 2823 historiam
444 2777 509 2823 non
533 2755 660 2823 uidetur
691 2755 835 2824 edidisse.
886 2755 948 2824 Sed
973 2755 1067 2825 Lucii
1090 2755 1177 2846 fili-us
1204 2753 1353 2836 Quintus,

146 2880 213 2969 qui,
241 2889 415 2970 postquam
442 2878 484 2962 Q.
512 2878 685 2970 Ligarium
718 2871 1070 2967 [naissensibus]
1102 2876 1268 2948 accusavit
1292 2897 1354 2944 nec

146 2999 288 3070 obtinuit
313 3001 400 3094 aputl
428 3003 465 3072 G.
493 3002 682 3081 Gaesarem,
721 3001 850 3070 transiit
882 3024 901 3069 a
932 3001 1039 3072 causis
1068 3001 1205 3092 agendis
1235 2999 1277 3069 ad
1303 2999 1354 3068 ius

146 3125 244 3196 civile
270 3137 303 3197 et
328 3128 534 3198 doctissimus
563 3127 698 3221 quidem
728 3127 860 3197 babitus
887 3137 934 3196 est
960 3127 1040 3198 iuris
1073 3126 1199 3220 publici
1225 3135 1258 3195 et
1282 3125 1354 3216 pri-

145 3250 223 3331 vati,
251 3254 439 3346 complures
456 3253 628 3344 utriusque
646 3251 755 3346 operis
773 3252 875 3322 libros
893 3251 1039 3344 reliquit.
1075 3253 1235 3322 Sermone
1253 3249 1352 3319 etiam

144 3375 281 3468 antiquo
301 3399 379 3446 usus
401 3377 564 3447 affectavit
584 3375 742 3458 scribere,
769 3386 800 3446 31
826 3375 901 3446 ideo
927 3399 1045 3468 parum
1071 3375 1149 3446 libri
1171 3375 1242 3446 eius
1268 3375 1353 3466 grati

144 3495 320 3570 babeutur.
364 3502 554 3593 Pomponius
578 3503 615 3570 in
640 3501 782 3591 Dipestis
798 3498 829 3581 1,
856 3499 891 3582 2,
909 3499 945 3581 2,
972 3496 1030 3570 46.
1066 3504 1125 3591 cfr.
1153 3498 1273 3568 Gellius
1295 3494 1352 3580 14,

145 3620 180 3691 ’1.
200 3620 236 3694 8.
264 3621 298 3704 ’1,
316 3621 351 3694 9.
373 3622 428 3707 14,
448 3622 484 3695 2.
517 3622 662 3692 Eundem
681 3623 723 3707 Q.
743 3622 875 3693 Aelium
892 3623 1103 3694 Tuberonem
1120 3625 1187 3693 iam
1202 3625 1353 3692 seniorem

144 3767 384 3815 commemorare
407 3749 532 3817 uidetur
552 3747 730 3839 Dionysius
754 3748 862 3817 Hulic.
890 3749 929 3817 de
948 3747 1128 3838 Thucydide
1151 3745 1216 3816 31
1241 3760 1267 3816 et
1290 3744 1351 3816 55.

144 3871 189 3939 33
214 3870 398 3940 nmmum
422 3867 457 3953 2,
487 3869 519 3941 1.
569 3871 687 3940 Eodem
711 3884 790 3963 puto
817 3873 937 3956 Quinto
962 3887 1086 3941 auctore
1110 3894 1141 3940 sc
1164 3894 1257 3940 usum
1282 3871 1352 3940 Pli-

143 3995 219 4062 nius
244 4009 311 4065 nut.
337 3996 410 4065 bist.
438 3995 493 4066 lib.
520 3994 925 4068 23136311131331133.
1027 3997 1061 4064 2.
1088 3995 1220 4065 Tubero
1247 3994 1352 4065 bisto-

143 4117 271 4186 riarum
297 4115 356 4187 lib.
384 4119 415 4188 1:
450 4118 478 4187 si
507 4119 598 4212 quod
630 4143 650 4190 3
676 4119 867 4213 parentibus
893 4130 1063 4212 acceptum
1088 4119 1237 4212 protinus
1263 4118 1352 4187 anti-

145 4262 232 4332 quae
259 4236 423 4332 [uutipuc‘l
449 4243 485 4311 icl
511 4256 554 4312 cst
578 4242 731 4330 studiose]
762 4242 943 4313 memoriae
968 4241 1186 4312 tradiderunt.
1227 4243 1352 4311 Nonius

142 4387 175 4457 p.
200 4362 285 4447 376,
313 4361 373 4434 31.
481 4365 514 4436 3.
546 4367 596 4437 De
623 4366 686 4437 boc
713 4361 886 4457 [Troiano]
918 4390 1006 4461 equo
1030 4365 1121 4435 varie
1147 4366 1181 4434 in
1207 4367 1352 4437 historiis

144 4489 278 4559 dictum.
317 4491 359 4560 Ut
384 4489 473 4559 enim
499 4491 653 4584 Hyginus
679 4502 711 4561 et
737 4493 870 4562 Tubero
896 4492 1021 4575 dicunt,
1047 4491 1350 4563 machinamentum

145 4613 302 4686 bellicum
320 4615 394 4698 luit,
420 4616 510 4709 quud
533 4640 639 4709 equus
661 4620 858 4712 appellatur,
885 4619 969 4688 sicut
986 4619 1084 4702 aries,
1111 4621 1193 4690 sicut
1212 4619 1350 4701 testudo,

145 4737 266 4828 quibus
301 4738 386 4808 muri
421 4739 474 4808 vel
508 4738 625 4811 discuti
659 4741 711 4810 vel
739 4741 854 4812 subrui
879 4743 997 4812 solent.
1042 4743 1170 4812 Seruius
1190 4745 1234 4813 ud
1259 4744 1348 4833 Verp.
