3526 5604
422 561 492 632 282

419 760 539 830 derunt
569 760 603 828 in
628 770 750 828 terram
781 758 966 830 dimidiatos
997 760 1175 851 ignemque
1216 761 1535 852 circumposuerunt,
1572 763 1613 830 ita

420 883 666 954 iuterfecerunt.
717 883 837 953 Gellius
864 881 899 964 3,
933 881 990 963 14,
1025 882 1081 954 19.
1185 885 1243 956 85.
1276 884 1373 954 Certe
1405 884 1502 965 Cato,
1541 907 1613 954 cnm
1743 929 1744 980 3

420 1008 655 1100 imperatorum
680 1008 816 1078 nomina
841 1008 1016 1078 annalibus
1045 1009 1234 1092 detraxerit,
1267 1031 1344 1078 eum
1371 1005 1613 1100 [elephantum]

418 1133 478 1226 qui
504 1133 679 1203 fortissime
704 1134 883 1225 proeliatus
909 1147 994 1204 esset
1018 1135 1052 1204 iu
1079 1135 1202 1205 Punica
1228 1136 1310 1216 acie,
1341 1137 1463 1205 Surum
1487 1133 1616 1203 tradidit

419 1267 584 1338 vocatum,
619 1258 723 1327 altero
756 1258 853 1328 dente
878 1259 1040 1329 mutilato.
1090 1261 1216 1330 Plinius
1242 1275 1309 1329 not.
1331 1261 1404 1328 lu'st.
1430 1256 1467 1338 8,
1497 1257 1531 1337 5,
1561 1257 1613 1326 11.
1743 1287 1744 1302 ¹

424 1381 483 1451 86.
510 1381 592 1452 Cato
617 1381 792 1475 pluraliter
817 1382 900 1452 haec
920 1383 1076 1475 Drepana
1095 1383 1186 1453 dicit.
1229 1384 1357 1454 Seruius
1374 1385 1418 1452 od
1438 1383 1526 1473 Verp.
1540 1385 1613 1450 Aeas.

420 1502 455 1585 3,
484 1503 567 1576 707.
668 1506 726 1576 87.
753 1509 798 1578 lt.
825 1509 906 1579 Cato
930 1508 965 1576 in
992 1517 1108 1599 quarto
1133 1507 1310 1599 Originum
1341 1507 1459 1577 eodem
1486 1508 1520 1577 in
1546 1507 1615 1575 loco
1743 1531 1744 1540 ¹

419 1640 471 1698 ter
495 1628 559 1699 hoc
579 1629 715 1699 verbum
737 1631 862 1721 posuit:
888 1630 1109 1724 compluriens
1134 1653 1248 1702 eorum
1274 1631 1396 1702 milites
1420 1631 1616 1701 mercenarii

420 1754 505 1824 iuter
532 1776 568 1822 se
601 1754 696 1824 multi
728 1755 824 1824 alteri
855 1755 976 1824 alteros
1002 1756 1036 1824 iu
1062 1755 1176 1824 castris
1199 1757 1364 1838 occidere,
1398 1756 1616 1849 compluriens

418 1878 515 1948 multi
533 1878 631 1948 simul
653 1878 694 1948 ad
713 1878 812 1948 bostis
830 1880 1050 1969 transfugere,
1077 1881 1300 1973 compluriens
1327 1881 1360 1950 iu
1386 1880 1616 1973 imperatorem

422 2003 583 2096 impetum
618 2005 737 2074 fecere.
794 2003 915 2075 Gellius
948 2003 987 2085 5,
1026 2004 1089 2086 21,
1132 2004 1188 2078 17.
1237 2007 1362 2078 Nonius
1390 2029 1425 2098 p.
1456 2003 1521 2084 87,
1562 2000 1615 2073 18.

422 2128 480 2199 88.
516 2130 598 2200 Cato
630 2129 665 2198 iu
697 2139 814 2222 quarto
846 2130 1045 2220 Originum:
1090 2129 1208 2200 deiude
1242 2129 1499 2201 duoetvicesimo
1533 2151 1616 2197 anno

421 2263 495 2345 post
519 2251 690 2323 dimissum
719 2255 855 2335 bellum,
894 2254 983 2346 quod
1017 2263 1172 2348 quattuor
1201 2265 1234 2323 et
1267 2255 1384 2346 viginti
1415 2275 1519 2323 anuos
1548 2252 1615 2330 fnit,

295 2407 298 2414 ·
420 2376 709 2468 Carthaginienses
717 2391 847 2448 sextum
859 2378 902 2447 de
915 2378 1048 2449 foedere
1061 2379 1243 2448 decessere.
1268 2379 1393 2448 Nonius
1404 2401 1439 2470 p.
1461 2375 1543 2458 100,
1563 2373 1616 2446 13.

421 2502 541 2572 Gellius
573 2501 629 2582 10,
663 2500 694 2582 1,
731 2501 786 2574 10.
887 2501 946 2573 89.
981 2502 1062 2572 Cato
1094 2502 1129 2571 in
1162 2513 1280 2595 quarto
1313 2501 1515 2593 Originum:
1549 2500 1617 2569 dno

421 2628 536 2697 exules
553 2628 628 2717 lege
646 2627 779 2719 publica
797 2626 952 2697 execrati.
985 2627 1169 2696 Priscianus
1184 2624 1220 2707 8,
1240 2623 1276 2706 4,
1297 2624 1353 2697 16.
1454 2626 1514 2696 00.
1541 2624 1618 2694 Cato

422 2761 533 2820 tamen
568 2773 604 2819 os
643 2747 724 2834 [non
757 2772 867 2820 ossum
899 2751 951 2820 vel
977 2747 1068 2836 osan]
1101 2749 1240 2841 protulit
1270 2750 1304 2818 iu
1336 2749 1399 2819 llll
1423 2749 1616 2839 Originum:

421 2875 450 2943 si
474 2875 549 2967 quis
573 2874 761 2945 membrum
782 2874 872 2967 rupit
895 2885 953 2944 aut
972 2895 1009 2942 os
1031 2871 1140 2965 fregit,
1166 2873 1289 2944 talione
1306 2874 1479 2967 proximus
1495 2895 1618 2964 cogna-

422 3010 472 3069 tus
496 3000 676 3070 ulciscitur.
715 3001 898 3070 Priscianus
915 2997 949 3080 6,
972 2997 1028 3080 13,
1046 2997 1105 3070 09.
1206 2999 1264 3069 91.
1291 2993 1494 3086 [Hannibal]
1520 2997 1618 3090 Alpes

421 3123 585 3216 patefecit.
611 3175 675 3191 ...
709 3144 794 3214 quae
819 3122 999 3193 secundnm
1025 3123 1185 3193 Catonem
1214 3134 1247 3192 et
1279 3122 1412 3194 Livium
1437 3122 1526 3192 muri
1550 3121 1618 3191 vioe

423 3249 602 3320 tuebantur
618 3249 758 3320 ltaliam.
801 3249 928 3319 Servius
954 3251 997 3319 od
1022 3249 1108 3341 Verp.
1132 3251 1210 3320 den.
1235 3248 1291 3330 10,
1312 3247 1369 3320 13.
1471 3247 1529 3317 92.
1556 3247 1618 3316 lli·

421 3373 557 3442 storiam
584 3385 694 3444 annm
720 3385 753 3442 et
777 3373 914 3444 verbnm
942 3373 1005 3443 hoe
1030 3374 1168 3465 sumpsit
1194 3373 1326 3444 Coelius
1348 3397 1391 3442 ex
1409 3372 1551 3464 Origine
1575 3373 1617 3441 ld.

306 3517 308 3522 “
422 3498 567 3577 Catonis,
597 3497 631 3567 in
657 3519 723 3588 qna
750 3497 795 3567 ita
820 3495 978 3589 scriptum
1004 3507 1070 3566 est:
1103 3497 1204 3587 igitur
1228 3497 1420 3567 dictatorem
1445 3495 1620 3585 Cartbagi-

421 3623 588 3692 uiensium
621 3622 779 3712 magister
811 3621 961 3711 equitnm
994 3619 1144 3690 monuit:
1189 3621 1280 3690 mitte
1314 3642 1445 3690 meeum
1481 3623 1618 3690 Romam

422 3746 616 3840 equitatum,
642 3745 696 3815 die
722 3745 828 3836 quinti
854 3745 889 3813 in
915 3742 1076 3837 Capitolio
1101 3744 1160 3814 tihi
1188 3767 1291 3814 coena
1316 3757 1406 3813 cocta
1434 3743 1506 3814 erit.
1548 3745 1619 3814 Gel-

267 3923 272 3932 .
422 3871 485 3940 Gau
510 3868 567 3949 10,
594 3866 653 3950 24,
681 3866 714 3937 7.
754 3855 1212 3950 lfonodiusSntnrn.1‚'4.
1261 3869 1306 3938 lt.
1332 3868 1414 3938 Cato
1445 3869 1480 3937 iu
1505 3878 1619 3961 quarto

421 3994 617 4086 Originum:
650 3992 770 4063 deiude
796 3991 935 4062 dictator
959 3991 1051 4061 iubet
1076 3991 1234 4083 postridie
1259 3991 1452 4082 magistrum
1473 3993 1618 4086 equitum

422 4119 565 4189 accersi:
591 4119 720 4188 mittam
739 4129 781 4198 te,
808 4116 836 4186 si
849 4117 910 4196 vis,
937 4137 1012 4184 cum
1026 4114 1202 4209 equitibus.
1239 4115 1321 4184 Sero
1336 4125 1395 4194 est,
1422 4115 1531 4208 inquit
1547 4137 1619 4185 ma-

423 4245 524 4336 gister
549 4246 712 4338 equitum,
750 4244 814 4313 iam
847 4243 1022 4314 rescivere.
1066 4240 1186 4312 Gellius
1211 4240 1245 4321 2,
1276 4240 1332 4324 19,
1358 4240 1392 4312 9.
1494 4240 1552 4310 93.
1584 4241 1619 4310 lu

423 4381 542 4461 quarto
570 4370 747 4460 Originum
775 4367 876 4437 verba
901 4365 984 4437 haec
1009 4377 1108 4435 eunt:
1142 4365 1321 4458 imperator
1346 4377 1469 4448 noster,
1496 4367 1524 4434 si
1549 4365 1619 4458 quis

423 4505 517 4564 extra
541 4493 690 4564 ordinem
717 4493 942 4584 depugnatum
969 4491 1037 4572 ivit,
1073 4491 1106 4558 ei
1132 4491 1269 4561 multam
1296 4490 1383 4560 facit.
1423 4491 1544 4560 Gellius
1565 4488 1617 4568 11,

427 4620 458 4700 1,
485 4619 519 4690 6.
621 4621 678 4688 Of.
707 4621 750 4688 Μ.
770 4619 850 4690 Cato
869 4619 901 4685 in
930 4613 1134 4706 [Originibus
1151 4619 1294 4710 scripsit:
1331 4618 1443 4686 audito
1466 4613 1617 4702 tu]mnltu
