3576 5602
411 637 483 706 blo

411 835 454 896 ita
475 838 546 895 snut
567 839 753 913 comparata,
776 837 810 896 ut
829 853 917 913 paene
938 853 986 895 me
1003 837 1126 896 consilii
1141 836 1297 914 poeniteat,
1320 839 1400 913 qood
1420 855 1488 898 eam
1517 841 1622 899 eiece-

410 943 477 1002 rim.
499 942 587 1011 Quod
610 943 689 1001 enim
711 945 773 1003 hou
793 943 974 1003 vocabulum
1001 943 1086 1004 nullo
1109 944 1171 1003 alio
1194 945 1266 1004 loco
1280 946 1361 1021 apud
1386 945 1554 1006 Salustium
1576 948 1623 1006 iu-

411 1052 511 1111 veniri
533 1052 653 1128 docent,
675 1051 714 1126 id,
737 1052 764 1110 si
786 1051 859 1111 illos
880 1052 1065 1128 audiremus,
1091 1054 1131 1111 ad
1153 1055 1253 1112 omnia
1275 1047 1367 1132 ἅπαξ
1387 1043 1541 1136 λεγόμενα
1562 1053 1624 1112 tol-

410 1158 503 1218 lenda
529 1158 657 1218 valeret.
694 1157 734 1218 lit
762 1160 844 1235 quod
868 1177 961 1237 neque
986 1191 1024 1200 --
1049 1164 1146 1238 utque
1168 1165 1219 1220 mli
1240 1161 1396 1239 explicant
1424 1179 1518 1238 neqroe
1544 1161 1624 1235 odeo,

412 1281 505 1342 neque
523 1266 598 1342 sere,
627 1267 719 1343 plane
749 1284 809 1325 nou
833 1267 983 1344 intelligo,
1011 1268 1084 1342 qnid
1106 1268 1166 1326 sibi
1187 1269 1292 1327 velint.
1324 1269 1407 1344 quod
1430 1269 1491 1328 boc
1512 1267 1552 1328 de
1573 1285 1625 1327 re-

412 1371 469 1431 bus
490 1372 651 1432 historicis
675 1372 738 1432 dici
759 1388 854 1449 posse
875 1377 997 1448 negant,
1030 1373 1192 1432 obscurius
1219 1375 1311 1434 etiam
1338 1375 1452 1433 dietum
1475 1381 1538 1448 est,
1572 1375 1625 1434 sed

414 1479 495 1552 quod
510 1482 561 1538 tud
575 1479 659 1539 nullo
672 1479 879 1540 additamento
894 1496 988 1558 egere
1002 1479 1243 1540 demonstratum
1256 1487 1337 1556 eunt,
1355 1481 1387 1540 id
1401 1482 1494 1558 plane
1509 1483 1625 1541 ridicu-

413 1585 475 1644 lum
492 1588 549 1645 est.
584 1585 653 1644 Vim
669 1586 828 1663 particulae
850 1586 1006 1662 explicant
1026 1584 1096 1645 loca
1118 1603 1158 1645 ex
1173 1585 1261 1646 Livio
1283 1587 1409 1647 laudata
1431 1607 1495 1648 xxu
1509 1591 1557 1648 38.
1579 1590 1626 1647 te.

416 1693 592 1768 ,turbasset
605 1693 708 1768 ntique
723 1693 934 1752 novissumum
947 1685 1082 1768 agmen.“
1108 1711 1201 1751 xxm:
1224 1700 1328 1752 cetera
1350 1695 1456 1770 utique
1477 1697 1517 1754 ab
1532 1694 1626 1754 llomu

415 1800 565 1859 mittenda
578 1817 664 1874 csse;
686 1819 758 1860 xxv.
774 1801 808 1859 6:
828 1800 941 1859 milites
956 1803 1052 1874 ulique
1066 1800 1233 1859 morituros
1251 1801 1279 1859 in
1296 1802 1393 1860 aciem
1409 1801 1539 1861 misistis
1554 1821 1625 1861 xxv.

416 1907 463 1964 23.
485 1906 577 1967 huius
595 1911 693 1984 obque
716 1906 886 1967 redimendi
906 1912 937 1966 et
955 1905 1103 1983 Epicydae
1125 1923 1198 1965 cura
1217 1913 1285 1966 erat
1304 1908 1411 1984 ingens
1431 1929 1517 1968 xxm.
1532 1911 1581 1970 22.
1601 1909 1627 1968 ai

416 2014 515 2089 utque
535 2013 667 2086 aliquem
691 2012 847 2072 consulem
878 2029 986 2071 creare
1014 2012 1139 2071 vellent.
1161 2031 1207 2071 xc.
1234 2013 1261 2071 9.
1288 2030 1421 2090 regnare
1441 2015 1549 2092 utique
1569 2017 1624 2076 vis.

498 2134 523 2176 c.
546 2119 573 2176 d.
603 2117 723 2194 odendis
747 2136 810 2178 aum
840 2118 924 2177 multi
953 2117 1034 2194 libri,
1062 2117 1147 2177 Vatt.
1179 2117 1279 2176 Medd.
1307 2117 1430 2178 Venett.
1461 2126 1495 2180 et
1524 2140 1627 2182 omnes

417 2225 507 2286 codd.
536 2225 718 2286 deteriores.
751 2226 809 2285 sed
840 2229 893 2284 sim
924 2225 1032 2302 optimi
1062 2225 1132 2285 Bas.
1160 2225 1228 2284 Par.
1251 2225 1388 2286 Einsied.
1416 2245 1484 2303 quae
1509 2230 1627 2304 quidem

416 2333 552 2392 varietas
575 2332 748 2392 bominibus
776 2332 875 2391 doctis
897 2349 1002 2390 ansam
1027 2331 1167 2409 praebuit,
1203 2333 1279 2391 mira
1310 2334 1447 2408 quaedam
1470 2334 1628 2393 demodis

418 2439 581 2498 statuendi.
601 2438 801 2499 Alienissima
819 2439 899 2498 enim
914 2440 1132 2515 conquirentes
1148 2441 1325 2516 docuerunt,
1346 2440 1514 2502 lectionem
1533 2444 1628 2502 minus

418 2547 528 2607 bonam
551 2551 657 2606 contra
680 2548 811 2624 optimos
832 2547 930 2606 libros
953 2563 1024 2606 esse
1045 2548 1245 2606 retinendam.
1277 2547 1384 2624 Neque
1414 2550 1494 2608 satis
1517 2549 1629 2608 babent

418 2671 599 2731 perversam
621 2656 786 2715 lectionem
813 2656 981 2732 recepisse,
1012 2657 1068 2715 sed
1090 2657 1182 2715 etiam
1203 2673 1315 2716 novam
1337 2658 1488 2733 quandam
1512 2658 1626 2718 doetri-

419 2779 486 2822 nam
518 2763 706 2838 excogitant,
742 2766 775 2821 ut
805 2762 886 2820 idem
911 2761 985 2820 aliis
1015 2778 1136 2836 quoque
1164 2761 1243 2821 locis
1273 2763 1378 2822 lacere
1404 2763 1509 2823 liceat
1550 2765 1629 2832 Quos

421 2870 542 2945 quidem
565 2886 640 2928 vere
661 2875 692 2928 et
712 2869 851 2944 graviter
868 2868 1039 2944 exagitavit
1059 2868 1231 2944 Madvigius
1253 2869 1293 2928 ad
1315 2867 1496 2929 Ciceronem
1517 2871 1557 2930 de
1578 2869 1631 2928 Fi-

420 2976 509 3036 nibus
531 2996 550 3035 1.
574 2980 601 3035 b.
623 2995 653 3034 rr.
677 2995 704 3052 p.
720 2979 768 3035 25.
783 2975 874 3049 cluru,
896 2975 1050 3052 magnifico
1064 2973 1133 3034 Bas.
1154 2976 1370 3036 coniunctione
1391 2977 1525 3052 omissa,
1551 2977 1631 3052 quod

421 3083 474 3142 vix
500 3083 618 3143 incuria
646 3083 767 3142 librarii
789 3082 913 3142 videtur
936 3099 1008 3141 esse
1030 3083 1235 3143 commissum.

503 3209 555 3251 eus
576 3197 723 3268 susdnenl,
745 3193 816 3252 Bas.
840 3193 890 3252 nbi
911 3192 1017 3252 littera
1046 3210 1061 3252 a
1082 3195 1190 3269 aperte
1219 3208 1259 3250 ex
1278 3191 1369 3251 initio
1390 3193 1550 3268 sequentis
1571 3210 1628 3252 vo-

422 3299 525 3359 cabuli
546 3299 678 3376 repetita
701 3303 757 3359 est

504 3426 531 3468 c.
553 3409 580 3466 5.
610 3407 751 3467 obmmum
771 3413 815 3466 cul
834 3409 866 3465 et
885 3423 910 3465 c.
927 3407 954 3464 7.
976 3405 1116 3464 obviando
1132 3403 1202 3463 Bas.
1220 3409 1251 3465 et
1263 3405 1399 3481 priorem
1422 3405 1547 3480 quidem
1567 3407 1631 3466 lec-

423 3517 537 3577 tionem
565 3517 657 3576 etiam
683 3517 771 3577 multi
799 3516 854 3574 alii
879 3515 951 3574 iibri
977 3519 1109 3574 tuentur.
1141 3531 1237 3589 quare
1269 3513 1337 3572 fieri
1366 3514 1421 3572 vix
1451 3518 1568 3591 potest,
1602 3515 1633 3572 ut

424 3639 531 3682 errore
547 3622 742 3682 librariorum
764 3626 811 3682 tot
831 3623 860 3680 in
882 3621 980 3680 libros
996 3621 1189 3697 pervenerit,
1211 3637 1263 3680 res
1285 3625 1385 3680 autem
1408 3619 1571 3678 admodum
1586 3623 1633 3678 est

424 3729 640 3789 memorabilis.
691 3729 783 3789 Cuius
818 3730 898 3788 enim
928 3728 1071 3788 vocabuli
1102 3728 1191 3804 origo
1228 3727 1321 3804 vulgo
1355 3727 1395 3784 ad
1426 3727 1552 3786 tertium
1583 3724 1632 3783 vel

425 3840 563 3912 quartum
584 3835 719 3894 seculum
740 3834 885 3908 refertur,
911 3835 950 3893 ad
969 3832 1337 3904 Pseudo-Quintilianum,
1359 3831 1532 3907 vegetium,
1562 3829 1634 3888 Pal-

425 3942 548 4018 ladium,
575 3941 802 4016 Hieronymum,
829 3939 860 3998 id
888 3939 919 3998 in
950 3940 1065 4015 optimo
1092 3937 1221 3998 Salustii
1242 3937 1350 3998 codice
1380 3938 1538 4014 seriptum.
1573 3935 1635 3994 lam

425 4047 519 4111 facilc
547 4047 669 4124 quidem
694 4046 761 4105 haec
792 4045 886 4105 lectio
913 4063 953 4104 ex
982 4046 1143 4122 scripturae
1177 4043 1359 4121 compendio
1386 4060 1443 4120 per
1471 4027 1635 4127 ἄβλεψίαν

426 4155 502 4216 oriri
516 4154 625 4231 potuit,
647 4152 703 4212 sed
725 4153 785 4211 boc
806 4154 891 4210 reete
914 4151 985 4210 inde
1001 4150 1167 4226 colligitur,
1188 4148 1356 4224 librarium,
1380 4167 1470 4225 quem
1483 4149 1636 4208 hominem

427 4266 508 4325 haud
534 4263 688 4322 indoctum
714 4258 811 4319 luisse
838 4260 947 4318 merito
973 4259 1144 4331 statuimus,
1169 4259 1229 4318 boc
1256 4258 1384 4317 verbum
1414 4273 1472 4334 pro
1503 4272 1580 4314 vero
1606 4256 1637 4313 et

426 4371 558 4447 genuino
581 4368 735 4441 babuisse,
767 4366 812 4424 ita
831 4370 865 4425 ut
890 4351 1071 4446 ἀρχέτυπον
1098 4364 1189 4423 buius
1215 4363 1335 4424 codicis
1363 4363 1402 4422 ad
1424 4379 1572 4422 summum
1598 4361 1636 4420 ad

429 4479 564 4554 quintum
586 4476 729 4536 saeculum
750 4474 864 4534 referri
885 4491 979 4552 posse
1002 4474 1153 4532 videatur.

509 4587 621 4642 initium
640 4581 792 4656 conedam
813 4578 883 4640 Bas.
905 4579 973 4638 Par.
996 4583 1027 4639 et
1050 4578 1171 4656 plurimi
1192 4578 1272 4638 libri.
1295 4595 1362 4654 quae
1384 4577 1478 4636 lectio
1500 4576 1636 4636 adbuca

428 4707 477 4749 me
499 4695 531 4750 et
552 4690 590 4749 ab
614 4689 753 4765 omnibus
773 4688 994 4764 interpretibus
1016 4685 1157 4763 neglecta
1179 4690 1234 4758 est,
1257 4685 1316 4744 etei
1338 4684 1425 4743 locus
1448 4689 1499 4743 est
1514 4682 1636 4742 similli-
