3526 5604
453 593 525 665 338

453 815 494 864 ee
519 791 647 886 praelia
679 787 737 876 [ad
764 775 1005 882 Sacdportum]
1040 791 1134 862 Sulla
1164 791 1245 862 tiss
1276 813 1413 864 saemm
1438 801 1505 864 tres
1528 803 1640 864 tantam

453 929 486 988 et
508 917 627 1010 viginti
652 915 869 996 desideratas,
903 915 1048 984 hostium
1082 938 1162 986 vere
1187 916 1303 1008 viginti
1329 917 1425 987 milia
1450 940 1546 988 caesa
1569 942 1639 998 csse,

453 1055 528 1115 octe
544 1042 638 1113 milia
654 1050 760 1133 capta.
802 1041 989 1111 Plutarchus
1006 1041 1098 1111 Sulla
1116 1040 1176 1122 28,
1196 1042 1229 1112 3.
1335 1043 1390 1114 18.
1419 1043 1510 1137 Sylla
1526 1043 1559 1112 in
1575 1043 1641 1112 XXI

452 1190 565 1240 rerum
582 1190 735 1238 suarumz
758 1155 810 1236 ‘ad
832 1187 996 1236 summam
1022 1168 1206 1258 perniciem
1231 1189 1304 1236 rem
1326 1169 1498 1260 publicam
1514 1191 1642 1262 perven-

452 1305 562 1366 turum
573 1292 652 1364 esse’
664 1301 929 1385 propcrventum
943 1293 1005 1362 ire.
1031 1295 1218 1364 Priscianus
1226 1292 1262 1374 9,
1276 1293 1310 1376 7,
1326 1292 1384 1366 39.
1489 1295 1543 1364 19.
1563 1293 1643 1362 Sulla

453 1443 519 1490 non
542 1417 642 1488 ωοᾶο
666 1415 830 1509 praevidit
846 1425 987 1484 mertem
1005 1437 1116 1496 suam,
1141 1417 1201 1487 aed
1227 1417 1371 1510 quedam
1396 1417 1497 1489 mede
1515 1417 1641 1510 scripsit

451 1544 554 1615 Libro
580 1540 669 1612 enim
693 1539 1022 1610 vicesimosecundo
1048 1541 1363 1612 commentariorum
1393 1563 1530 1612 suerum
1554 1541 1643 1610 lridne

451 1668 645 1762 priusquam
669 1665 844 1735 decederet
867 1685 1004 1757 operam
1029 1675 1196 1758 postrema
1221 1667 1369 1749 dederat,
1397 1677 1531 1737 testatem
1554 1666 1643 1736 Chal·

451 1792 552 1862 daces
577 1791 782 1885 praedixisse
807 1789 890 1870 sibi,
930 1791 964 1861 in
998 1792 1073 1860 letis
1102 1813 1173 1861 esse
1199 1803 1235 1863 ut
1259 1793 1326 1862 vita
1351 1769 1439 1863 bene
1463 1803 1591 1886 peracte
1612 1792 1641 1860 in

451 1936 581 1985 summe
614 1914 778 1985 felicitatis
808 1914 938 2004 lastigie
970 1914 1087 1985 obiret.
1139 1918 1223 1985 ltem
1260 1926 1375 1985 narrat
1408 1914 1547 1984 lilielnm
1578 1925 1642 1984 ante

450 2039 620 2111 Metellum
653 2048 819 2109 manuam
853 2038 917 2108 sibi
951 2061 1011 2131 per
1039 2040 1205 2110 somnium
1230 2041 1354 2122 visam,
1389 2050 1479 2110 veste
1512 2040 1642 2109 absolate
1738 2047 1739 2052 ’

450 2163 663 2234 accedentem
696 2162 738 2233 ad
772 2172 900 2255 patrem
932 2174 965 2232 et
996 2174 1188 2234 monentem
1220 2173 1256 2234 ut
1287 2164 1394 2234 missis
1429 2165 1518 2235 caris
1542 2185 1641 2232 secum

450 2289 516 2359 iret
539 2287 581 2356 ad
608 2297 747 2358 matrem
768 2287 950 2368 Metellum,
977 2297 1013 2356 ut
1038 2311 1114 2359 cum
1140 2311 1180 2358 ea
1206 2289 1239 2357 in
1267 2288 1378 2380 quiete
1405 2299 1437 2359 et
1463 2289 1530 2357 ntia
1552 2287 1642 2377 daga-
1738 2279 1739 2336 1

450 2423 511 2481 ret.
553 2413 739 2483 Plutarchus
762 2411 856 2480 Sulla
873 2407 933 2491 37,
963 2409 995 2480 1.
1095 2414 1154 2482 20.
1183 2413 1275 2482 Sulla
1300 2434 1413 2481 rerum
1440 2433 1461 2481 a
1485 2434 1520 2482 se
1545 2421 1641 2504 gesta-

449 2558 525 2607 rum
539 2534 795 2605 commentarius
814 2533 856 2604 ad
877 2534 1056 2606 Lucullum
1074 2535 1240 2628 inscripsit
1256 2546 1318 2605 etc.
1332 2558 1432 2627 supra
1442 2559 1477 2628 p.
1495 2531 1639 2614 satit.

451 2661 511 2732 21.
538 2657 711 2729 Cornelius
736 2656 902 2748 Epicadus
936 2660 976 2728 L.
1004 2657 1152 2728 Cornelii
1178 2623 1289 2752 Sillae
1319 2657 1489 2732 dictatoris
1519 2657 1639 2728 libertus
1712 2693 1714 2698 v

449 2786 642 2877 calatorqne
665 2783 700 2853 in
720 2777 909 2856 ‘uwdoao
941 2781 1096 2874 augurali
1126 2783 1263 2876 filioque
1294 2783 1365 2854 eius
1392 2785 1513 2854 Fausto
1536 2779 1639 2872 gruis
1738 2767 1739 2770 ¹

449 2911 552 2980 simus
570 2909 649 2992 tutu
675 2930 780 3002 quare
797 2929 981 3000 numquam
1007 2929 1074 2978 non
1101 2909 1275 3002 utriusque
1301 2932 1337 2980 se
1363 2909 1518 2980 libertam
1541 2905 1637 2978 elidit
1738 2947 1739 3008 ἡ

450 3031 588 3103 Librum
613 3041 736 3113 antem,
764 3053 868 3124 wem
889 3031 979 3124 Sylla
1004 3030 1219 3102 novissimum
1246 3031 1288 3102 de
1312 3032 1414 3104 rebus
1438 3031 1506 3102 suis
1529 3032 1638 3122 imper·

450 3157 572 3226 fectam
595 3155 787 3247 reliqueret,
821 3153 892 3246 ipse
917 3155 1090 3246 supplevit.
1139 3155 1309 3226 &muudus
1338 3157 1377 3226 de
1404 3167 1567 3246 prauum
1591 3147 1637 3220 12.

449 3281 594 3350 Eundem
617 3279 796 3371 Epicadum
830 3278 1072 3367 qrammaticum
1100 3293 1219 3350 ueneat
1253 3279 1419 3350 Clausus
1451 3275 1483 3359 1,
1512 3271 1565 3358 18,
1587 3269 1637 3342 te.
1738 3279 1739 3356 1

449 3406 613 3475 llacimue
641 3405 820 3474 Victorinus
845 3404 884 3473 dc
908 3425 1005 3474 carm.
1035 3405 1100 3474 der.
1124 3429 1158 3496 p.
1189 3402 1284 3476 1957
1314 3407 1352 3474 Ρ.
1381 3403 1558 3474 Murredius
1586 3395 1638 3466 Sa·
1738 3383 1739 3464 l

449 3541 534 3596 tura.
563 3525 594 3606 1,
623 3523 680 3597 11.

925 3785 1167 3794 ——-—-—

710 4047 826 4131 xm
874 4048 907 4133 l.
937 4048 1198 4136 latitamus
1228 4051 1404 4136 antrat

454 4403 567 4472 erdiuc
590 4403 630 4469 L.
656 4400 816 4472 Otacilius
842 4403 986 4487 Pilatus,
1025 4407 1087 4475 alii
1110 4399 1213 4495 aliter]
1250 4405 1389 4502 servisse
1415 4405 1532 4476 dieitur
1555 4411 1638 4490 aune

454 4525 555 4594 etiam
581 4523 735 4594 ostiarius
761 4536 872 4595 vetere
898 4550 991 4598 more
1018 4529 1052 4597 in
1078 4539 1195 4598 catena
1221 4530 1332 4610 luisse,
1366 4529 1471 4598 denec
1495 4526 1535 4596 ab
1558 4525 1637 4612 inge-

453 4647 547 4717 nium
573 4657 605 4718 et
629 4647 738 4716 studia
765 4648 949 4721 litterarum
976 4652 1196 4722 manumissus
1220 4651 1387 4722 accusanti
1419 4661 1551 4744 patrone
1572 4645 1637 4716 sub-

527 4280 566 4346 L.
593 4275 788 4346 Voltacilias
813 4279 939 4348 Pilatus
974 4273 1032 4368 [sic
1061 4283 1128 4352 ced,
1156 4284 1257 4352 Perua.
1283 4285 1320 4351 iu
1344 4283 1482 4362 claude,
1514 4280 1591 4350 {tau
1609 4275 1637 4342 lt

1738 4405 1739 4460 1

1738 4511 1739 4564 1

1738 4607 1739 4686 1
