3582 5594
1271 649 1340 720 ldd

140 863 282 922 sumum,
315 863 392 911 cum
418 841 567 913 exercitu
591 851 726 933 optume
751 844 882 925 merito,
916 854 1077 937 quantum
1103 847 1210 916 estin
1237 846 1341 932 vobis,

139 965 240 1048 lame,
265 964 467 1036 miserruma
491 965 640 1035 omnium
664 976 783 1047 morte,
810 968 1007 1038 confecistis.
1051 971 1124 1040 Hac
1149 970 1184 1040 in
1206 993 1264 1063 spe
1280 995 1344 1065 po-

139 1090 238 1182 pulus
265 1091 435 1160 Romanus
461 1089 583 1160 liberos
609 1111 684 1161 suos
710 1089 752 1160 ad
777 1089 904 1162 bellum
920 1092 1033 1162 misit?
1059 1093 1131 1164 baec
1156 1105 1232 1165 sunt
1255 1117 1344 1188 prae·

140 1214 207 1284 mia
232 1237 294 1307 pru
311 1214 502 1284 volneribus
519 1225 551 1283 et
575 1212 694 1283 totiens
719 1214 762 1283 ob
787 1236 859 1283 rem
876 1214 1043 1306 publicam
1068 1216 1141 1286 fuso
1160 1219 1344 1311 sanguinei

141 1341 259 1408 Fessus
275 1339 450 1408 scribendo
474 1337 700 1430 mittendoque
725 1337 866 1429 legatos,
890 1340 997 1408 omnis
1015 1362 1094 1433 opes
1120 1350 1151 1410 et
1176 1365 1249 1435 spes
1272 1345 1344 1437 pri-

141 1474 232 1532 vatas
262 1486 358 1533 meas
383 1462 593 1555 consumpsi:
635 1483 712 1532 cum
745 1462 879 1532 interim
910 1486 930 1532 a
959 1464 1053 1535 vobis
1078 1489 1138 1558 per
1163 1466 1343 1538 triennium

140 1588 196 1656 vix
222 1610 351 1658 annuns
382 1596 532 1680 sumptus
563 1585 655 1656 datus
688 1596 746 1655 est.
798 1589 861 1658 Per
892 1588 972 1658 deos
1004 1590 1199 1673 inmortalis,
1233 1602 1345 1662 nuum

141 1712 282 1782 censetis
298 1735 353 1782 me
369 1713 476 1782 vicem
502 1714 599 1783 aerari
621 1723 788 1805 prestare,
814 1736 857 1782 an
885 1715 1067 1785 exercitum
1092 1715 1163 1786 sine
1180 1717 1346 1787 frumento

141 1848 174 1906 et
199 1836 364 1930 stipendio
388 1837 513 1908 babere
538 1837 662 1930 posse‘l
692 1837 859 1930 Equidem
885 1839 1000 1922 fateor,
1033 1863 1088 1910 me
1114 1840 1157 1910 ad
1183 1839 1247 1910 boc
1271 1841 1346 1912 bel-

141 1962 211 2031 lum
237 1961 366 2031 maiore
392 1961 500 2031 studio
525 1983 625 2054 quam
651 1960 791 2031 consilio
815 1963 1018 2054 profectum:
1050 1964 1173 2057 quippe
1198 1965 1257 2057 qui
1281 1987 1346 2034 no-

142 2087 233 2156 mine
258 2084 359 2154 modo
385 2085 516 2178 imperii
541 2109 561 2154 a
585 2083 678 2154 vobis
700 2095 835 2177 accepto
861 2085 978 2157 diebus
1004 2087 1225 2180 quadraginta
1247 2111 1346 2158 exer·

141 2213 245 2282 citum
277 2210 393 2303 paravi
425 2209 594 2302 hostisque
628 2209 662 2277 in
695 2208 880 2280 cervicibus
912 2208 976 2279 iam
1003 2210 1106 2281 ltaliae
1141 2213 1269 2301 agentis
1303 2213 1345 2282 ab

142 2335 285 2429 Alpibus
319 2336 353 2404 in
381 2334 578 2427 Hispaniam
612 2332 787 2403 summovi.
844 2334 906 2403 Per
936 2356 992 2404 eas
1026 2335 1089 2404 iter
1123 2335 1213 2406 aliud
1246 2348 1346 2430 atque

143 2459 326 2540 Hannibal,
351 2458 447 2528 nobis
471 2458 678 2551 oportunius,
708 2457 860 2550 patefeci.
904 2459 1028 2551 Recepi
1054 2459 1209 2540 Galliam,
1245 2463 1347 2554 Pyre-

143 2607 266 2666 naeum,
293 2583 518 2664 Lacetaniam,
543 2581 713 2673 Indigetis,
739 2590 770 2650 et
792 2581 937 2674 primum
958 2582 1106 2675 inpetum
1124 2584 1260 2656 Sertorii
1277 2585 1347 2655 vic·

144 2711 226 2778 toris
259 2708 355 2778 novis
380 2707 539 2777 militibus
566 2716 599 2774 et
622 2705 727 2775 multo
756 2705 967 2796 paucioribus
998 2708 1149 2789 sustinui,
1184 2706 1348 2778 hiemem-

145 2857 211 2926 que
235 2834 272 2901 iu
297 2833 413 2902 castris
438 2831 524 2901 inter
553 2831 760 2900 saevissumos
790 2829 890 2900 hostis
915 2853 982 2898 non
1007 2854 1069 2923 per
1092 2831 1214 2924 oppida
1238 2855 1347 2926 neque

146 2981 189 3028 cx
212 2955 394 3026 ambitione
419 2977 494 3024 mea
519 2954 584 3046 egi.
634 2952 723 3037 Quid
749 2952 869 3024 deinde
895 2953 1011 3045 praelia
1039 2967 1096 3025 aut
1122 2955 1348 3048 expeditiones

145 3081 315 3160 hibernas,
348 3079 470 3172 oppida
495 3077 606 3147 excisa
631 3087 687 3146 aut
716 3086 849 3169 recepta
881 3078 1096 3147 enumerem?
1137 3080 1271 3172 quando
1296 3103 1349 3152 res

147 3208 219 3300 plus
237 3205 327 3275 valet
350 3225 452 3297 quam
472 3200 585 3273 verba.
629 3201 745 3270 Castra
769 3199 913 3270 bostium
939 3201 1027 3293 apud
1044 3202 1225 3273 Sucronem
1243 3216 1348 3297 capta,

146 3343 180 3401 et
203 3329 357 3423 praelium
383 3325 471 3420 apud
495 3325 619 3396 flumen
644 3323 799 3404 Durium,
831 3334 863 3394 et
888 3324 957 3394 dux
982 3324 1125 3396 bostium
1152 3328 1191 3399 G.
1216 3329 1350 3398 Heren-

146 3454 221 3524 nius
255 3473 333 3522 cum
365 3449 447 3520 urbe
473 3448 625 3518 Valentia
650 3457 683 3517 et
715 3448 863 3518 exercitu
904 3447 1003 3518 deleti
1040 3449 1117 3518 satis
1143 3449 1233 3520 clara
1257 3452 1351 3523 vobis

147 3587 240 3658 suut;
274 3598 336 3670 pro
361 3574 447 3667 quis,
477 3596 498 3643 o
524 3572 610 3664 grati
637 3573 758 3653 Patres,
792 3581 972 3664 egestatem
998 3584 1031 3643 et
1056 3574 1178 3645 famam
1203 3576 1350 3647 redditis.

147 3705 262 3794 ltaque
292 3723 367 3769 meo
396 3709 428 3768 et
460 3697 603 3767 bostium
635 3695 794 3766 exercitui
825 3718 887 3788 par
917 3696 1069 3766 condicio
1095 3710 1153 3768 est.
1197 3700 1350 3792 Namque

148 3824 348 3919 stipendium
374 3823 483 3893 neutri
508 3821 622 3900 datum
657 3819 762 3889 victor
786 3833 925 3914 uterque
945 3820 979 3890 in
996 3821 1126 3892 ltaliam
1152 3823 1263 3893 venire
1288 3847 1352 3916 po-

149 3962 221 4020 test
266 3949 365 4033 Quod
391 3969 455 4038 ego
479 3969 537 4016 vos
561 3965 682 4014 moneo
707 3965 887 4036 quaesoque
912 3953 949 4014 ut
973 3945 1252 4030 animadvortatis,
1284 3970 1350 4017 neu

149 4075 275 4168 cogatis
301 4071 549 4143 necessitatibus
573 4067 727 4162 privatim
751 4067 834 4137 mibi
856 4069 1039 4139 consulere.
1083 4070 1280 4163 Hispaniam
1302 4071 1352 4140 ci-

149 4199 319 4278 teriorem,
350 4216 424 4288 quae
449 4215 517 4263 non
541 4192 584 4262 ab
610 4189 760 4261 hostibus
784 4199 925 4274 tenetur,
955 4214 1014 4260 nos
1040 4201 1097 4262 aut
1122 4193 1285 4263 Sertorius
1310 4192 1353 4263 ad

150 4321 413 4394 internecionem
445 4315 656 4397 vastavimus,
693 4323 815 4407 praeter
842 4314 1035 4386 maritumos
1067 4314 1227 4397 civitates,
1265 4314 1353 4385 ultro

149 4446 247 4516 nobis
272 4443 420 4536 sumptui
444 4440 616 4534 onerique.
660 4438 768 4508 Gallia
793 4437 964 4530 superiore
990 4460 1079 4508 anno
1103 4438 1229 4510 Metelli
1255 4460 1353 4508 exer·

151 4571 251 4640 citum
285 4565 450 4659 stipendio
480 4565 713 4655 frumentoque
743 4561 836 4644 aluit,
880 4571 913 4630 et
945 4584 1033 4632 nunc
1064 4561 1162 4632 malis
1196 4559 1355 4632 fructibus

151 4696 222 4788 ipsa
247 4693 303 4764 rix
329 4692 443 4784 agitat.
485 4692 559 4782 Ego
584 4711 651 4759 non
673 4710 744 4758 rem
768 4687 964 4758 familiarem
984 4688 1094 4769 modu,
1120 4688 1355 4760 verumetiam
