3614 5588
451 591 497 658 24

450 799 557 870 erant,
600 789 788 860 conturbari
833 813 903 861 rem
943 792 1110 884 publicam
1147 814 1248 883 quam
1289 791 1398 863 minus
1427 792 1537 862 valere
1587 789 1647 884 ipsi

450 912 627 982 malebant.
665 912 702 981 ld
740 912 822 984 adeo
855 914 980 984 malum
1014 916 1133 985 multos
1167 923 1238 1006 post
1274 937 1377 984 annos
1415 914 1447 983 in
1485 915 1647 987 civitatem

450 1048 640 1109 reverterat.

522 1185 667 1232 xxxvrn.
718 1165 801 1234 Nam
826 1173 998 1256 postquam
1026 1166 1088 1236 Gn.
1115 1166 1271 1258 Pompeio
1297 1176 1329 1235 et
1352 1168 1397 1237 bl.
1424 1165 1542 1237 Crasso
1568 1187 1649 1236 con·

450 1289 575 1359 solibus
601 1289 776 1359 tribunicia
808 1300 949 1382 potestas
974 1291 1121 1361 restituta
1146 1301 1209 1372 est,
1242 1291 1393 1361 homines
1424 1291 1649 1362 adulescentes

450 1434 612 1483 summam
637 1422 829 1504 potestatem
855 1413 960 1496 nacti,
987 1412 1107 1504 quibus
1124 1424 1202 1484 aetas
1227 1414 1423 1506 animusque
1448 1415 1541 1484 ferox
1568 1425 1649 1496 erat,

451 1559 581 1630 coepere
604 1549 754 1608 senatum
788 1539 992 1609 criminando
1012 1539 1143 1630 plebem
1160 1539 1347 1631 exagitare,
1373 1539 1450 1609 dein
1474 1540 1651 1634 largiundo

451 1672 550 1754 atque
576 1661 788 1754 pollicitando
814 1663 918 1754 magis
943 1661 1140 1744 incendero;
1173 1663 1218 1733 ita
1244 1663 1305 1756 ipsi
1330 1663 1411 1734 clari
1436 1675 1650 1758 potentesque

451 1788 536 1858 fieri.
586 1787 709 1858 Contra
740 1810 796 1856 eos
825 1810 953 1857 summa
990 1811 1052 1880 ope
1091 1788 1256 1859 nitebatur
1289 1789 1449 1882 pleraque
1483 1789 1650 1871 nobilitas,

452 1925 586 1985 senatus
610 1915 720 2006 specie
737 1936 797 2007 pro
813 1936 873 1984 sua
890 1913 1130 2003 magnitudine.
1166 1917 1317 2007 Namque
1335 1915 1382 1986 nti
1399 1915 1511 2008 paucis
1535 1935 1651 1984 rernm

452 2040 630 2122 absolvam,
656 2040 803 2133 postilla
820 2051 967 2132 tempora
984 2040 1187 2131 quicumque
1204 2041 1455 2133 rempublicam
1472 2041 1650 2132 agitavere,

452 2165 597 2235 honestis
622 2167 824 2247 nominibus,
859 2166 916 2236 alii
942 2166 1036 2235 sicuti
1061 2166 1174 2259 populi
1201 2167 1274 2237 iura
1313 2167 1542 2248 defenderent,
1576 2187 1652 2257 pars

452 2312 518 2381 quo
542 2299 673 2359 senatus
697 2289 873 2360 auctoritas
898 2311 1053 2359 maxuma
1084 2291 1183 2370 toret,
1210 2289 1334 2361 bonum
1352 2289 1522 2383 publicum
1547 2287 1652 2357 simu-

452 2415 571 2492 lantes,
597 2436 657 2507 pro
674 2436 732 2483 soa
750 2413 890 2505 quisque
907 2414 1051 2506 potentia
1069 2414 1252 2494 certabant;
1270 2436 1380 2507 neque
1398 2414 1463 2484 illis
1480 2411 1651 2494 modestia,

452 2559 560 2628 neque
592 2536 710 2606 modus
745 2536 960 2606 contentionis
994 2546 1077 2614 erat;
1112 2537 1243 2628 utrique
1279 2537 1450 2607 victoriam
1475 2535 1653 2607 crudeliter

453 2659 661 2730 exercebant.

525 2807 648 2856 xxxix.
699 2786 763 2856 Sed
779 2797 952 2879 postquam
971 2788 1034 2858 Gn.
1052 2787 1226 2879 Pompeius
1243 2787 1285 2857 ad
1298 2786 1424 2856 bellum
1441 2784 1652 2856 maritumum

453 2921 551 3004 atque
576 2911 831 2984 Mithridaticum
858 2913 1064 2995 missores,
1102 2913 1208 3006 plebis
1233 2933 1311 3006 opes
1345 2910 1530 2990 inminutae,
1568 2931 1654 3002 pau-

453 3057 567 3104 corum
599 3034 744 3128 potentia
775 3035 888 3105 crevit.
940 3036 984 3106 Hi
1019 3034 1244 3127 magistratus,
1279 3034 1482 3127 provincias,
1520 3033 1653 3124 aliaque

452 3159 562 3228 omnia
588 3169 715 3228 tenere:
743 3158 804 3251 ipsi
822 3157 963 3237 innoxii,
991 3158 1161 3239 florentes,
1188 3159 1259 3227 sine
1285 3167 1373 3226 metu
1392 3165 1518 3226 aetatem
1540 3177 1652 3246 agere,

452 3291 643 3373 ceterosque
669 3280 800 3351 iudiciis
834 3291 976 3362 terrere,
1013 3304 1079 3373 quo
1104 3280 1235 3374 plebem
1262 3281 1296 3349 in
1331 3279 1522 3371 magistratu
1547 3279 1654 3372 placi-

452 3409 525 3478 dius
548 3416 735 3478 tractarent.
787 3406 850 3476 Sed
877 3407 934 3476 ubi
966 3409 1111 3498 primum
1137 3407 1246 3479 dubiis
1270 3405 1370 3477 rebus
1404 3403 1547 3474 novandi
1580 3424 1654 3494 spes

451 3531 560 3602 oblata
598 3544 660 3615 est,
699 3543 791 3603 vetus
825 3543 990 3603 certamen
1028 3533 1155 3603 animos
1189 3555 1304 3604 eornm
1342 3530 1475 3601 arrexit.
1527 3526 1654 3612 Quodsi

452 3655 558 3751 primo
583 3656 698 3749 praelio
724 3656 865 3726 Catilina
899 3655 1049 3748 superior
1085 3667 1141 3726 aut
1175 3679 1270 3748 aequa
1308 3677 1408 3726 manu
1443 3653 1653 3734 discessisset,

451 3783 599 3876 prolecto
628 3803 748 3872 magua
774 3780 884 3852 clades
917 3790 1015 3873 atque
1040 3780 1207 3850 calamitas
1231 3802 1303 3850 rem
1328 3779 1494 3872 publicam
1519 3798 1655 3870 oppres-

452 3910 561 3986 sisset;
587 3929 696 3998 neque
722 3905 804 3988 illis,
831 3905 889 3998 qui
913 3905 1084 3976 victoriam
1110 3904 1218 3998 adepti
1245 3906 1368 3986 forent,
1395 3903 1518 3974 diutius
1543 3923 1581 3971 ea
1607 3899 1656 3970 uti

453 4030 610 4111 licuisset,
640 4028 721 4122 quin
748 4029 882 4099 defessis
909 4040 941 4098 et
966 4029 1188 4120 exsanguibus
1214 4027 1271 4119 qui
1297 4027 1371 4120 plus
1402 4034 1512 4119 posset
1546 4024 1656 4116 impe-

451 4154 538 4223 rium
572 4162 671 4244 atque
705 4152 889 4223 libertatem
916 4161 1136 4244 extorqueret.
1187 4152 1295 4220 Fuere
1324 4161 1432 4219 tamen
1460 4158 1552 4218 extra
1573 4169 1657 4216 con-

348 4315 352 4324 *
452 4279 649 4348 iurationem
674 4279 875 4371 complures,
915 4279 972 4370 qui
1004 4278 1046 4348 ad
1072 4277 1246 4347 Catilinam
1281 4275 1376 4345 initio
1400 4273 1537 4367 proiecti
1562 4281 1654 4350 sunt:

453 4405 487 4473 in
530 4404 580 4472 his
613 4413 684 4474 erat
718 4401 872 4484 Fulvius,
922 4403 1082 4473 senatoris
1120 4402 1226 4483 lilius,
1266 4423 1365 4492 quem
1409 4407 1586 4468 retractum
1613 4419 1655 4464 ex

453 4526 568 4596 itinere
595 4549 713 4620 parens
755 4525 866 4595 necari
893 4525 995 4595 iussit.
1039 4526 1143 4596 lsdcm
1180 4523 1380 4617 temporibus
1417 4523 1530 4592 Romae
1564 4523 1655 4591 Len-

453 4651 559 4730 tulus,
594 4651 688 4722 sicuti
727 4650 867 4721 Catilina
902 4661 1119 4743 preceperat,
1159 4672 1384 4742 quoscumque
1417 4647 1562 4716 moribus
1599 4655 1654 4714 aut
