3526 5604
457 593 529 666 352

452 817 560 889 regno
576 799 795 892 praetulisset,
821 802 975 874 Amulius
1001 825 1143 896 regnum
1168 805 1321 878 obtinuit.
1359 809 1458 894 Quod
1484 822 1521 881 nt
1540 809 1649 882 lirmis·

453 921 537 995 sime
562 923 754 1016 possideret.
790 927 972 997 Numitoris
1005 929 1114 999 fratris
1149 930 1200 1001 sui
1235 931 1341 1003 lilium
1368 933 1402 1002 in
1429 937 1580 1008 venando
1603 935 1649 1006 in-

452 1047 674 1119 terimendum
702 1051 844 1132 curavit3
877 1051 1072 1123 tumeliam
1099 1054 1228 1124 llbeam
1252 1057 1387 1126 Silviam
1414 1059 1487 1127 eins
1514 1081 1646 1129 sororem

452 1174 656 1252 sacerdotem
681 1176 801 1246 Vestae
827 1177 901 1248 lieri
927 1177 1021 1247 iussit
1045 1178 1200 1249 simulato
1225 1181 1364 1261 somnio,
1401 1204 1469 1275 qno
1494 1185 1649 1253 ammoni·

451 1311 503 1371 tus
529 1301 571 1371 ab
597 1301 713 1371 eadem
739 1303 802 1372 dea
828 1313 913 1373 esset
938 1316 975 1374 ut
999 1304 1033 1374 id
1052 1305 1162 1388 lieret3
1188 1330 1264 1377 cum
1289 1331 1327 1377 ro
1352 1331 1432 1378 vera
1459 1309 1502 1380 ita
1529 1310 1648 1380 sacian-
1743 1293 1744 1330 r

451 1426 531 1499 dum
546 1425 610 1497 sibi
628 1427 843 1509 existimaret,
861 1428 1086 1522 periculosum
1104 1430 1240 1512 ducens,
1266 1431 1401 1524 nequis
1422 1456 1466 1502 en
1483 1456 1522 1504 ea
1540 1457 1646 1504 nasce-

450 1561 553 1634 retur,
579 1552 636 1646 qui
663 1553 765 1624 avitas
782 1565 1039 1646 persequeretur
1056 1553 1205 1636 iniurias,
1232 1565 1269 1626 nt
1285 1556 1399 1627 scribit
1415 1557 1566 1629 Valerius
1581 1559 1645 1630 An·

450 1677 511 1748 tias
537 1676 595 1747 lib.
619 1681 646 1748 l.
699 1678 847 1748 Aurelios
872 1677 977 1748 Viator
1001 1680 1039 1748 da
1062 1679 1144 1770 arip.
1168 1702 1200 1770 q.
1225 1680 1263 1748 lt
1293 1679 1349 1752 19.
1383 1685 1444 1775 cfr.
1472 1683 1644 1752 Pltrturclus

449 1801 585 1870 Romulo
611 1797 646 1883 3,
672 1799 709 1870 2.
743 1801 864 1870 Paulas
894 1801 1060 1870 Diuauaao
1092 1803 1165 1872 bist.
1190 1805 1278 1872 asise
1306 1805 1336 1873 1.
1429 1803 1479 1876 03.
1507 1806 1551 1876 At
1574 1826 1643 1874 varo

448 1924 602 1996 Valerius
627 1921 726 1994 tradit
750 1945 871 2016 pueros
897 1945 940 1992 ex
963 1923 1058 1994 llbea
1084 1924 1188 1996 Silvia
1220 1937 1313 1996 natos
1337 1928 1511 1999 Amulium
1539 1949 1641 2020 regom

448 2049 606 2120 Faustulo
631 2069 727 2118 servo
752 2047 918 2117 necandos
943 2046 1086 2128 dedisse,
1112 2049 1169 2118 sed
1195 2070 1273 2119 eum
1299 2073 1318 2118 a
1338 2050 1510 2122 Numitore
1534 2075 1641 2122 exora·
1744 2059 1745 2088 ¹

447 2185 518 2246 tum
543 2197 586 2244 ne
611 2173 707 2268 puori
732 2184 949 2254 necarentur,
983 2173 1094 2243 Accae
1119 2173 1298 2244 Larentiae
1329 2175 1461 2246 amicae
1485 2199 1561 2247 snae
1583 2200 1640 2246 nn-

448 2298 593 2371 triendos
618 2297 758 2377 dedisse.
785 2319 887 2390 quam
913 2293 1089 2366 mulierem
1115 2296 1268 2391 eoquod
1293 2297 1401 2389 pretio
1427 2321 1543 2392 eorpus
1566 2311 1641 2370 eust

446 2424 584 2515 vulgare
616 2422 728 2504 solita,
764 2424 895 2513 Lupum
926 2418 1060 2489 dictam.
1112 2420 1235 2490 Notum
1264 2421 1388 2514 quippe
1420 2421 1468 2491 ita
1491 2423 1638 2517 appellari

445 2550 604 2620 mulieres
633 2557 805 2642 quaestum
840 2565 980 2638 corpore
1008 2543 1183 2626 iacientes,
1223 2544 1312 2616 unde
1343 2555 1374 2615 et
1400 2545 1558 2618 eiusmodi
1582 2546 1638 2617 loa

446 2675 481 2745 in
514 2673 636 2766 quibus
667 2670 731 2741 bae
766 2669 945 2740 consistunt
980 2666 1153 2759 lupanaria
1188 2667 1285 2740 dieta.
1334 2669 1419 2740 Cum
1450 2691 1528 2740 vero
1554 2669 1638 2763 pueri

445 2798 593 2871 liberalis
627 2793 824 2886 disciplinae
859 2813 998 2883 capaces
1033 2789 1109 2860 iacti
1142 2801 1266 2875 essent,
1303 2791 1415 2864 Gabiis
1451 2795 1635 2864 Graecarum

445 2925 707 3014 Latinarumque
725 2920 910 2990 litterarum
928 2915 1181 2987 ediscendarum
1200 2919 1306 3008 gratia
1324 2931 1553 3002 commoratos,
1572 2921 1636 2989 Nn·
1745 2913 1746 2954 ¹

443 3049 563 3119 mitore
593 3069 656 3116 avo
690 3045 778 3114 clam
811 3041 924 3111 omnia
958 3039 1239 3112 subministrante.
1285 3044 1402 3135 ltaque
1436 3056 1474 3114 nt
1506 3043 1635 3136 primum

443 3171 673 3250 adolevissent,
711 3165 892 3238 Romulum
923 3164 1047 3235 indicio
1081 3165 1268 3236 educatoris
1299 3167 1449 3238 Faustuli
1480 3179 1634 3261 comporto

444 3301 502 3393 qui
527 3297 591 3368 sibi
616 3317 707 3376 avus,
734 3315 820 3386 quaa
845 3302 952 3362 mater
977 3291 1102 3374 inisset,
1129 3292 1251 3384 quidve
1276 3293 1318 3364 de
1343 3316 1382 3363 ea
1408 3294 1532 3366 lautum
1549 3303 1632 3368 esset,

443 3446 519 3496 cum
543 3420 678 3493 armatis
704 3419 890 3512 pastoribus
915 3417 1036 3489 Albam
1062 3417 1210 3511 protinus
1235 3420 1432 3513 porrexisse,
1460 3419 1634 3491 interlecto-

442 3570 508 3642 que
533 3543 668 3617 Amulio
694 3542 901 3614 Numitorem
929 3562 1026 3611 avum
1053 3541 1087 3610 in
1117 3563 1260 3634 regnum
1285 3543 1484 3613 restitutum.
1521 3544 1632 3613 Romu·

441 3673 512 3743 lum
541 3680 651 3740 autem
683 3690 704 3737 a
736 3665 859 3735 virium
893 3663 1123 3755 magnitudine
1158 3667 1359 3759 appellatum
1398 3660 1490 3754 (uam
1520 3668 1631 3738 Graeca

441 3797 556 3887 lingua
581 3793 692 3894 ῥώμην
716 3789 870 3861 virtutem
896 3787 962 3858 diei
988 3799 1114 3860 certum
1136 3787 1208 3880 est)
1235 3791 1374 3861 altomm
1400 3814 1481 3862 veru
1505 3793 1629 3860 Romam

441 3919 576 4001 dictum,
602 3915 757 3985 videlicet
781 3912 987 3994 atarditate3
1014 3914 1138 4007 quippe
1163 3913 1237 3984 talis
1264 3927 1401 3985 naturae
1426 3913 1572 3986 homines
1593 3911 1629 3980 ab

440 4040 584 4134 antiquis
606 4061 754 4109 remores
778 4037 871 4108 dieti.
917 4038 1066 4107 Aurelios
1089 4040 1194 4108 Viator
1217 4039 1255 4108 da
1274 4041 1356 4130 erip.
1378 4064 1409 4131 p.
1434 4040 1476 4110 ll.
1499 4037 1553 4109 21.
1577 4039 1627 4126 afr.

439 4161 824 4243 amarmurmulus,
846 4161 877 4233 1.
978 4162 1012 4233 d.
1040 4165 1130 4235 Auca
1146 4163 1304 4235 Larentia
1327 4187 1448 4256 eorpus
1468 4165 1501 4234 in
1521 4161 1628 4251 vulgrrs

439 4290 539 4361 dabat
563 4287 805 4381 pecuniamque
827 4297 1014 4358 emeruerat
1037 4309 1079 4355 ex
1105 4309 1145 4356 eo
1165 4297 1304 4378 quaestu
1328 4287 1478 4361 uberem.
1516 4289 1563 4360 Ea
1583 4295 1629 4354 to·

439 4425 613 4491 stament0‚
641 4411 725 4480 utin
743 4407 884 4481 Antiatis
905 4408 1041 4480 historia
1058 4409 1218 4501 scriptum
1236 4420 1296 4490 est,
1321 4410 1499 4481 Romulum
1513 4429 1625 4501 regem,

438 4550 475 4609 nt
490 4537 627 4630 quidam
645 4545 756 4605 autem
773 4533 832 4604 alii
849 4532 1066 4615 tradiderunt,
1084 4533 1245 4627 populum
1260 4535 1449 4605 Romanum
1467 4531 1625 4606 bonissois

438 4663 595 4734 heredem
617 4659 705 4730 lecit.
748 4659 801 4729 Ob
824 4659 858 4728 id
876 4658 1029 4729 meritum
1056 4682 1076 4728 a
1103 4658 1237 4730 llamine
1255 4659 1422 4742 Quirinali
1444 4657 1623 4732 sacrificinm
