<?xml version="1.0" encoding="UTF-8"?>
<!DOCTYPE html PUBLIC "-//W3C//DTD XHTML 1.0 Transitional//EN"
    "http://www.w3.org/TR/xhtml1/DTD/xhtml1-transitional.dtd">
<html xmlns="http://www.w3.org/1999/xhtml" xml:lang="en" lang="en">
 <head>
  <title>
</title>
<meta http-equiv="Content-Type" content="text/html;charset=utf-8" />
  <meta name='ocr-system' content='tesseract 3.04.00' />
  <meta name='ocr-capabilities' content='ocr_page ocr_carea ocr_par ocr_line ocrx_word'/>
</head>
<body>
  <div class='ocr_page' id='page_1' title='image "./gaisalustiicris00rothgoog_0371.png"; bbox 0 0 3526 5604; ppageno 0'>
   <div class='ocr_carea' id='block_1_1' title="bbox 468 653 663 726">
    <p class='ocr_par' dir='ltr' id='par_1_1' title="bbox 468 653 663 726">
     <span class='ocr_line' id='line_1_1' title="bbox 468 653 663 726; baseline -0.046 1"><span class='ocrx_word' id='word_1_1' title='bbox 468 653 541 726; x_wconf 77' lang='grc'><strong>331</strong></span> <span class='ocrx_word' id='word_1_2' title='bbox 656 693 663 718; x_wconf 82' lang='grc'><strong>.</strong></span> 
     </span>
    </p>
   </div>
   <div class='ocr_carea' id='block_1_2' title="bbox 463 849 1648 2434">
    <p class='ocr_par' dir='ltr' id='par_1_2' title="bbox 463 849 1648 2434">
     <span class='ocr_line' id='line_1_2' title="bbox 467 849 1648 927; baseline 0.005 -7"><span class='ocrx_word' id='word_1_3' title='bbox 467 849 593 922; x_wconf 90' lang='lat' dir='ltr'><strong>bellum</strong></span> <span class='ocrx_word' id='word_1_4' title='bbox 626 873 661 922; x_wconf 90' lang='lat' dir='ltr'><strong>se</strong></span> <span class='ocrx_word' id='word_1_5' title='bbox 686 853 864 924; x_wconf 84' lang='lat' dir='ltr'><strong>Marsicum</strong></span> <span class='ocrx_word' id='word_1_6' title='bbox 896 855 949 923; x_wconf 88' lang='lat' dir='ltr'><strong>vel</strong></span> <span class='ocrx_word' id='word_1_7' title='bbox 984 855 1131 924; x_wconf 84' lang='lat' dir='ltr'>carmine</span> <span class='ocrx_word' id='word_1_8' title='bbox 1163 854 1216 925; x_wconf 91' lang='lat' dir='ltr'><strong>rel</strong></span> <span class='ocrx_word' id='word_1_9' title='bbox 1241 855 1353 925; x_wconf 88' lang='lat' dir='ltr'><strong>solnta</strong></span> <span class='ocrx_word' id='word_1_10' title='bbox 1377 855 1525 925; x_wconf 89' lang='lat' dir='ltr'><strong>oratione</strong></span> <span class='ocrx_word' id='word_1_11' title='bbox 1547 857 1648 927; x_wconf 87' lang='lat' dir='ltr'><strong>Latine</strong></span> 
     </span>
     <span class='ocr_line' id='line_1_3' title="bbox 466 976 1648 1071; baseline 0.005 -27"><span class='ocrx_word' id='word_1_12' title='bbox 466 985 523 1044; x_wconf 88' lang='lat' dir='ltr'><strong>aut</strong></span> <span class='ocrx_word' id='word_1_13' title='bbox 540 976 676 1056; x_wconf 84' lang='lat' dir='ltr'><strong>Graece,</strong></span> <span class='ocrx_word' id='word_1_14' title='bbox 703 976 811 1068; x_wconf 91' lang='lat' dir='ltr'><strong>prouti</strong></span> <span class='ocrx_word' id='word_1_15' title='bbox 833 987 919 1046; x_wconf 84' lang='lat' dir='ltr'><strong>sorte</strong></span> <span class='ocrx_word' id='word_1_16' title='bbox 945 976 1126 1060; x_wconf 91' lang='lat' dir='ltr'><strong>iuberetur,</strong></span> <span class='ocrx_word' id='word_1_17' title='bbox 1154 1001 1224 1047; x_wconf 91' lang='lat' dir='ltr'><strong>esse</strong></span> <span class='ocrx_word' id='word_1_18' title='bbox 1247 979 1519 1071; x_wconf 88' lang='lat' dir='ltr'><strong>conscripturum.</strong></span> <span class='ocrx_word' id='word_1_19' title='bbox 1559 981 1648 1050; x_wconf 85' lang='lat' dir='ltr'><strong>Grae·</strong></span> 
     </span>
     <span class='ocr_line' id='line_1_4' title="bbox 466 1100 1648 1196; baseline 0.003 -27"><span class='ocrx_word' id='word_1_20' title='bbox 466 1121 543 1169; x_wconf 90' lang='lat' dir='ltr'><strong>cum</strong></span> <span class='ocrx_word' id='word_1_21' title='bbox 577 1121 764 1169; x_wconf 88' lang='lat' dir='ltr'><strong>sermonem</strong></span> <span class='ocrx_word' id='word_1_22' title='bbox 797 1109 883 1170; x_wconf 90' lang='lat' dir='ltr'><strong>sorte</strong></span> <span class='ocrx_word' id='word_1_23' title='bbox 915 1100 1027 1171; x_wconf 87' lang='lat' dir='ltr'><strong>datum</strong></span> <span class='ocrx_word' id='word_1_24' title='bbox 1059 1114 1209 1195; x_wconf 87' lang='lat' dir='ltr'><strong>apparet,</strong></span> <span class='ocrx_word' id='word_1_25' title='bbox 1253 1103 1376 1196; x_wconf 84' lang='lat' dir='ltr'>quippe</span> <span class='ocrx_word' id='word_1_26' title='bbox 1412 1112 1501 1172; x_wconf 80' lang='lat' dir='ltr'><strong>extat</strong></span> <span class='ocrx_word' id='word_1_27' title='bbox 1537 1104 1648 1173; x_wconf 86' lang='lat' dir='ltr'><strong>Graeca</strong></span> 
     </span>
     <span class='ocr_line' id='line_1_5' title="bbox 466 1223 1647 1315; baseline 0.003 -22"><span class='ocrx_word' id='word_1_28' title='bbox 466 1223 631 1315; x_wconf 84' lang='lat' dir='ltr'><strong>quaedam</strong></span> <span class='ocrx_word' id='word_1_29' title='bbox 665 1223 737 1294; x_wconf 90' lang='lat' dir='ltr'><strong>eius</strong></span> <span class='ocrx_word' id='word_1_30' title='bbox 770 1223 906 1295; x_wconf 89' lang='lat' dir='ltr'><strong>historia</strong></span> <span class='ocrx_word' id='word_1_31' title='bbox 938 1223 1018 1294; x_wconf 92' lang='lat' dir='ltr'><strong>belli</strong></span> <span class='ocrx_word' id='word_1_32' title='bbox 1050 1227 1194 1296; x_wconf 82' lang='lat' dir='ltr'><strong>Marsici.</strong></span> <span class='ocrx_word' id='word_1_33' title='bbox 1245 1227 1432 1297; x_wconf 81' lang='lat' dir='ltr'><strong>Plutarclrus</strong></span> <span class='ocrx_word' id='word_1_34' title='bbox 1463 1229 1500 1296; x_wconf 84' lang='lat' dir='ltr'><strong>iu</strong></span> <span class='ocrx_word' id='word_1_35' title='bbox 1531 1228 1647 1296; x_wconf 78' lang='lat' dir='ltr'><strong>Lucullo</strong></span> 
     </span>
     <span class='ocr_line' id='line_1_6' title="bbox 469 1344 1646 1427; baseline 0.003 -11"><span class='ocrx_word' id='word_1_36' title='bbox 469 1345 501 1427; x_wconf 90' lang='lat'><strong>1,</strong></span> <span class='ocrx_word' id='word_1_37' title='bbox 528 1344 562 1417; x_wconf 88' lang='lat'><strong>3.</strong></span> <span class='ocrx_word' id='word_1_38' title='bbox 588 1371 672 1417; x_wconf 80' lang='lat' dir='ltr'><strong>euno</strong></span> <span class='ocrx_word' id='word_1_39' title='bbox 698 1345 782 1418; x_wconf 90' lang='grc'>666.</span> <span class='ocrx_word' id='word_1_40' title='bbox 826 1348 1109 1418; x_wconf 81' lang='lat' dir='ltr'><strong>commentarium</strong></span> <span class='ocrx_word' id='word_1_41' title='bbox 1135 1351 1321 1420; x_wconf 88' lang='lat' dir='ltr'><strong>consulatus</strong></span> <span class='ocrx_word' id='word_1_42' title='bbox 1345 1351 1412 1419; x_wconf 92' lang='lat' dir='ltr'><strong>mei</strong></span> <span class='ocrx_word' id='word_1_43' title='bbox 1430 1351 1553 1421; x_wconf 81' lang='lat' dir='ltr'><strong>Graece</strong></span> <span class='ocrx_word' id='word_1_44' title='bbox 1568 1374 1646 1420; x_wconf 89' lang='lat' dir='ltr'><strong>com·</strong></span> 
     </span>
     <span class='ocr_line' id='line_1_7' title="bbox 465 1471 1645 1567; baseline 0.001 -27"><span class='ocrx_word' id='word_1_45' title='bbox 465 1471 609 1563; x_wconf 89' lang='lat' dir='ltr'><strong>positum</strong></span> <span class='ocrx_word' id='word_1_46' title='bbox 635 1471 710 1540; x_wconf 91' lang='lat' dir='ltr'><strong>misi</strong></span> <span class='ocrx_word' id='word_1_47' title='bbox 736 1471 777 1540; x_wconf 87' lang='lat' dir='ltr'><strong>ad</strong></span> <span class='ocrx_word' id='word_1_48' title='bbox 802 1481 851 1551; x_wconf 85' lang='lat' dir='ltr'><strong>le;</strong></span> <span class='ocrx_word' id='word_1_49' title='bbox 883 1472 918 1540; x_wconf 94' lang='lat' dir='ltr'><strong>in</strong></span> <span class='ocrx_word' id='word_1_50' title='bbox 944 1494 1011 1564; x_wconf 93' lang='lat' dir='ltr'><strong>qno</strong></span> <span class='ocrx_word' id='word_1_51' title='bbox 1034 1473 1063 1542; x_wconf 91' lang='lat' dir='ltr'><strong>si</strong></span> <span class='ocrx_word' id='word_1_52' title='bbox 1087 1474 1167 1566; x_wconf 92' lang='lat' dir='ltr'><strong>quid</strong></span> <span class='ocrx_word' id='word_1_53' title='bbox 1193 1473 1265 1556; x_wconf 81' lang='lat' dir='ltr'><strong>erit,</strong></span> <span class='ocrx_word' id='word_1_54' title='bbox 1291 1474 1380 1567; x_wconf 90' lang='lat' dir='ltr'><strong>quud</strong></span> <span class='ocrx_word' id='word_1_55' title='bbox 1405 1473 1530 1544; x_wconf 90' lang='lat' dir='ltr'><strong>bomini</strong></span> <span class='ocrx_word' id='word_1_56' title='bbox 1552 1475 1645 1545; x_wconf 78' lang='lat' dir='ltr'><strong>Attico</strong></span> 
     </span>
     <span class='ocr_line' id='line_1_8' title="bbox 465 1595 1643 1690; baseline 0.001 -27"><span class='ocrx_word' id='word_1_57' title='bbox 465 1595 575 1665; x_wconf 92' lang='lat' dir='ltr'><strong>minus</strong></span> <span class='ocrx_word' id='word_1_58' title='bbox 602 1595 765 1665; x_wconf 86' lang='lat' dir='ltr'><strong>Graecum</strong></span> <span class='ocrx_word' id='word_1_59' title='bbox 791 1595 1023 1688; x_wconf 78' lang='lat' dir='ltr'><strong>eruditumque</strong></span> <span class='ocrx_word' id='word_1_60' title='bbox 1048 1597 1207 1680; x_wconf 86' lang='lat' dir='ltr'><strong>videatur,</strong></span> <span class='ocrx_word' id='word_1_61' title='bbox 1242 1620 1310 1668; x_wconf 94' lang='lat' dir='ltr'><strong>non</strong></span> <span class='ocrx_word' id='word_1_62' title='bbox 1342 1597 1452 1668; x_wconf 88' lang='lat' dir='ltr'><strong>dicam</strong></span> <span class='ocrx_word' id='word_1_63' title='bbox 1480 1596 1643 1690; x_wconf 74' lang='grc'>66611111,</span> 
     </span>
     <span class='ocr_line' id='line_1_9' title="bbox 466 1718 1644 1812; baseline 0.001 -24"><span class='ocrx_word' id='word_1_64' title='bbox 466 1727 502 1788; x_wconf 90' lang='lat' dir='ltr'><strong>ut</strong></span> <span class='ocrx_word' id='word_1_65' title='bbox 517 1719 635 1811; x_wconf 92' lang='lat' dir='ltr'><strong>opinor</strong></span> <span class='ocrx_word' id='word_1_66' title='bbox 652 1718 842 1802; x_wconf 84' lang='lat' dir='ltr'><strong>Panhormi,</strong></span> <span class='ocrx_word' id='word_1_67' title='bbox 869 1721 1029 1790; x_wconf 84' lang='lat' dir='ltr'><strong>Lucullus</strong></span> <span class='ocrx_word' id='word_1_68' title='bbox 1055 1720 1096 1791; x_wconf 93' lang='lat' dir='ltr'><strong>de</strong></span> <span class='ocrx_word' id='word_1_69' title='bbox 1122 1722 1189 1792; x_wconf 91' lang='lat' dir='ltr'><strong>suis</strong></span> <span class='ocrx_word' id='word_1_70' title='bbox 1214 1722 1358 1793; x_wconf 87' lang='lat' dir='ltr'><strong>historiis</strong></span> <span class='ocrx_word' id='word_1_71' title='bbox 1379 1722 1518 1802; x_wconf 86' lang='lat' dir='ltr'><strong>dixerat,</strong></span> <span class='ocrx_word' id='word_1_72' title='bbox 1542 1744 1574 1790; x_wconf 91' lang='lat' dir='ltr'><strong>se</strong></span> <span class='ocrx_word' id='word_1_73' title='bbox 1589 1743 1644 1812; x_wconf 94' lang='lat' dir='ltr'><strong>quo</strong></span> 
     </span>
     <span class='ocr_line' id='line_1_10' title="bbox 466 1843 1644 1936; baseline 0.001 -25"><span class='ocrx_word' id='word_1_74' title='bbox 466 1843 596 1914; x_wconf 84' lang='lat' dir='ltr'><strong>lucilius</strong></span> <span class='ocrx_word' id='word_1_75' title='bbox 627 1844 701 1914; x_wconf 88' lang='lat' dir='ltr'><strong>illas</strong></span> <span class='ocrx_word' id='word_1_76' title='bbox 731 1845 887 1936; x_wconf 92' lang='lat' dir='ltr'><strong>probaret</strong></span> <span class='ocrx_word' id='word_1_77' title='bbox 911 1843 1053 1914; x_wconf 83' lang='lat' dir='ltr'><strong>Romani</strong></span> <span class='ocrx_word' id='word_1_78' title='bbox 1083 1844 1226 1914; x_wconf 90' lang='lat' dir='ltr'><strong>bominis</strong></span> <span class='ocrx_word' id='word_1_79' title='bbox 1259 1869 1340 1926; x_wconf 87' lang='lat' dir='ltr'><strong>esse,</strong></span> <span class='ocrx_word' id='word_1_80' title='bbox 1373 1846 1498 1917; x_wconf 88' lang='lat' dir='ltr'><strong>idcirco</strong></span> <span class='ocrx_word' id='word_1_81' title='bbox 1521 1844 1644 1915; x_wconf 85' lang='lat' dir='ltr'><strong>barbara</strong></span> 
     </span>
     <span class='ocr_line' id='line_1_11' title="bbox 468 1967 1644 2062; baseline -0.001 -25"><span class='ocrx_word' id='word_1_82' title='bbox 468 1967 632 2061; x_wconf 81' lang='lat' dir='ltr'><strong>quaedam</strong></span> <span class='ocrx_word' id='word_1_83' title='bbox 658 1978 690 2036; x_wconf 91' lang='lat' dir='ltr'><strong>et</strong></span> <span class='ocrx_word' id='word_1_84' title='bbox 714 1969 848 2046; x_wconf 66' lang='grc' dir='ltr'><strong><em>σόλοικα</em></strong></span> <span class='ocrx_word' id='word_1_85' title='bbox 875 1967 1078 2061; x_wconf 83' lang='lat' dir='ltr'><strong>dispersisse.</strong></span> <span class='ocrx_word' id='word_1_86' title='bbox 1121 1970 1218 2062; x_wconf 81' lang='lat' dir='ltr'><strong>Apud</strong></span> <span class='ocrx_word' id='word_1_87' title='bbox 1243 1991 1296 2039; x_wconf 92' lang='lat' dir='ltr'><strong>me</strong></span> <span class='ocrx_word' id='word_1_88' title='bbox 1321 1971 1349 2038; x_wconf 93' lang='lat' dir='ltr'><strong>si</strong></span> <span class='ocrx_word' id='word_1_89' title='bbox 1379 1971 1460 2062; x_wconf 92' lang='lat' dir='ltr'><strong>quid</strong></span> <span class='ocrx_word' id='word_1_90' title='bbox 1486 1969 1545 2039; x_wconf 91' lang='lat' dir='ltr'><strong>erit</strong></span> <span class='ocrx_word' id='word_1_91' title='bbox 1567 1969 1644 2040; x_wconf 90' lang='lat' dir='ltr'><strong>eins-</strong></span> 
     </span>
     <span class='ocr_line' id='line_1_12' title="bbox 463 2090 1642 2183; baseline 0 -23"><span class='ocrx_word' id='word_1_92' title='bbox 463 2091 566 2174; x_wconf 85' lang='lat' dir='ltr'><strong>modi,</strong></span> <span class='ocrx_word' id='word_1_93' title='bbox 584 2113 639 2160; x_wconf 91' lang='lat' dir='ltr'><strong>me</strong></span> <span class='ocrx_word' id='word_1_94' title='bbox 657 2090 865 2183; x_wconf 79' lang='lat' dir='ltr'><strong>imprudente</strong></span> <span class='ocrx_word' id='word_1_95' title='bbox 882 2091 945 2161; x_wconf 90' lang='lat' dir='ltr'><strong>erit</strong></span> <span class='ocrx_word' id='word_1_96' title='bbox 959 2102 990 2160; x_wconf 93' lang='lat' dir='ltr'><strong>et</strong></span> <span class='ocrx_word' id='word_1_97' title='bbox 1004 2091 1117 2161; x_wconf 86' lang='lat' dir='ltr'><strong>invito.</strong></span> <span class='ocrx_word' id='word_1_98' title='bbox 1152 2093 1257 2162; x_wconf 76' lang='lat' dir='ltr'><strong>Cicero</strong></span> <span class='ocrx_word' id='word_1_99' title='bbox 1273 2094 1466 2162; x_wconf 69' lang='grc'>6111111666</span> <span class='ocrx_word' id='word_1_100' title='bbox 1486 2091 1642 2173; x_wconf 85' lang='grc'>1,19,1(1.</span> 
     </span>
     <span class='ocr_line' id='line_1_13' title="bbox 465 2214 1643 2306; baseline -0.001 -21"><span class='ocrx_word' id='word_1_101' title='bbox 465 2215 558 2286; x_wconf 86' lang='lat' dir='ltr'><strong>Sulla</strong></span> <span class='ocrx_word' id='word_1_102' title='bbox 579 2237 692 2285; x_wconf 89' lang='lat' dir='ltr'><strong>rerum</strong></span> <span class='ocrx_word' id='word_1_103' title='bbox 710 2237 730 2284; x_wconf 91' lang='grc'><strong>1</strong></span> <span class='ocrx_word' id='word_1_104' title='bbox 749 2237 784 2283; x_wconf 92' lang='lat' dir='ltr'><strong>se</strong></span> <span class='ocrx_word' id='word_1_105' title='bbox 801 2223 969 2306; x_wconf 88' lang='lat' dir='ltr'><strong>gestarum</strong></span> <span class='ocrx_word' id='word_1_106' title='bbox 995 2214 1249 2284; x_wconf 87' lang='lat' dir='ltr'><strong>commentarios</strong></span> <span class='ocrx_word' id='word_1_107' title='bbox 1269 2215 1310 2284; x_wconf 92' lang='lat' dir='ltr'><strong>ad</strong></span> <span class='ocrx_word' id='word_1_108' title='bbox 1328 2216 1506 2286; x_wconf 78' lang='lat' dir='ltr'><strong>Lucullum</strong></span> <span class='ocrx_word' id='word_1_109' title='bbox 1522 2215 1643 2306; x_wconf 89' lang='lat' dir='ltr'><strong>inscrip-</strong></span> 
     </span>
     <span class='ocr_line' id='line_1_14' title="bbox 464 2339 1643 2434; baseline 0 -24"><span class='ocrx_word' id='word_1_110' title='bbox 464 2340 516 2422; x_wconf 90' lang='lat' dir='ltr'><strong>sit,</strong></span> <span class='ocrx_word' id='word_1_111' title='bbox 542 2341 706 2433; x_wconf 86' lang='lat' dir='ltr'><strong>praelatus</strong></span> <span class='ocrx_word' id='word_1_112' title='bbox 731 2340 827 2410; x_wconf 91' lang='lat' dir='ltr'><strong>illum</strong></span> <span class='ocrx_word' id='word_1_113' title='bbox 852 2339 1024 2410; x_wconf 80' lang='lat' dir='ltr'><strong>historiam</strong></span> <span class='ocrx_word' id='word_1_114' title='bbox 1049 2339 1167 2409; x_wconf 90' lang='lat' dir='ltr'><strong>melius</strong></span> <span class='ocrx_word' id='word_1_115' title='bbox 1193 2341 1466 2412; x_wconf 82' lang='lat' dir='ltr'><strong>concionaturum</strong></span> <span class='ocrx_word' id='word_1_116' title='bbox 1491 2365 1529 2412; x_wconf 91' lang='lat' dir='ltr'><strong>ac</strong></span> <span class='ocrx_word' id='word_1_117' title='bbox 1547 2342 1643 2434; x_wconf 89' lang='lat' dir='ltr'><strong>dispo-</strong></span> 
     </span>
    </p>
   </div>
   <div class='ocr_carea' id='block_1_3' title="bbox 464 2462 1581 2548">
    <p class='ocr_par' dir='ltr' id='par_1_3' title="bbox 464 2462 1581 2548">
     <span class='ocr_line' id='line_1_15' title="bbox 464 2462 1581 2548; baseline -0.001 -14"><span class='ocrx_word' id='word_1_118' title='bbox 464 2465 615 2536; x_wconf 89' lang='lat' dir='ltr'><strong>siturum.</strong></span> <span class='ocrx_word' id='word_1_119' title='bbox 657 2466 843 2536; x_wconf 69' lang='lat' dir='ltr'><strong>Plutarchus</strong></span> <span class='ocrx_word' id='word_1_120' title='bbox 867 2467 903 2536; x_wconf 81' lang='grc'><strong>16</strong></span> <span class='ocrx_word' id='word_1_121' title='bbox 928 2465 1060 2534; x_wconf 78' lang='grc'>1661116</span> <span class='ocrx_word' id='word_1_122' title='bbox 1084 2462 1116 2545; x_wconf 89' lang='grc'><strong>1,</strong></span> <span class='ocrx_word' id='word_1_123' title='bbox 1142 2462 1178 2535; x_wconf 86' lang='grc'><strong>2.</strong></span> <span class='ocrx_word' id='word_1_124' title='bbox 1204 2462 1239 2548; x_wconf 91' lang='grc'><strong>4,</strong></span> <span class='ocrx_word' id='word_1_125' title='bbox 1262 2463 1295 2536; x_wconf 88' lang='lat'><strong>3.</strong></span> <span class='ocrx_word' id='word_1_126' title='bbox 1321 2468 1357 2536; x_wconf 83' lang='lat' dir='ltr'><strong>iu</strong></span> <span class='ocrx_word' id='word_1_127' title='bbox 1377 2466 1470 2537; x_wconf 83' lang='lat' dir='ltr'><strong>Sulla</strong></span> <span class='ocrx_word' id='word_1_128' title='bbox 1492 2466 1526 2548; x_wconf 90' lang='grc'><strong>6,</strong></span> <span class='ocrx_word' id='word_1_129' title='bbox 1549 2464 1581 2536; x_wconf 82' lang='lat'><strong>2.</strong></span> 
     </span>
    </p>
   </div>
   <div class='ocr_carea' id='block_1_4' title="bbox 961 2759 1181 2770">
    <p class='ocr_par' dir='ltr' id='par_1_4' title="bbox 961 2759 1181 2770">
     <span class='ocr_line' id='line_1_16' title="bbox 961 2759 1181 2770; baseline 0.005 -2"><span class='ocrx_word' id='word_1_130' title='bbox 961 2759 1181 2770; x_wconf 52' lang='lat'><strong>*—</strong></span> 
     </span>
    </p>
   </div>
   <div class='ocr_carea' id='block_1_5' title="bbox 771 2995 1368 3083">
    <p class='ocr_par' dir='ltr' id='par_1_5' title="bbox 771 2995 1368 3083">
     <span class='ocr_line' id='line_1_17' title="bbox 771 2995 1368 3083; baseline 0.002 -1"><span class='ocrx_word' id='word_1_131' title='bbox 771 2995 872 3082; x_wconf 79' lang='lat' dir='ltr'><strong>nm</strong></span> <span class='ocrx_word' id='word_1_132' title='bbox 920 2996 1201 3083; x_wconf 71' lang='lat' dir='ltr'><strong>lutulentus</strong></span> <span class='ocrx_word' id='word_1_133' title='bbox 1235 2997 1368 3083; x_wconf 76' lang='lat' dir='ltr'><strong>tutta</strong></span> 
     </span>
    </p>
   </div>
   <div class='ocr_carea' id='block_1_6' title="bbox 409 3211 1642 3927">
    <p class='ocr_par' dir='ltr' id='par_1_6' title="bbox 409 3211 1642 3927">
     <span class='ocr_line' id='line_1_18' title="bbox 539 3211 1641 3307; baseline 0 -24"><span class='ocrx_word' id='word_1_134' title='bbox 539 3212 571 3283; x_wconf 93' lang='lat'><strong>1.</strong></span> <span class='ocrx_word' id='word_1_135' title='bbox 597 3213 635 3283; x_wconf 92' lang='lat' dir='ltr'><strong>L.</strong></span> <span class='ocrx_word' id='word_1_136' title='bbox 651 3213 756 3302; x_wconf 26' lang='lat' dir='ltr'><strong>&#39;Sulla</strong></span> <span class='ocrx_word' id='word_1_137' title='bbox 781 3232 894 3282; x_wconf 91' lang='lat' dir='ltr'><strong>rerum</strong></span> <span class='ocrx_word' id='word_1_138' title='bbox 919 3222 1086 3302; x_wconf 86' lang='lat' dir='ltr'><strong>gestarum</strong></span> <span class='ocrx_word' id='word_1_139' title='bbox 1112 3211 1249 3282; x_wconf 94' lang='lat' dir='ltr'><strong>libroll</strong></span> <span class='ocrx_word' id='word_1_140' title='bbox 1274 3213 1320 3283; x_wconf 89' lang='lat' dir='ltr'><strong>ita</strong></span> <span class='ocrx_word' id='word_1_141' title='bbox 1344 3213 1491 3307; x_wconf 87' lang='lat' dir='ltr'><strong>scripsit:</strong></span> <span class='ocrx_word' id='word_1_142' title='bbox 1520 3216 1553 3284; x_wconf 88' lang='lat' dir='ltr'><strong>P.</strong></span> <span class='ocrx_word' id='word_1_143' title='bbox 1573 3215 1641 3285; x_wconf 88' lang='lat' dir='ltr'><strong>Cor·</strong></span> 
     </span>
     <span class='ocr_line' id='line_1_19' title="bbox 462 3334 1641 3429; baseline -0.001 -22"><span class='ocrx_word' id='word_1_144' title='bbox 462 3337 586 3419; x_wconf 89' lang='lat' dir='ltr'><strong>nelius,</strong></span> <span class='ocrx_word' id='word_1_145' title='bbox 619 3337 672 3407; x_wconf 90' lang='lat' dir='ltr'><strong>cui</strong></span> <span class='ocrx_word' id='word_1_146' title='bbox 698 3337 841 3429; x_wconf 91' lang='lat' dir='ltr'><strong>primum</strong></span> <span class='ocrx_word' id='word_1_147' title='bbox 868 3357 1050 3426; x_wconf 83' lang='lat' dir='ltr'><strong>cognomen</strong></span> <span class='ocrx_word' id='word_1_148' title='bbox 1077 3334 1190 3405; x_wconf 86' lang='lat' dir='ltr'><strong>Sullae</strong></span> <span class='ocrx_word' id='word_1_149' title='bbox 1215 3334 1405 3427; x_wconf 89' lang='lat' dir='ltr'><strong>impositum</strong></span> <span class='ocrx_word' id='word_1_150' title='bbox 1437 3350 1500 3419; x_wconf 84' lang='lat' dir='ltr'><strong>est,</strong></span> <span class='ocrx_word' id='word_1_151' title='bbox 1538 3339 1641 3408; x_wconf 85' lang='lat' dir='ltr'><strong>flamen</strong></span> 
     </span>
     <span class='ocr_line' id='line_1_20' title="bbox 462 3457 1642 3554; baseline 0 -22"><span class='ocrx_word' id='word_1_152' title='bbox 462 3461 569 3532; x_wconf 87' lang='lat' dir='ltr'><strong>Dialis</strong></span> <span class='ocrx_word' id='word_1_153' title='bbox 586 3472 711 3554; x_wconf 87' lang='lat' dir='ltr'><strong>ceptus.</strong></span> <span class='ocrx_word' id='word_1_154' title='bbox 740 3460 861 3530; x_wconf 84' lang='lat' dir='ltr'><strong>Gellius</strong></span> <span class='ocrx_word' id='word_1_155' title='bbox 877 3457 908 3542; x_wconf 87' lang='lat'><strong>1,</strong></span> <span class='ocrx_word' id='word_1_156' title='bbox 926 3457 982 3540; x_wconf 86' lang='grc'><strong>12,</strong></span> <span class='ocrx_word' id='word_1_157' title='bbox 1000 3457 1055 3530; x_wconf 92' lang='grc'><strong>16.</strong></span> <span class='ocrx_word' id='word_1_158' title='bbox 1150 3460 1184 3527; x_wconf 79' lang='lat'><strong>2.</strong></span> <span class='ocrx_word' id='word_1_159' title='bbox 1209 3460 1248 3528; x_wconf 95' lang='lat' dir='ltr'><strong>L.</strong></span> <span class='ocrx_word' id='word_1_160' title='bbox 1264 3460 1354 3530; x_wconf 88' lang='lat' dir='ltr'><strong>Sulla</strong></span> <span class='ocrx_word' id='word_1_161' title='bbox 1368 3483 1481 3531; x_wconf 92' lang='lat' dir='ltr'><strong>rerum</strong></span> <span class='ocrx_word' id='word_1_162' title='bbox 1495 3473 1642 3554; x_wconf 87' lang='lat' dir='ltr'><strong>gesturum</strong></span> 
     </span>
     <span class='ocr_line' id='line_1_21' title="bbox 462 3583 1642 3677; baseline -0.001 -23"><span class='ocrx_word' id='word_1_163' title='bbox 462 3585 548 3656; x_wconf 92' lang='lat' dir='ltr'><strong>libro</strong></span> <span class='ocrx_word' id='word_1_164' title='bbox 570 3585 734 3658; x_wconf 90' lang='lat' dir='ltr'><strong>secundo:</strong></span> <span class='ocrx_word' id='word_1_165' title='bbox 769 3607 837 3677; x_wconf 92' lang='lat' dir='ltr'><strong>quo</strong></span> <span class='ocrx_word' id='word_1_166' title='bbox 866 3583 894 3652; x_wconf 94' lang='lat' dir='ltr'><strong>si</strong></span> <span class='ocrx_word' id='word_1_167' title='bbox 916 3583 988 3653; x_wconf 89' lang='lat' dir='ltr'><strong>heri</strong></span> <span class='ocrx_word' id='word_1_168' title='bbox 1013 3593 1119 3674; x_wconf 89' lang='lat' dir='ltr'><strong>potest</strong></span> <span class='ocrx_word' id='word_1_169' title='bbox 1142 3594 1177 3652; x_wconf 89' lang='lat' dir='ltr'><strong>ut</strong></span> <span class='ocrx_word' id='word_1_170' title='bbox 1202 3583 1301 3653; x_wconf 88' lang='lat' dir='ltr'><strong>etiam</strong></span> <span class='ocrx_word' id='word_1_171' title='bbox 1327 3607 1416 3654; x_wconf 93' lang='lat' dir='ltr'><strong>nunc</strong></span> <span class='ocrx_word' id='word_1_172' title='bbox 1440 3588 1542 3656; x_wconf 87' lang='lat' dir='ltr'><strong>nostri</strong></span> <span class='ocrx_word' id='word_1_173' title='bbox 1564 3585 1642 3656; x_wconf 89' lang='lat' dir='ltr'><strong>rubis</strong></span> 
     </span>
     <span class='ocr_line' id='line_1_22' title="bbox 409 3705 1641 3803; baseline -0.001 -25"><span class='ocrx_word' id='word_1_174' title='bbox 409 3709 417 3726; x_wconf 84' lang='lat'><em>⁰</em></span> <span class='ocrx_word' id='word_1_175' title='bbox 462 3710 497 3779; x_wconf 91' lang='lat' dir='ltr'><strong>in</strong></span> <span class='ocrx_word' id='word_1_176' title='bbox 522 3721 667 3780; x_wconf 89' lang='lat' dir='ltr'><strong>mentem</strong></span> <span class='ocrx_word' id='word_1_177' title='bbox 692 3709 816 3790; x_wconf 84' lang='lat' dir='ltr'><strong>veniat,</strong></span> <span class='ocrx_word' id='word_1_178' title='bbox 850 3729 976 3798; x_wconf 91' lang='lat' dir='ltr'><strong>nosque</strong></span> <span class='ocrx_word' id='word_1_179' title='bbox 1001 3705 1108 3795; x_wconf 87' lang='lat' dir='ltr'><strong>magis</strong></span> <span class='ocrx_word' id='word_1_180' title='bbox 1133 3707 1250 3798; x_wconf 90' lang='lat' dir='ltr'><strong>dignos</strong></span> <span class='ocrx_word' id='word_1_181' title='bbox 1276 3708 1407 3778; x_wconf 88' lang='lat' dir='ltr'><strong>creditis</strong></span> <span class='ocrx_word' id='word_1_182' title='bbox 1432 3711 1551 3803; x_wconf 90' lang='lat' dir='ltr'><strong>quibus</strong></span> <span class='ocrx_word' id='word_1_183' title='bbox 1573 3709 1641 3778; x_wconf 88' lang='lat' dir='ltr'><strong>ciri·</strong></span> 
     </span>
     <span class='ocr_line' id='line_1_23' title="bbox 461 3828 1640 3927; baseline 0 -24"><span class='ocrx_word' id='word_1_184' title='bbox 461 3833 523 3903; x_wconf 93' lang='lat' dir='ltr'><strong>bus</strong></span> <span class='ocrx_word' id='word_1_185' title='bbox 555 3855 656 3925; x_wconf 88' lang='lat' dir='ltr'><strong>quam</strong></span> <span class='ocrx_word' id='word_1_186' title='bbox 688 3831 836 3901; x_wconf 88' lang='lat' dir='ltr'><strong>hostibus</strong></span> <span class='ocrx_word' id='word_1_187' title='bbox 868 3828 1024 3908; x_wconf 91' lang='lat' dir='ltr'><strong>utamini,</strong></span> <span class='ocrx_word' id='word_1_188' title='bbox 1063 3829 1187 3921; x_wconf 92' lang='lat' dir='ltr'><strong>quique</strong></span> <span class='ocrx_word' id='word_1_189' title='bbox 1213 3851 1272 3922; x_wconf 93' lang='lat' dir='ltr'><strong>pro</strong></span> <span class='ocrx_word' id='word_1_190' title='bbox 1302 3831 1395 3901; x_wconf 90' lang='lat' dir='ltr'><strong>robis</strong></span> <span class='ocrx_word' id='word_1_191' title='bbox 1426 3833 1640 3927; x_wconf 86' lang='lat' dir='ltr'><strong>potiusquam</strong></span> 
     </span>
    </p>
   </div>
   <div class='ocr_carea' id='block_1_7' title="bbox 459 3955 1641 4788">
    <p class='ocr_par' dir='ltr' id='par_1_7' title="bbox 459 3955 1641 4788">
     <span class='ocr_line' id='line_1_24' title="bbox 462 3955 1641 4049; baseline -0.003 -22"><span class='ocrx_word' id='word_1_192' title='bbox 462 3969 577 4028; x_wconf 86' lang='lat' dir='ltr'><strong>contra</strong></span> <span class='ocrx_word' id='word_1_193' title='bbox 592 3979 650 4026; x_wconf 87' lang='lat' dir='ltr'><strong>vos</strong></span> <span class='ocrx_word' id='word_1_194' title='bbox 667 3977 865 4049; x_wconf 83' lang='lat' dir='ltr'><strong>pugnemus:</strong></span> <span class='ocrx_word' id='word_1_195' title='bbox 892 3975 1000 4045; x_wconf 90' lang='lat' dir='ltr'><strong>neque</strong></span> <span class='ocrx_word' id='word_1_196' title='bbox 1022 3963 1132 4022; x_wconf 92' lang='lat' dir='ltr'><strong>nostro</strong></span> <span class='ocrx_word' id='word_1_197' title='bbox 1157 3975 1265 4046; x_wconf 91' lang='lat' dir='ltr'><strong>neque</strong></span> <span class='ocrx_word' id='word_1_198' title='bbox 1285 3955 1449 4026; x_wconf 87' lang='lat' dir='ltr'><strong>maiorum</strong></span> <span class='ocrx_word' id='word_1_199' title='bbox 1476 3969 1641 4027; x_wconf 77' lang='lat' dir='ltr'><strong>nostrerum</strong></span> 
     </span>
     <span class='ocr_line' id='line_1_25' title="bbox 461 4074 1640 4168; baseline -0.005 -16"><span class='ocrx_word' id='word_1_200' title='bbox 461 4081 579 4153; x_wconf 89' lang='lat' dir='ltr'><strong>merito</strong></span> <span class='ocrx_word' id='word_1_201' title='bbox 615 4079 708 4148; x_wconf 90' lang='lat' dir='ltr'><strong>nobis</strong></span> <span class='ocrx_word' id='word_1_202' title='bbox 739 4078 772 4148; x_wconf 94' lang='lat' dir='ltr'><strong>id</strong></span> <span class='ocrx_word' id='word_1_203' title='bbox 805 4077 974 4168; x_wconf 85' lang='lat' dir='ltr'><strong>contingit.</strong></span> <span class='ocrx_word' id='word_1_204' title='bbox 1027 4075 1147 4145; x_wconf 80' lang='lat' dir='ltr'><strong>Gellius</strong></span> <span class='ocrx_word' id='word_1_205' title='bbox 1175 4074 1235 4158; x_wconf 82' lang='lat'><strong>20,</strong></span> <span class='ocrx_word' id='word_1_206' title='bbox 1265 4075 1300 4158; x_wconf 85' lang='lat'><strong>6,</strong></span> <span class='ocrx_word' id='word_1_207' title='bbox 1327 4075 1361 4148; x_wconf 87' lang='lat'><strong>3.</strong></span> <span class='ocrx_word' id='word_1_208' title='bbox 1465 4079 1499 4150; x_wconf 90' lang='grc'><strong>3.</strong></span> <span class='ocrx_word' id='word_1_209' title='bbox 1528 4079 1640 4150; x_wconf 88' lang='lat' dir='ltr'><strong>Deinde</strong></span> 
     </span>
     <span class='ocr_line' id='line_1_26' title="bbox 461 4199 1641 4278; baseline -0.007 0"><span class='ocrx_word' id='word_1_210' title='bbox 461 4208 554 4278; x_wconf 85' lang='lat' dir='ltr'><strong>Sulla</strong></span> <span class='ocrx_word' id='word_1_211' title='bbox 578 4204 721 4278; x_wconf 83' lang='lat' dir='ltr'><strong>lilerium</strong></span> <span class='ocrx_word' id='word_1_212' title='bbox 745 4202 807 4272; x_wconf 90' lang='lat' dir='ltr'><strong>sibi</strong></span> <span class='ocrx_word' id='word_1_213' title='bbox 834 4202 955 4272; x_wconf 86' lang='lat' dir='ltr'><strong>iratum</strong></span> <span class='ocrx_word' id='word_1_214' title='bbox 981 4199 1124 4270; x_wconf 92' lang='lat' dir='ltr'><strong>sentiens</strong></span> <span class='ocrx_word' id='word_1_215' title='bbox 1149 4201 1191 4270; x_wconf 86' lang='lat' dir='ltr'><strong>ad</strong></span> <span class='ocrx_word' id='word_1_216' title='bbox 1218 4201 1371 4272; x_wconf 87' lang='lat' dir='ltr'><strong>Catulum</strong></span> <span class='ocrx_word' id='word_1_217' title='bbox 1402 4227 1438 4273; x_wconf 92' lang='lat' dir='ltr'><strong>se</strong></span> <span class='ocrx_word' id='word_1_218' title='bbox 1466 4205 1596 4274; x_wconf 90' lang='lat' dir='ltr'><strong>contulit</strong></span> <span class='ocrx_word' id='word_1_219' title='bbox 1616 4215 1641 4271; x_wconf 90' lang='lat' dir='ltr'><strong>et</strong></span> 
     </span>
     <span class='ocr_line' id='line_1_27' title="bbox 460 4323 1639 4421; baseline -0.004 -21"><span class='ocrx_word' id='word_1_220' title='bbox 460 4330 614 4400; x_wconf 87' lang='lat' dir='ltr'><strong>maximis</strong></span> <span class='ocrx_word' id='word_1_221' title='bbox 641 4327 827 4421; x_wconf 89' lang='lat' dir='ltr'><strong>quibusque</strong></span> <span class='ocrx_word' id='word_1_222' title='bbox 851 4324 949 4395; x_wconf 88' lang='lat' dir='ltr'><strong>rebus</strong></span> <span class='ocrx_word' id='word_1_223' title='bbox 975 4323 1016 4393; x_wconf 85' lang='lat' dir='ltr'><strong>ab</strong></span> <span class='ocrx_word' id='word_1_224' title='bbox 1043 4345 1082 4393; x_wconf 92' lang='lat' dir='ltr'><strong>eo</strong></span> <span class='ocrx_word' id='word_1_225' title='bbox 1103 4325 1290 4416; x_wconf 87' lang='lat' dir='ltr'><strong>praelectus</strong></span> <span class='ocrx_word' id='word_1_226' title='bbox 1312 4325 1470 4398; x_wconf 86' lang='lat' dir='ltr'><strong>adversus</strong></span> <span class='ocrx_word' id='word_1_227' title='bbox 1492 4329 1639 4420; x_wconf 85' lang='lat' dir='ltr'><strong>Inalpinas</strong></span> 
     </span>
     <span class='ocr_line' id='line_1_28' title="bbox 461 4447 1638 4548; baseline -0.007 -23"><span class='ocrx_word' id='word_1_228' title='bbox 461 4467 573 4548; x_wconf 85' lang='lat' dir='ltr'><strong>gentes</strong></span> <span class='ocrx_word' id='word_1_229' title='bbox 599 4454 702 4524; x_wconf 89' lang='lat' dir='ltr'><strong>multa</strong></span> <span class='ocrx_word' id='word_1_230' title='bbox 719 4473 874 4545; x_wconf 89' lang='lat' dir='ltr'><strong>prospera</strong></span> <span class='ocrx_word' id='word_1_231' title='bbox 896 4449 1025 4542; x_wconf 91' lang='lat' dir='ltr'><strong>proelia</strong></span> <span class='ocrx_word' id='word_1_232' title='bbox 1047 4447 1134 4518; x_wconf 87' lang='lat' dir='ltr'><strong>lecit.</strong></span> <span class='ocrx_word' id='word_1_233' title='bbox 1174 4451 1351 4539; x_wconf 89' lang='lat' dir='ltr'><strong>lngrueute</strong></span> <span class='ocrx_word' id='word_1_234' title='bbox 1372 4451 1474 4522; x_wconf 87' lang='lat' dir='ltr'><strong>etiam</strong></span> <span class='ocrx_word' id='word_1_235' title='bbox 1490 4472 1638 4521; x_wconf 88' lang='lat' dir='ltr'><strong>commea-</strong></span> 
     </span>
     <span class='ocr_line' id='line_1_29' title="bbox 459 4571 1637 4670; baseline -0.006 -23"><span class='ocrx_word' id='word_1_236' title='bbox 459 4588 510 4650; x_wconf 92' lang='lat' dir='ltr'><strong>tus</strong></span> <span class='ocrx_word' id='word_1_237' title='bbox 535 4577 659 4670; x_wconf 83' lang='lat' dir='ltr'><strong>inopia,</strong></span> <span class='ocrx_word' id='word_1_238' title='bbox 700 4597 813 4644; x_wconf 85' lang='lat' dir='ltr'><strong>curam</strong></span> <span class='ocrx_word' id='word_1_239' title='bbox 846 4574 917 4643; x_wconf 90' lang='lat' dir='ltr'><strong>eius</strong></span> <span class='ocrx_word' id='word_1_240' title='bbox 948 4572 997 4642; x_wconf 96' lang='lat' dir='ltr'><strong>rei</strong></span> <span class='ocrx_word' id='word_1_241' title='bbox 1028 4571 1210 4664; x_wconf 89' lang='lat' dir='ltr'><strong>suscipiens</strong></span> <span class='ocrx_word' id='word_1_242' title='bbox 1235 4581 1355 4642; x_wconf 88' lang='lat' dir='ltr'><strong>tantam</strong></span> <span class='ocrx_word' id='word_1_243' title='bbox 1382 4573 1491 4644; x_wconf 87' lang='grc'>6116611</span> <span class='ocrx_word' id='word_1_244' title='bbox 1514 4574 1637 4666; x_wconf 87' lang='lat' dir='ltr'><strong>copiam,</strong></span> 
     </span>
     <span class='ocr_line' id='line_1_30' title="bbox 461 4695 1637 4788; baseline -0.009 -17"><span class='ocrx_word' id='word_1_245' title='bbox 461 4713 497 4771; x_wconf 94' lang='lat' dir='ltr'><strong>ut</strong></span> <span class='ocrx_word' id='word_1_246' title='bbox 521 4712 553 4771; x_wconf 90' lang='lat' dir='ltr'><strong>et</strong></span> <span class='ocrx_word' id='word_1_247' title='bbox 577 4701 685 4772; x_wconf 86' lang='lat' dir='ltr'><strong>Catuli</strong></span> <span class='ocrx_word' id='word_1_248' title='bbox 711 4697 870 4768; x_wconf 91' lang='lat' dir='ltr'><strong>militibus</strong></span> <span class='ocrx_word' id='word_1_249' title='bbox 895 4717 1061 4769; x_wconf 89' lang='lat' dir='ltr'><strong>annonam</strong></span> <span class='ocrx_word' id='word_1_250' title='bbox 1086 4695 1213 4788; x_wconf 87' lang='lat' dir='ltr'><strong>largam</strong></span> <span class='ocrx_word' id='word_1_251' title='bbox 1247 4707 1429 4788; x_wconf 86' lang='lat' dir='ltr'><strong>praestaret</strong></span> <span class='ocrx_word' id='word_1_252' title='bbox 1459 4710 1491 4768; x_wconf 90' lang='lat' dir='ltr'><strong>et</strong></span> <span class='ocrx_word' id='word_1_253' title='bbox 1521 4699 1637 4788; x_wconf 90' lang='lat' dir='ltr'><strong>insuper</strong></span> 
     </span>
    </p>
   </div>
   <div class='ocr_carea' id='block_1_8' title="bbox 0 0 1768 5604">
    <p class='ocr_par' dir='ltr' id='par_1_8' title="bbox 0 0 1768 5604">
     <span class='ocr_line' id='line_1_31' title="bbox 0 0 1768 5604; baseline 0 2"><span class='ocrx_word' id='word_1_254' title='bbox 0 0 1768 5604; x_wconf 95' lang='lat' dir='ltr'><strong> </strong></span> 
     </span>
    </p>
   </div>
  </div>
 </body>
</html>
