3702 5600
609 883 779 958 lustuns
800 882 1036 956 mamintus.

299 1065 434 1121 societate
454 1063 605 1118 moramur
625 1058 661 1116 V.
679 1061 704 1115 1.
725 1060 865 1135 quonium
887 1057 976 1116 idem.
998 1059 1140 1135 qoomiur
1161 1055 1243 1116 Gort.
1264 1057 1346 1118 tomis
1367 1061 1423 1117 tuis

219 1170 255 1227 V.
280 1173 303 1227 1.
325 1168 398 1227 olim
424 1170 480 1226 lois
501 1167 583 1225 bonis
608 1165 722 1225 editum
749 1169 805 1224 est
826 1167 958 1223 misceris
978 1181 1079 1238 puero
1099 1164 1135 1222 V.
1161 1168 1186 1222 1.
1208 1180 1309 1225 rorum
1331 1181 1422 1239 pros-

214 1293 297 1351 pero
315 1275 352 1334 V.
376 1278 401 1332 1.
419 1291 524 1348 porum
545 1273 718 1332 emendavit
739 1271 944 1330 Britannicus.

301 1385 426 1456 accepiet
435 1381 471 1438 V.
484 1384 509 1438 1.
521 1379 790 1456 clorioyioeueiius
803 1378 893 1437 idem.
904 1395 968 1437 eum
978 1395 1014 1436 eu
1027 1381 1109 1437 moue
1121 1379 1157 1437 V.
1169 1382 1195 1437 1.
1211 1383 1355 1456 corrupte
1366 1395 1422 1456 pro

220 1491 375 1550 Eumenem
388 1492 481 1561 cuius,
500 1489 583 1563 qood
596 1504 653 1564 per
674 1487 915 1547 emendationem
936 1488 967 1544 et
979 1486 1106 1562 primum
1122 1486 1242 1561 quidem
1257 1486 1286 1545 in
1306 1485 1423 1544 Alean-

220 1597 307 1656 drina
333 1596 430 1656 Paris.
459 1597 544 1654 1513.
567 1598 624 1654 est.
646 1599 713 1669 poet
737 1593 859 1652 domium
879 1593 1016 1653 melodiae
1043 1591 1079 1650 V.
1103 1597 1129 1651 1.
1151 1595 1178 1652 2.
1207 1593 1280 1653 olim
1301 1594 1425 1653 Attalum

220 1703 364 1763 melodem
395 1701 488 1760 foeda
521 1700 766 1777 interpolatione.
800 1702 876 1773 eupli
907 1701 934 1758 oi
966 1701 1002 1758 V.
1026 1702 1052 1758 1.
1083 1699 1138 1758 sed
1165 1704 1278 1775 coptioo
1300 1704 1425 1775 pecunie

220 1809 286 1869 Liv.
311 1815 334 1869 1.
357 1814 405 1870 53.
427 1827 489 1885 eoo.
511 1813 597 1869 oeulis
617 1809 701 1887 Virg.
720 1808 797 1868 Aen.
818 1827 849 1866 ιι.
873 1809 940 1867 765.
962 1825 1070 1867 curm
1093 1812 1197 1884 copiioi
1228 1807 1265 1867 id.
1288 1827 1339 1867 vn.
1356 1811 1423 1867 181.

221 1937 246 1976 c.
280 1919 351 1977 ebur
377 1915 449 1975 llor.
477 1913 553 1992 Epp.
582 1934 613 1973 11.
648 1919 673 1973 1.
703 1917 770 1974 193.
801 1917 834 1974 et
862 1914 940 1974 alias
969 1916 1083 1992 passim
1111 1915 1256 1975 occurrit.
1294 1915 1427 1976 Accedit

222 2026 302 2101 qood
331 2029 397 2101 oyri
427 2025 569 2084 absolute
596 2023 709 2083 dietum
736 2041 794 2084 non
824 2024 901 2082 satis
923 2022 1114 2084 manifestum
1136 2029 1193 2100 est,
1232 2029 1264 2084 et
1289 2024 1373 2100 quod
1394 2023 1424 2083 vi

222 2139 293 2194 ante
328 2133 484 2209 sumptibus
518 2139 550 2193 et
580 2131 757 2191 contemeliie
790 2131 924 2208 positum
957 2149 1016 2191 non
1053 2132 1191 2208 quadrat.
1224 2131 1304 2204 filius
1336 2133 1425 2208 Nyso,

222 2241 265 2299 ita
294 2240 383 2299 codd.
406 2239 523 2298 Orellio
552 2242 676 2298 notante
698 2239 831 2313 quinque
861 2238 1007 2298 mulieres
1034 2238 1093 2298 hoe
1115 2239 1235 2298 nomine
1256 2240 1424 2298 innotuere.

222 2347 302 2421 Nyso
328 2345 470 2404 saltatrix
495 2343 605 2403 coniux
627 2343 803 2403 Nicomedis
831 2362 863 2402 n.
892 2348 989 2402 mater
1013 2343 1191 2404 Nicomedis
1213 2364 1254 2404 m.
1283 2345 1425 2404 Memnon

221 2449 298 2509 llist.
320 2447 393 2508 Exn.
415 2446 445 2507 (l.
467 2451 516 2508 30.
537 2466 605 2524 pag.
627 2450 675 2507 tt.
699 2449 754 2508 cir.
776 2449 879 2509 lustin.
900 2451 948 2508 38.
969 2451 995 2508 5.
1017 2451 1062 2508 11).
1102 2449 1278 2523 „Nicomedi
1300 2497 1333 2510 ..
1360 2452 1425 2510 sal-

222 2557 342 2616 tatricis
363 2549 453 2615 filia.“
486 2555 584 2615 altera
606 2553 692 2632 Nysa
713 2554 889 2615 Nicomedis
911 2573 953 2614 ιιι.
976 2555 1038 2614 lilia
1059 2554 1115 2615 cir.
1137 2555 1260 2616 Sueton.
1282 2555 1356 2616 Caes.
1379 2561 1425 2616 ts.

222 2665 313 2724 tertia
333 2680 411 2723 uxor
432 2661 607 2722 Nicomedis
628 2678 670 2720 ιιι.
698 2679 765 2737 quae
793 2668 899 2721 nostro
929 2662 997 2722 loco
1019 2663 1218 2739 intelligenda
1240 2668 1295 2722 est.
1318 2669 1425 2738 quarta

223 2770 286 2830 lilia
306 2768 494 2828 Mithridatis
523 2767 578 2827 cir.
601 2767 729 2843 Appian.
752 2767 853 2826 Mithr.
880 2784 905 2826 c.
929 2771 995 2826 111.
1018 2769 1122 2843 quinta
1151 2787 1241 2828 soror
1263 2770 1426 2830 Mithrida-

223 2879 263 2937 tis
290 2875 456 2935 aLucnllo
485 2877 584 2951 capta,
613 2873 690 2964 Plut.
721 2872 791 2933 Luc.
814 2894 840 2934 c.
865 2877 908 2934 18.
939 2875 1034 2934 Multa
1062 2877 1199 2936 turbavit
1230 2877 1272 2936 lle
1294 2877 1426 2937 Bressos

222 2985 298 3043 llist.
323 2983 406 3042 liam.
428 2981 458 3039 'l.
480 2999 511 3039 ιι.
532 2999 559 3056 p.
580 2981 648 3040 537.
670 2997 755 3057 quom
776 2981 819 3039 ita
840 2983 869 3040 h.
891 2981 910 3038 l.
933 2980 967 3038 V.
994 2985 1019 3039 1,
1041 2983 1138 3041 semel
1163 3001 1237 3060 qum,
1259 2985 1334 3043 alibi
1354 3003 1426 3044 cum.

223 3092 295 3162 copi
307 3068 358 3145 V.
382 3105 401 3145 1.
430 3087 466 3144 V.
488 3086 582 3160 Bong.
611 3089 673 3160 cepi
703 3086 738 3143 V.
762 3089 789 3145 2.
808 3086 1013 3161 pulclerrumo
1032 3087 1077 3146 ita
1104 3087 1133 3145 h.
1155 3086 1175 3146 l.
1197 3087 1233 3146 V.
1255 3107 1274 3146 1.
1296 3092 1428 3151 militibus
1485 3119 1489 3126 ·

221 3197 327 3272 moral
354 3197 391 3256 oli
417 3195 499 3254 doato
526 3195 562 3254 V.
591 3198 615 3253 1,
641 3197 668 3253 2.
690 3197 718 3270 3,
747 3193 803 3254 sed
826 3195 994 3268 Charisius,
1025 3197 1076 3270 qui
1104 3199 1198 3255 totum
1226 3196 1303 3257 linnc
1328 3197 1428 3258 locum

224 3305 327 3364 indea
353 3307 434 3379 ,Scio
451 3303 579 3381 equidem
593 3302 748 3362 —bellum
768 3297 929 3374 conficere“
954 3303 1067 3378 laudat,
1090 3321 1148 3364 non
1172 3305 1270 3364 solum
1292 3304 1370 3383 legit
1391 3305 1430 3363 od

221 3413 349 3488 modum
360 3415 480 3486 petieris
501 3428 557 3487 pro
572 3413 689 3486 peteme,
717 3411 774 3470 sed
795 3411 886 3468 etiam
906 3418 978 3487 post
999 3411 1131 3471 midtidue
1148 3411 1247 3471 addit:
1270 3411 1336 3472 belli
1352 3429 1429 3486 pm-

224 3520 368 3591 demeum
389 3523 540 3595 praeterea
562 3516 676 3593 Asperi
691 3520 792 3576 notam
809 3517 960 3594 adiungit:
986 3515 1153 3591 ,Ceterum
1175 3535 1234 3593 quo
1256 3517 1347 3578 modo
1368 3535 1429 3596 po-

224 3627 314 3684 situm
330 3629 379 3683 est
394 3640 451 3700 pro
467 3623 602 3697 alioquin
624 3622 782 3681 eonsilium
804 3628 861 3692 est,
884 3639 920 3680 an
935 3639 992 3699 pro
1014 3622 1171 3698 relicuum,
1193 3630 1227 3685 ut
1248 3626 1290 3685 sit
1310 3641 1429 3698 nomen,

225 3733 351 3792 relicum
387 3728 546 3790 consilium
581 3723 656 3788 est.“
699 3726 753 3788 eir.
788 3727 876 3789 Char.
912 3747 941 3805 p.
977 3732 1034 3789 177
1067 3729 1189 3790 Puteoli.
1224 3736 1256 3790 et
1291 3731 1429 3810 inprimis

226 3838 348 3914 quidem
382 3842 431 3896 est
462 3835 669 3896 memorabilis
704 3834 810 3912 glossa
842 3835 908 3895 belli
940 3835 1128 3910 pmdemiboe
1163 3835 1316 3912 (glossam
1351 3840 1429 3898 enim

225 3961 296 4005 esse
319 3943 410 4002 lacile
428 3947 478 4002 est
498 3942 537 4001 ad
559 3940 804 4016 intelligendum)
830 3941 936 4000 addita
958 3941 1024 3999 sine
1046 3941 1137 4000 dnbio
1159 3942 1197 4000 ab
1220 3943 1267 4018 iis,
1290 3944 1341 4018 qui
1364 3944 1430 4003 haec

225 4053 323 4112 verba
361 4049 438 4110 satis
478 4049 617 4108 difficilia
652 4048 711 4107 noe
752 4047 962 4107 additamento
1000 4046 1149 4123 explicari
1183 4064 1277 4124 posse
1310 4053 1430 4110 statue·

225 4163 303 4218 runt
347 4157 493 4216 Nimirum
521 4155 716 4214 Mithridates
750 4154 861 4213 Arsaci
893 4156 1082 4232 persuadere
1114 4154 1230 4231 studet,
1272 4159 1306 4216 ut
1340 4174 1429 4232 quam

225 4265 354 4340 primum
375 4262 554 4322 societatem
576 4261 690 4336 iungat,
722 4260 816 4335 idque
837 4276 904 4318 eum
926 4275 985 4318 non
1006 4261 1103 4320 minus
1125 4260 1190 4320 suis
1210 4261 1309 4337 ipsius
1330 4264 1430 4322 ratio·

226 4371 315 4430 nibus
337 4370 457 4428 ductum
480 4367 583 4429 lacere
600 4369 714 4427 debere
729 4367 926 4443 demonstrat,
949 4383 1038 4442 quam
1053 4370 1085 4426 ut
1099 4368 1158 4427 sibi
1179 4368 1270 4428 victis
1285 4371 1327 4430 sit
1341 4371 1430 4430 auxi-

227 4477 278 4536 lio.
320 4475 470 4536 Callidum
492 4477 571 4536 enim
594 4477 754 4553 Tigranem
775 4474 894 4552 agitare
916 4474 1085 4549 consilium,
1115 4479 1147 4534 nt
1168 4476 1196 4534 si
1217 4477 1317 4536 victor
1338 4481 1431 4551 osset,

227 4585 335 4644 maiori
356 4585 448 4644 etiam
470 4583 594 4642 Parthis
616 4581 700 4642 foret
720 4580 888 4654 formidini,
919 4585 949 4640 et
971 4583 999 4640 si
1019 4582 1121 4640 vietus
1144 4589 1237 4657 osset,
1265 4584 1431 4660 periculum

228 4707 331 4750 eorum
353 4691 487 4764 augeret.
529 4686 619 4748 lllum
647 4687 728 4746 enim
757 4686 946 4745 inexhaustis
974 4686 1021 4745 sui
1042 4688 1128 4762 regni
1149 4688 1278 4762 viribus,
1306 4689 1432 4749 Mithri·
