3610 5592
1331 633 1377 702 23

170 861 330 908 mxuma
366 836 554 908 miserabile
591 837 697 908 visum
732 845 795 916 est,
847 834 900 904 cui
947 857 1021 904 cum
1059 833 1101 903 ad
1143 855 1295 904 oceasum
1337 837 1379 907 ab

169 971 249 1032 ortu
286 960 365 1032 solis
394 961 506 1030 omnia
539 960 662 1031 domitu
693 959 793 1030 armis
826 967 999 1050 parerent,
1038 955 1129 1026 domi
1152 957 1255 1026 otium
1281 970 1378 1052 atque

171 1086 313 1169 divitia,
347 1108 422 1179 quae
446 1087 554 1178 prima
578 1085 733 1156 mortales
758 1093 890 1177 putant,
925 1083 1111 1166 affluerent,
1145 1084 1238 1153 liuere
1267 1093 1377 1155 tamen

169 1211 278 1293 eires,
313 1211 372 1303 qui
395 1233 497 1303 seque
523 1233 660 1303 remque
686 1210 852 1303 publicam
877 1208 1045 1279 obstinatis
1071 1207 1190 1278 animis
1215 1207 1378 1301 perditum

171 1336 271 1406 irent¹
331 1337 482 1428 Namque
519 1335 646 1406 duobus
683 1343 815 1405 senatus
853 1333 992 1404 decretis
1024 1356 1066 1402 ex
1101 1341 1190 1402 tunm
1228 1332 1379 1404 multitu-

171 1457 253 1528 dine
277 1480 387 1552 neque
412 1457 548 1552 premio
577 1458 729 1530 inductus
746 1457 1006 1528 coniurationem
1030 1457 1244 1550 patefecerat,
1269 1479 1378 1548 neque

171 1605 217 1652 ex
241 1582 357 1652 eastris
390 1581 540 1654 Catilina
572 1580 748 1674 quisquam
780 1581 928 1652 omnium
961 1579 1168 1657 discesseram
1209 1587 1298 1648 tanta
1329 1579 1378 1649 uis

170 1705 300 1788 morbi,
325 1696 448 1797 (atque)
473 1705 520 1775 uti
545 1704 653 1788 tabes,
679 1705 855 1797 plerosque
880 1703 1003 1774 civium
1028 1700 1155 1774 animos
1180 1701 1354 1773 inuaserat.

246 1850 382 1900 mvn.
431 1831 548 1922 Neque
573 1830 681 1900 sulum
706 1828 772 1900 illis
797 1829 909 1899 aliena
935 1849 1027 1897 mens
1054 1837 1143 1908 erat,
1170 1827 1228 1919 qui
1254 1827 1377 1898 eonseii

171 1953 409 2024 coniurationis
426 1955 566 2036 fueram,
592 1953 650 2024 sed
668 1953 803 2023 omnino
828 1961 945 2024 cuncta
960 1951 1075 2044 plebes
1091 1973 1252 2022 novarum
1265 1973 1376 2023 rerum

171 2079 281 2152 sbrdio
298 2077 449 2150 Catilina
474 2079 604 2172 incepta
628 2077 799 2171 probabat.
837 2078 875 2147 ld
892 2075 976 2146 adeo
1000 2097 1093 2146 more
1119 2099 1179 2146 suo
1205 2076 1377 2148 videbatur

170 2203 294 2274 iacere.
361 2203 446 2273 Nam
480 2223 612 2294 semper
644 2200 679 2270 in
713 2200 843 2271 civitate
883 2199 1003 2292 quibus
1040 2221 1120 2291 opes
1155 2199 1255 2271 nullae
1301 2211 1377 2270 sunt

170 2327 267 2398 bonis
292 2326 459 2410 invident,
485 2306 794 2408 malosextollunt‚
821 2335 933 2396 vetera
957 2324 1077 2408 odere,
1102 2347 1190 2396 nova
1210 2335 1375 2419 exoptant,

170 2453 248 2524 odio
272 2474 410 2524 suarum
434 2473 546 2524 rarum
571 2451 692 2522 mutari
722 2451 834 2522 omnia
867 2451 1013 2534 student,
1042 2449 1139 2522 turba
1163 2457 1261 2544 atque
1286 2451 1376 2520 sedi-

170 2579 314 2650 tionibus
346 2579 417 2650 sino
450 2601 530 2650 cura
562 2579 713 2650 aluntur:
750 2577 907 2670 quoniam
940 2587 1067 2668 egestas
1100 2575 1197 2647 laeile
1235 2575 1376 2646 babetur

171 2704 242 2774 sine
262 2704 395 2776 damno.
425 2703 490 2774 Sed
515 2704 643 2776 urbana
660 2703 772 2798 pleps,
799 2725 839 2774 ea
850 2727 929 2775 vero
955 2725 1100 2797 praeceps
1127 2703 1375 2774 eratdemultis

172 2829 290 2900 causis.
340 2826 488 2900 Primum
529 2827 678 2898 omnium
715 2827 774 2919 qui
812 2827 937 2919 ubique
975 2826 1096 2920 probro
1144 2839 1243 2918 atque
1278 2837 1375 2920 petu-

172 2952 273 3024 lantia
296 2973 454 3025 maxume
479 2953 693 3044 praesuhmt,
720 2952 797 3022 item
823 2952 882 3022 alii
907 2975 967 3045 per
983 2951 1147 3022 dedecora
1171 2951 1376 3044 patrimoniis

172 3079 315 3161 ameum,
353 3088 518 3172 postremo
550 3101 664 3148 omnes
707 3101 790 3171 quos
823 3077 986 3169 flagitium
1019 3089 1077 3148 aut
1115 3077 1240 3148 lacinus
1277 3076 1376 3146 domo

171 3205 363 3299 expulerat,
391 3204 428 3275 hi
443 3207 584 3276 Romam
603 3205 688 3275 sicut
714 3204 749 3274 in
779 3204 944 3274 sentinam
966 3203 1205 3273 conduxerant.
1244 3201 1373 3271 Deinde

171 3329 267 3400 multi
292 3351 453 3400 memores
478 3329 624 3400 Sullana
649 3327 808 3410 victoria,
844 3327 933 3419 quud
960 3345 1002 3396 cx
1028 3325 1190 3418 gregariis
1215 3324 1373 3395 militibus

172 3454 253 3524 alius
277 3463 446 3524 senatores
462 3453 629 3536 videbant,
655 3453 739 3523 alios
756 3453 802 3524 ita
826 3453 956 3534 divites,
983 3463 1018 3523 ut
1043 3453 1136 3543 regio
1161 3451 1249 3521 victu
1275 3460 1373 3541 atque

173 3577 262 3648 cultu
295 3587 425 3648 aetatem
458 3589 612 3669 agerent,
644 3576 708 3646 sibi
741 3576 898 3668 quisque,
937 3575 965 3644 si
999 3575 1034 3644 iu
1065 3575 1166 3672 armis
1197 3574 1293 3656 iuret,
1333 3598 1375 3644 ex

172 3699 307 3770 victoria
344 3699 423 3770 talia
459 3700 621 3794 sperabat.
696 3701 860 3770 rraeuerea
897 3699 1063 3778 iuventus,
1102 3718 1177 3789 quae
1216 3697 1249 3768 iu
1288 3700 1376 3790 agris

172 3847 331 3896 manuum
356 3826 509 3898 mercede
541 3827 686 3919 inopiam
717 3827 926 3906 toleraverat,
952 3823 1087 3918 priuatis
1112 3833 1210 3914 utque
1234 3823 1376 3916 publicis

173 3949 401 4042 largitionibus
426 3951 550 4033 exeita,
575 3949 741 4020 urbanum
767 3950 870 4020 otium
888 3949 1019 4040 ingrato
1044 3947 1149 4018 labori
1166 3947 1374 4041 praetuleram

173 4095 227 4144 eos
255 4085 356 4166 atque
390 4072 474 4144 alios
499 4073 607 4144 omnis
632 4073 756 4142 malum
795 4073 964 4164 publicum
994 4071 1114 4141 alebat.
1165 4071 1241 4154 Quo
1267 4071 1375 4140 minus

176 4198 362 4270 mbandum
378 4207 443 4280 est,
469 4195 620 4269 bomines
638 4205 787 4290 egentes,
813 4197 909 4267 malis
935 4195 1097 4276 moribus,
1124 4217 1280 4266 maxuma
1305 4218 1374 4288 spe,

172 4323 221 4392 rei
248 4323 392 4417 publiea
418 4323 573 4393 iuxtaue
599 4323 662 4393 sibi
688 4322 902 4392 consuluisse.
952 4322 1114 4392 l’raeterea
1139 4341 1280 4411 quorum
1306 4320 1375 4387 vic-

173 4449 252 4520 toria
276 4449 379 4520 Snllae
424 4459 576 4542 parentes
609 4447 798 4541 proscripti,
836 4448 923 4518 bona
955 4456 1083 4540 erepta,
1123 4447 1173 4516 ius
1215 4442 1375 4514 libertatis

174 4571 368 4644 inminutum
395 4582 481 4654 erat,
506 4571 595 4642 baud
621 4593 701 4642 saue
726 4571 793 4641 alio
818 4571 931 4642 animo
957 4570 1036 4640 belli
1065 4579 1218 4639 euentum
1254 4591 1375 4660 expec-

174 4695 289 4768 tabant.
342 4696 394 4768 Ad
420 4695 498 4780 boe,
532 4696 734 4787 quicumque
766 4695 906 4766 aliarum
937 4706 1035 4786 atque
1069 4702 1200 4764 senatus
1235 4693 1374 4785 partium
