3702 5600
1357 647 1425 716 tlt

222 865 291 907 unm
322 849 395 924 post
420 849 583 923 pretorem
609 846 735 918 laceret,
771 859 870 919 neque
899 842 1052 920 petiturus
1074 859 1214 917 nunquam
1240 844 1432 904 consulatum

223 971 295 1014 esse
317 951 490 1024 videretur)
512 969 612 1028 neque
634 955 802 1030 negaturus
826 955 901 1026 erat,
932 949 1061 1010 Marium
1081 951 1163 1010 bunc
1184 949 1331 1011 bonorem
1354 966 1430 1010 con-

223 1061 386 1138 cupivisse.
420 1058 494 1118 Sive
519 1062 585 1118 erat
607 1059 767 1134 modestia,
797 1059 864 1118 sive
885 1073 985 1118 cause
1008 1057 1188 1130 diffidentia,
1224 1057 1338 1115 illarius
1370 1071 1432 1114 nou

225 1183 262 1225 ea
286 1164 343 1225 luit
364 1165 503 1240 audacia,
535 1169 568 1224 ut
593 1166 631 1224 ed
663 1165 748 1224 illum
777 1163 927 1223 bonorem
954 1164 1094 1240 aspirare
1122 1163 1260 1221 auderet.
1303 1162 1366 1221 Sed
1394 1178 1432 1222 eo

224 1273 344 1347 quidem
367 1289 459 1332 sensu
488 1278 624 1348 oppetere
652 1270 795 1331 absolute
826 1271 887 1330 dici
918 1287 1023 1347 posse,
1057 1275 1206 1346 negarunt
1235 1270 1432 1346 interpretes.

224 1378 286 1438 Sed
307 1379 434 1438 verbum
455 1379 663 1454 impersonale
686 1381 772 1436 certe
794 1378 937 1438 absoluto
955 1379 1076 1438 dicitur.
1105 1377 1225 1437 Plinius
1247 1379 1340 1437 etiam
1364 1395 1433 1438 cnm

224 1485 256 1544 vi
273 1485 432 1544 transitiva
455 1485 597 1545 absolute
618 1486 724 1561 posuit
742 1483 808 1542 Lib.
824 1503 887 1543 vnn.
910 1503 935 1544 c.
953 1489 999 1544 15.
1021 1484 1061 1545 Et
1074 1486 1219 1562 primaria
1238 1485 1327 1545 buius
1343 1484 1433 1544 verbi

224 1591 407 1666 significatio
433 1609 469 1650 ea
498 1594 556 1664 est,
592 1597 703 1651 utnon
725 1593 824 1669 magis
854 1609 944 1666 quam
969 1595 1021 1650 nib
1042 1597 1074 1651 et
1093 1591 1229 1667 aspirare
1249 1591 1288 1650 ad
1311 1609 1434 1650 sensum

225 1697 406 1774 explendum
428 1699 636 1757 accusativum
663 1697 812 1776 postulet.
855 1698 918 1758 lam
943 1716 1010 1758 oum
1034 1699 1181 1775 scriptori
1208 1699 1293 1759 notio
1316 1714 1432 1758 consu·

225 1803 305 1862 latus
327 1822 383 1880 per
404 1809 499 1864 totum
520 1805 581 1864 boo
603 1809 694 1882 caput
717 1807 746 1863 in
769 1805 869 1865 animo
891 1804 1017 1878 hereat,
1045 1821 1111 1864 oum
1133 1805 1216 1863 aliud
1240 1821 1278 1864 ne
1300 1804 1433 1882 cogitari

228 1910 349 1984 quidem
371 1911 481 1986 possit,
503 1927 570 1970 cum
593 1912 673 1971 idem
695 1911 726 1970 in
748 1913 797 1986 iis,
820 1928 887 1986 quae
912 1927 983 1970 mox
1004 1912 1180 1986 sequuntur,
1204 1912 1234 1969 in
1256 1911 1433 1970 memoriam

226 2023 402 2086 revocetur,
425 2018 499 2077 mibi
521 2019 643 2094 quidem
665 2036 723 2079 non
746 2019 851 2078 durius
874 2035 945 2078 esse
967 2018 1097 2094 videtur,
1124 2021 1205 2093 quod
1226 2037 1285 2078 non
1307 2018 1433 2078 disertis

225 2123 330 2182 verbis
352 2125 551 2199 expresserit,
580 2125 620 2183 ad
648 2125 729 2200 qood
750 2125 864 2184 Marius
890 2125 1030 2201 aspirare
1051 2140 1111 2184 non
1132 2125 1275 2184 audebat.
1298 2127 1434 2200 eprepioe

223 2230 314 2304 sactis
334 2231 404 2289 Bas.
426 2237 457 2290 et
477 2231 569 2310 longe
590 2233 713 2308 plurimi
734 2232 816 2291 libri.
845 2232 931 2291 cuius
954 2231 1096 2291 lectionis
1118 2231 1333 2291 auctoritatem
1355 2247 1433 2289 cou-

230 2336 337 2412 firmat,
360 2337 442 2412 quod
464 2339 494 2396 in
514 2339 617 2397 multis
639 2339 730 2398 libris
755 2341 889 2415 eprepias
908 2339 1008 2414 soclus
1029 2342 1086 2398 ost.
1106 2337 1227 2397 accedit
1241 2336 1434 2414 quodfacto,

226 2444 312 2503 onius
336 2446 383 2504 vis
405 2445 549 2520 primarie
571 2451 628 2520 est,
651 2446 692 2504 ita
714 2445 807 2505 multo
831 2445 927 2522 magis
949 2446 1075 2518 acuitur,
1098 2443 1153 2504 cir.
1177 2445 1245 2503 Tac.
1261 2443 1337 2503 nial.
1360 2461 1385 2502 o.
1406 2445 1433 2503 8.

226 2555 362 2627 eprepiua
390 2552 525 2611 moribus.
557 2550 598 2610 Et
624 2569 690 2611 oum
719 2569 812 2629 supra
833 2550 923 2612 Catil.
950 2555 987 2611 23
1014 2550 1082 2612 lere
1104 2551 1232 2610 eandum
1253 2550 1434 2610 sententiam

225 2657 337 2716 iisdem
351 2658 456 2716 verbis
472 2659 692 2734 expressisset,
718 2675 863 2733 ,namque
879 2663 969 2718 antea
988 2658 1136 2735 pleraque
1157 2656 1302 2716 nobilitas
1319 2657 1435 2715 invidia

227 2765 377 2823 estuabat
397 2769 429 2824 ot
451 2765 539 2838 quasi
552 2764 650 2841 pollui
670 2767 861 2827 consulatum
878 2765 1034 2840 credebat,
1057 2765 1082 2824 si
1103 2781 1169 2823 eum
1190 2762 1327 2838 quamvis
1342 2780 1436 2840 egre-

225 2869 294 2946 gius
313 2870 405 2930 bomo
427 2871 559 2949 adeptus
581 2867 679 2933 loret“
711 2873 862 2933 hocloco
883 2875 972 2950 sactis
993 2871 1117 2944 adiecit,
1150 2874 1184 2929 ut
1212 2870 1313 2929 oratio
1339 2869 1436 2944 magis

227 2979 267 3036 ad
288 2977 415 3037 lilerium
437 2977 618 3038 referretur.

309 3098 333 3141 c.
356 3084 404 3142 ot.
432 3083 545 3158 petendi
566 3119 604 3126 -
625 3085 748 3144 obtundo
769 3114 804 3124 -
823 3089 947 3159 primam
966 3091 1121 3143 commones
1143 3082 1261 3142 insolitu
1281 3100 1315 3142 re
1334 3085 1437 3142 mirari

223 3193 348 3264 primum
365 3193 428 3249 etue
445 3224 478 3232 -
495 3208 553 3250 neu
567 3197 623 3250 tom
638 3209 726 3266 suaper
744 3226 775 3234 -
790 3192 931 3267 capiendo
948 3224 980 3233 -
1002 3197 1143 3267 oppetere.
1159 3191 1230 3250 Bas.
1262 3190 1437 3265 [ltprimum

228 3293 350 3369 quidem
380 3299 452 3372 post
482 3298 585 3354 miron·
610 3298 741 3372 positum
764 3297 880 3356 babent
901 3299 992 3357 etiam
1015 3297 1111 3356 Paris.
1134 3297 1253 3357 bcxz.
1280 3301 1312 3356 et
1332 3299 1438 3374 potest

228 3401 280 3460 bio
300 3402 387 3461 locus
409 3403 598 3462 commodior
619 3402 729 3478 videri,
752 3407 823 3480 quia
845 3404 950 3477 verba,
977 3421 1045 3479 qoae
1067 3405 1249 3463 sententiam
1271 3405 1436 3475 continent,

227 3507 343 3566 arctius
365 3508 445 3566 inter
466 3525 500 3568 se
523 3507 623 3567 iuncta
645 3525 717 3569 asse
738 3510 895 3584 videntur,
927 3511 985 3570 sed
1012 3527 1145 3586 sequeus
1163 3517 1315 3588 postquem
1336 3515 1438 3570 tamen

224 3618 348 3690 mimum
370 3615 457 3676 initio
479 3617 551 3693 poni
578 3616 662 3675 iubet
685 3621 717 3676 et
742 3616 865 3677 luerunt
892 3617 1028 3677 tortasse
1054 3617 1184 3692 librarii,
1215 3618 1268 3693 qui
1288 3617 1349 3676 boc
1370 3634 1438 3676 oum

227 3721 377 3782 concillum
404 3723 531 3798 iungere
556 3721 685 3798 vellent,
716 3739 811 3799 quere
841 3724 1056 3785 auctoritatem
1083 3723 1154 3784 Bos.
1185 3728 1216 3783 et
1240 3724 1438 3802 plurimorum

227 3829 376 3888 librorum
399 3845 520 3903 sequor,
545 3828 603 3887 sod
618 3832 716 3903 primo
738 3835 845 3889 contra
867 3847 974 3890 omnes
996 3831 1083 3891 codd.
1108 3833 1264 3908 corrigere
1291 3829 1438 3890 audacius

228 3935 336 3994 visum.
366 3953 455 4011 quam
483 3937 563 3994 enim
588 3936 688 4012 legem
717 3935 748 3995 in
773 3937 843 4013 ipso
864 3935 1002 3998 Salustio
1025 3938 1182 3998 invenisse
1204 3937 1263 3997 sibi
1285 3937 1437 4010 videntur,

229 4058 267 4100 ea
289 4057 326 4100 ne
348 4042 414 4100 eius
437 4041 558 4116 quidem
581 4042 775 4114 auctoritate,
798 4042 907 4102 nedum
929 4043 1058 4103 aliorum
1078 4044 1262 4120 scriptorum
1285 4061 1340 4102 usu
1361 4058 1437 4101 oon·

229 4151 372 4211 firmatur.

311 4265 444 4333 oppetere
464 4277 522 4334 up.
537 4277 564 4319 r.
586 4261 667 4334 quod
690 4259 843 4320 Salustius
865 4277 903 4324 eo
925 4259 1056 4320 consilio
1084 4262 1229 4336 posuisse
1250 4258 1382 4330 videtur,
1405 4259 1438 4315 ut

229 4367 384 4441 propriam
406 4367 530 4442 petendi
551 4367 708 4426 notionem
733 4365 919 4426 excluderet.
959 4367 997 4426 Ut
1025 4366 1104 4426 enim
1132 4366 1163 4424 in
1185 4363 1438 4424 antecedentibus

229 4487 268 4530 eo
289 4473 442 4532 vocabulo
465 4491 536 4532 usus
559 4477 637 4547 erat,
665 4478 699 4533 ut
720 4474 809 4534 Marii
832 4491 934 4533 mores
956 4479 988 4532 et
1009 4473 1162 4550 ingenium
1183 4469 1293 4530 melius
1314 4468 1438 4546 perspi-

230 4581 361 4654 ceretur,
384 4580 426 4638 ita
448 4579 507 4638 boo
529 4580 599 4639 loco
621 4580 682 4638 boc
704 4581 833 4640 verbnm
856 4580 1006 4656 adhibuit,
1026 4585 1060 4640 ut
1074 4577 1219 4639 Metellus
1234 4577 1362 4637 lllarium
1378 4591 1438 4634 non

230 4684 321 4744 modo
343 4685 524 4746 dehortatus
546 4702 618 4746 esse
640 4686 805 4760 videretur,
828 4685 883 4746 sed
906 4685 996 4745 simol
1018 4686 1084 4746 eius
1105 4686 1267 4744 accusaret
1286 4697 1439 4756 arrogan-
