3554 5600
1266 658 1333 727 197

129 855 315 938 divisionis,
346 878 431 948 grex
447 855 516 950 ipse
538 854 701 927 sodalium
714 855 864 928 Catilinae
878 857 1080 926 truculentus
1097 864 1333 948 atqueamens:

128 980 225 1052 cuius
255 981 290 1049 in
323 1003 425 1052 manu
456 1003 524 1050 non
555 981 710 1072 exiguam
744 979 907 1050 rationem
940 979 1040 1050 luisse
1065 979 1209 1051 diximus
1241 981 1334 1048 exci-

129 1103 240 1174 unda
258 1103 506 1174 coniurationis.
548 1104 708 1175 Lentulus
733 1103 897 1196 siquidem
924 1113 955 1172 et
972 1101 1148 1193 Cethegus,
1174 1101 1334 1173 terribilia

130 1239 283 1320 portenta
307 1238 426 1298 nostrae
461 1228 598 1299 civitatis
630 1229 791 1322 brriaeque
823 1229 878 1300 vel
907 1227 1101 1300 certissimo
1127 1227 1240 1322 populi
1265 1229 1334 1298 Ro·

131 1352 235 1432 mani,
268 1353 373 1422 multa
398 1351 439 1422 de
466 1352 692 1444 magnitudine
717 1374 778 1422 sua
803 1352 837 1422 in
863 1351 941 1445 ipsis
967 1351 1191 1433 concionibus,
1228 1351 1334 1422 multa

130 1473 174 1544 de
200 1475 360 1566 dignitate
386 1475 517 1568 imperii
541 1477 592 1546 sui
617 1476 718 1547 futuri
743 1477 854 1568 palam
879 1476 1060 1570 predicare
1082 1487 1333 1558 consueverunt,

132 1611 291 1692 tanquam
317 1599 345 1669 si
369 1601 518 1670 Deorum
543 1599 778 1670 immortalium
804 1600 948 1670 concilio
973 1600 1204 1671 interluissent.

207 1747 328 1795 xxvnr.
379 1725 527 1796 Primum
553 1727 713 1796 Lentulus
738 1725 772 1794 in
802 1725 895 1796 libris
920 1727 1091 1820 Sibyllinis
1117 1726 1228 1796 nescio
1253 1725 1333 1819 quid

130 1871 167 1918 se
194 1849 400 1942 perspexisse
425 1849 636 1942 praedicabat,
672 1848 761 1943 quod
786 1849 848 1921 viri
873 1849 1055 1920 acutissimi
1079 1860 1178 1942 atque
1202 1847 1334 1942 peritis-

130 1973 221 2054 simi,
249 1976 287 2043 L.
306 1972 479 2044 Cornelius
504 1996 543 2043 ac
569 1973 630 2044 Cn.
649 1973 734 2056 Piso,
762 1974 911 2044 custodes
937 1973 1148 2067 publicarum
1174 1995 1334 2043 caeremo-

131 2097 277 2178 niarum,
302 2119 513 2190 nequaquam
531 2098 718 2190 prospicere
740 2109 926 2190 potuerunt.
969 2099 1094 2168 Lucem
1120 2119 1264 2191 namque
1289 2098 1335 2167 ait

132 2221 247 2290 nescio
286 2243 386 2312 quam
422 2221 463 2291 de
498 2220 597 2292 domo
628 2222 781 2293 Cornelia
813 2222 980 2314 quondam
1014 2220 1216 2314 prodituram
1252 2221 1333 2301 lore,

131 2366 208 2438 qam
242 2344 351 2436 gloria
383 2344 526 2414 nominis
553 2345 605 2417 sui
629 2347 816 2416 Romanum
848 2346 1024 2438 imperium
1055 2344 1154 2414 simul
1184 2354 1217 2414 et
1241 2365 1334 2412 com-

132 2469 274 2561 plexura
299 2469 340 2538 sit
363 2478 397 2539 et
422 2469 639 2539 illustratura:
678 2491 784 2562 eoque
818 2491 941 2560 genere
971 2469 1116 2539 vaticinii
1142 2468 1333 2559 dignitatem

132 2615 227 2663 suam
260 2593 413 2686 portendi
451 2592 593 2664 letaliter
630 2595 756 2686 putavit
798 2594 963 2687 planeque
997 2593 1151 2686 opinatur
1188 2590 1246 2660 lati
1282 2589 1333 2660 sui

133 2717 301 2788 rationem
326 2716 360 2786 in
391 2719 460 2810 ipsa
494 2719 619 2788 latebra
645 2717 816 2811 Sibyllina·
849 2716 1072 2798 divinationis,
1112 2729 1269 2809 tanquam
1299 2715 1333 2783 in

133 2864 221 2936 equo
246 2841 404 2925 Troiano,
439 2842 696 2913 delitescentem.
747 2843 821 2933 Ego
846 2864 924 2911 veru
950 2840 1111 2933 Sibyllam
1136 2840 1206 2910 sine
1232 2838 1335 2910 dubio

133 2965 410 3058 sapientissimam
427 2966 601 3039 mulierem
623 2967 721 3037 luisse
747 2965 869 3046 iudico,
895 2964 1066 3056 visamque
1093 2964 1246 3034 idoneam
1263 2962 1335 3034 Diis

134 3090 389 3174 immortalibus,
424 3091 478 3161 cui
502 3090 705 3182 singularem
731 3089 899 3182 quandam
925 3089 992 3159 vim
1017 3086 1186 3160 divinandi
1212 3109 1335 3159 conce-

134 3215 268 3284 derent:
294 3235 412 3286 verum
437 3215 530 3286 illam
555 3215 695 3285 deliram
719 3214 850 3306 penitus
876 3237 915 3283 ac
941 3237 1074 3306 prorsus
1096 3237 1217 3286 cacam
1236 3214 1334 3285 luisse

134 3339 349 3422 affirmarem,
375 3338 521 3432 siquam
546 3361 638 3431 spem
660 3338 826 3430 dignitatis
851 3336 884 3405 in
910 3336 975 3407 bac
999 3337 1226 3410 crudelissima
1243 3349 1335 3430 peste

135 3463 343 3558 reposuisset.
394 3463 429 3532 Si
455 3463 535 3557 qnid
560 3473 670 3533 tamen
696 3463 854 3533 cecinisse
882 3462 952 3532 visa
978 3475 1036 3544 est,
1070 3463 1159 3556 qnod
1184 3463 1226 3532 ad
1252 3463 1335 3534 Cor·
1476 3469 1478 3474 '

136 3589 261 3659 neliam
286 3595 421 3679 gentem
445 3586 611 3679 pertinere
637 3585 813 3668 videretur,
839 3587 906 3656 vim
932 3609 1066 3657 omnem
1091 3587 1180 3658 illius
1205 3586 1336 3657 divina-

137 3713 233 3784 tionis
260 3713 296 3780 in
321 3732 390 3781 nno
419 3713 458 3782 L.
485 3710 576 3804 Sylla
610 3721 836 3804 consumptam
870 3711 971 3782 luisse
1004 3711 1200 3795 iudicemus,
1242 3712 1335 3782 cuius

137 3838 234 3928 paulo
260 3846 338 3907 ante
363 3836 571 3929 respublica
595 3835 697 3905 sensit
722 3845 753 3904 et
778 3834 1041 3906 crudelissimam
1066 3836 1166 3906 simul
1202 3845 1234 3906 et
1263 3857 1336 3905 am-

137 3961 319 4053 plissimam
338 3971 542 4054 potestatem.
585 3962 653 4030 Nec
679 3981 742 4052 ego
759 3961 847 4030 Deos
873 3961 1073 4030 immortales
1099 3959 1179 4031 buic
1195 3959 1335 4052 imperio

138 4095 200 4155 tam
235 4086 372 4156 interos
405 4107 476 4156 esse
506 4107 583 4156 reor
616 4107 725 4176 neque
760 4107 780 4152 a
812 4085 918 4154 salute
949 4083 1063 4178 populi
1094 4083 1235 4154 Romani
1267 4093 1334 4152 tam

138 4208 363 4290 abhorrentes,
385 4218 422 4279 ut
437 4208 566 4278 bomini
583 4207 829 4279 dementissimo
846 4230 988 4300 regnum
1005 4208 1222 4279 concederent
1238 4206 1336 4276 buius

138 4333 350 4404 unctissimas
375 4343 473 4426 atque
498 4332 632 4426 optimae
657 4331 808 4404 civitatis.
847 4332 972 4426 Syllam
989 4332 1134 4424 pmlectu
1160 4331 1336 4402 crudelitas

140 4455 231 4528 vicit:
266 4469 301 4528 at
334 4458 405 4550 ipse
434 4457 654 4528 maximarum
690 4456 823 4527 laudem
854 4457 1012 4529 virtutum
1046 4467 1078 4526 ot
1111 4457 1159 4526 rei
1184 4454 1335 4526 militaris

139 4601 299 4652 summam
332 4605 371 4653 ao
405 4583 607 4674 singularem
645 4581 786 4673 gloriam
822 4593 1015 4652 consecutus
1048 4591 1106 4650 est.
1159 4580 1335 4651 Lentulum

141 4727 216 4776 vero
246 4709 346 4779 nullae
371 4708 514 4778 victoria
539 4717 657 4778 nostra
683 4705 818 4788 civitati,
845 4706 973 4778 nullum
995 4705 1138 4776 studium
1157 4727 1334 4782 armorum,
