<?xml version="1.0" encoding="UTF-8"?>
<!DOCTYPE html PUBLIC "-//W3C//DTD XHTML 1.0 Transitional//EN"
    "http://www.w3.org/TR/xhtml1/DTD/xhtml1-transitional.dtd">
<html xmlns="http://www.w3.org/1999/xhtml" xml:lang="en" lang="en">
 <head>
  <title>
</title>
<meta http-equiv="Content-Type" content="text/html;charset=utf-8" />
  <meta name='ocr-system' content='tesseract 3.04.00' />
  <meta name='ocr-capabilities' content='ocr_page ocr_carea ocr_par ocr_line ocrx_word'/>
</head>
<body>
  <div class='ocr_page' id='page_1' title='image "./gaisalustiicris00rothgoog_0576.png"; bbox 0 0 3702 5600; ppageno 0'>
   <div class='ocr_carea' id='block_1_1' title="bbox 1364 657 1436 728">
    <p class='ocr_par' dir='ltr' id='par_1_1' title="bbox 1364 657 1436 728">
     <span class='ocr_line' id='line_1_1' title="bbox 1364 657 1436 728; baseline 0 0"><span class='ocrx_word' id='word_1_1' title='bbox 1364 657 1436 728; x_wconf 81' lang='lat'>539</span> 
     </span>
    </p>
   </div>
   <div class='ocr_carea' id='block_1_2' title="bbox 227 856 1437 4785">
    <p class='ocr_par' dir='ltr' id='par_1_2' title="bbox 228 856 1437 2967">
     <span class='ocr_line' id='line_1_2' title="bbox 230 856 1436 937; baseline -0.007 -15"><span class='ocrx_word' id='word_1_2' title='bbox 230 863 325 923; x_wconf 83' lang='lat' dir='ltr'>Uticae</span> <span class='ocrx_word' id='word_1_3' title='bbox 346 862 449 937; x_wconf 84' lang='lat' dir='ltr'>fuerit,</span> <span class='ocrx_word' id='word_1_4' title='bbox 470 878 509 921; x_wconf 91' lang='lat' dir='ltr'>ne</span> <span class='ocrx_word' id='word_1_5' title='bbox 531 861 685 920; x_wconf 87' lang='lat' dir='ltr'>exereitus</span> <span class='ocrx_word' id='word_1_6' title='bbox 705 859 858 920; x_wconf 84' lang='lat' dir='ltr'>Romanus</span> <span class='ocrx_word' id='word_1_7' title='bbox 879 859 956 918; x_wconf 89' lang='lat' dir='ltr'>mari</span> <span class='ocrx_word' id='word_1_8' title='bbox 977 861 1010 918; x_wconf 89' lang='lat' dir='ltr'>et</span> <span class='ocrx_word' id='word_1_9' title='bbox 1026 859 1196 918; x_wconf 83' lang='lat' dir='ltr'>commeatu</span> <span class='ocrx_word' id='word_1_10' title='bbox 1209 856 1436 916; x_wconf 88' lang='lat' dir='ltr'>intereludere-</span> 
     </span>
     <span class='ocr_line' id='line_1_3' title="bbox 230 962 1436 1046; baseline -0.007 -16"><span class='ocrx_word' id='word_1_11' title='bbox 230 979 289 1045; x_wconf 91' lang='lat' dir='ltr'>tur,</span> <span class='ocrx_word' id='word_1_12' title='bbox 310 971 377 1030; x_wconf 86' lang='lat' dir='ltr'>fieri</span> <span class='ocrx_word' id='word_1_13' title='bbox 399 987 457 1028; x_wconf 88' lang='lat' dir='ltr'>non</span> <span class='ocrx_word' id='word_1_14' title='bbox 479 971 592 1046; x_wconf 83' lang='lat' dir='ltr'>potest,</span> <span class='ocrx_word' id='word_1_15' title='bbox 614 974 647 1028; x_wconf 91' lang='lat' dir='ltr'>ut</span> <span class='ocrx_word' id='word_1_16' title='bbox 668 969 759 1028; x_wconf 89' lang='lat' dir='ltr'>etiam</span> <span class='ocrx_word' id='word_1_17' title='bbox 781 967 866 1027; x_wconf 90' lang='lat' dir='ltr'>Sulla</span> <span class='ocrx_word' id='word_1_18' title='bbox 887 968 918 1026; x_wconf 88' lang='lat' dir='ltr'>in</span> <span class='ocrx_word' id='word_1_19' title='bbox 939 967 1048 1026; x_wconf 83' lang='lat' dir='ltr'>cedern</span> <span class='ocrx_word' id='word_1_20' title='bbox 1069 967 1139 1027; x_wconf 90' lang='lat' dir='ltr'>loco</span> <span class='ocrx_word' id='word_1_21' title='bbox 1161 966 1264 1026; x_wconf 81' lang='lat' dir='ltr'>luerit</span> <span class='ocrx_word' id='word_1_22' title='bbox 1285 976 1374 1040; x_wconf 88' lang='lat' dir='ltr'>quam</span> <span class='ocrx_word' id='word_1_23' title='bbox 1395 962 1436 1022; x_wconf 92' lang='lat' dir='ltr'>ob</span> 
     </span>
     <span class='ocr_line' id='line_1_4' title="bbox 229 1069 1436 1150; baseline -0.006 -15"><span class='ocrx_word' id='word_1_24' title='bbox 229 1094 294 1136; x_wconf 89' lang='lat' dir='ltr'>rem</span> <span class='ocrx_word' id='word_1_25' title='bbox 316 1075 460 1147; x_wconf 73' lang='lat' dir='ltr'>OrellinS,</span> <span class='ocrx_word' id='word_1_26' title='bbox 489 1077 522 1133; x_wconf 92' lang='lat' dir='ltr'>ut</span> <span class='ocrx_word' id='word_1_27' title='bbox 546 1074 684 1133; x_wconf 78' lang='lat' dir='ltr'><strong>lacunam</strong></span> <span class='ocrx_word' id='word_1_28' title='bbox 706 1074 855 1150; x_wconf 82' lang='lat' dir='ltr'>expleret,</span> <span class='ocrx_word' id='word_1_29' title='bbox 883 1073 919 1131; x_wconf 84' lang='lat' dir='ltr'>ad</span> <span class='ocrx_word' id='word_1_30' title='bbox 947 1074 1039 1132; x_wconf 83' lang='lat' dir='ltr'>lircea</span> <span class='ocrx_word' id='word_1_31' title='bbox 1061 1071 1188 1146; x_wconf 84' lang='lat' dir='ltr'>induxit,</span> <span class='ocrx_word' id='word_1_32' title='bbox 1217 1071 1268 1131; x_wconf 87' lang='lat' dir='ltr'>eui</span> <span class='ocrx_word' id='word_1_33' title='bbox 1287 1070 1355 1130; x_wconf 92' lang='lat' dir='ltr'>urbi</span> <span class='ocrx_word' id='word_1_34' title='bbox 1377 1069 1436 1128; x_wconf 89' lang='lat' dir='ltr'>iam</span> 
     </span>
     <span class='ocr_line' id='line_1_5' title="bbox 229 1175 1437 1258; baseline -0.004 -17"><span class='ocrx_word' id='word_1_35' title='bbox 229 1183 308 1242; x_wconf 86' lang='lat' dir='ltr'>bane</span> <span class='ocrx_word' id='word_1_36' title='bbox 329 1183 369 1241; x_wconf 93' lang='lat' dir='ltr'>ob</span> <span class='ocrx_word' id='word_1_37' title='bbox 390 1199 511 1241; x_wconf 89' lang='lat' dir='ltr'>causam</span> <span class='ocrx_word' id='word_1_38' title='bbox 532 1182 621 1241; x_wconf 86' lang='lat' dir='ltr'>loeus</span> <span class='ocrx_word' id='word_1_39' title='bbox 642 1199 713 1241; x_wconf 90' lang='lat' dir='ltr'>esse</span> <span class='ocrx_word' id='word_1_40' title='bbox 733 1198 793 1241; x_wconf 93' lang='lat' dir='ltr'>nou</span> <span class='ocrx_word' id='word_1_41' title='bbox 807 1181 916 1258; x_wconf 91' lang='lat' dir='ltr'>potuit,</span> <span class='ocrx_word' id='word_1_42' title='bbox 939 1180 1020 1255; x_wconf 89' lang='lat' dir='ltr'>quod</span> <span class='ocrx_word' id='word_1_43' title='bbox 1034 1180 1065 1239; x_wconf 93' lang='lat' dir='ltr'>iu</span> <span class='ocrx_word' id='word_1_44' title='bbox 1080 1177 1331 1239; x_wconf 78' lang='lat' dir='ltr'>antecedentibus</span> <span class='ocrx_word' id='word_1_45' title='bbox 1352 1175 1437 1236; x_wconf 93' lang='lat' dir='ltr'>nulla</span> 
     </span>
     <span class='ocr_line' id='line_1_6' title="bbox 230 1284 1435 1363; baseline -0.004 -17"><span class='ocrx_word' id='word_1_46' title='bbox 230 1303 370 1362; x_wconf 86' lang='lat' dir='ltr'>umquam</span> <span class='ocrx_word' id='word_1_47' title='bbox 390 1289 454 1348; x_wconf 88' lang='lat' dir='ltr'>eius</span> <span class='ocrx_word' id='word_1_48' title='bbox 477 1289 588 1346; x_wconf 91' lang='lat' dir='ltr'>mentio</span> <span class='ocrx_word' id='word_1_49' title='bbox 609 1287 692 1347; x_wconf 87' lang='lat' dir='ltr'>lacta</span> <span class='ocrx_word' id='word_1_50' title='bbox 714 1287 824 1363; x_wconf 85' lang='lat' dir='ltr'>luerat,</span> <span class='ocrx_word' id='word_1_51' title='bbox 844 1302 944 1360; x_wconf 86' lang='lat' dir='ltr'>neque</span> <span class='ocrx_word' id='word_1_52' title='bbox 965 1284 1080 1344; x_wconf 84' lang='lat' dir='ltr'>Sullam</span> <span class='ocrx_word' id='word_1_53' title='bbox 1102 1285 1132 1343; x_wconf 93' lang='lat' dir='ltr'>iu</span> <span class='ocrx_word' id='word_1_54' title='bbox 1153 1285 1230 1343; x_wconf 91' lang='lat' dir='ltr'>urbe</span> <span class='ocrx_word' id='word_1_55' title='bbox 1245 1288 1347 1343; x_wconf 92' lang='lat' dir='ltr'>castra</span> <span class='ocrx_word' id='word_1_56' title='bbox 1368 1285 1435 1342; x_wconf 85' lang='lat' dir='ltr'>sta-</span> 
     </span>
     <span class='ocr_line' id='line_1_7' title="bbox 231 1371 1434 1472; baseline -0.003 -20"><span class='ocrx_word' id='word_1_57' title='bbox 231 1395 295 1453; x_wconf 90' lang='lat' dir='ltr'>tiva</span> <span class='ocrx_word' id='word_1_58' title='bbox 316 1395 462 1455; x_wconf 85' lang='lat' dir='ltr'>babuisse</span> <span class='ocrx_word' id='word_1_59' title='bbox 483 1396 645 1472; x_wconf 81' lang='lat' dir='ltr'>probabile</span> <span class='ocrx_word' id='word_1_60' title='bbox 666 1400 723 1454; x_wconf 91' lang='lat' dir='ltr'>est.</span> <span class='ocrx_word' id='word_1_61' title='bbox 758 1371 829 1462; x_wconf 75' lang='lat' dir='ltr'>Quae</span> <span class='ocrx_word' id='word_1_62' title='bbox 852 1393 973 1468; x_wconf 86' lang='lat' dir='ltr'>quidem</span> <span class='ocrx_word' id='word_1_63' title='bbox 995 1393 1129 1452; x_wconf 84' lang='lat' dir='ltr'>sirecte</span> <span class='ocrx_word' id='word_1_64' title='bbox 1150 1409 1168 1450; x_wconf 93' lang='lat' dir='ltr'>a</span> <span class='ocrx_word' id='word_1_65' title='bbox 1189 1407 1238 1450; x_wconf 91' lang='lat' dir='ltr'>me</span> <span class='ocrx_word' id='word_1_66' title='bbox 1256 1391 1339 1450; x_wconf 83' lang='lat' dir='ltr'>dieta</span> <span class='ocrx_word' id='word_1_67' title='bbox 1355 1393 1434 1463; x_wconf 88' lang='lat' dir='ltr'>sunt,</span> 
     </span>
     <span class='ocr_line' id='line_1_8' title="bbox 229 1498 1436 1578; baseline -0.002 -21"><span class='ocrx_word' id='word_1_68' title='bbox 229 1501 327 1560; x_wconf 88' lang='lat' dir='ltr'>verba</span> <span class='ocrx_word' id='word_1_69' title='bbox 353 1503 388 1561; x_wconf 86' lang='lat' dir='ltr'>ab</span> <span class='ocrx_word' id='word_1_70' title='bbox 419 1503 499 1562; x_wconf 82' lang='lat' dir='ltr'>lltica</span> <span class='ocrx_word' id='word_1_71' title='bbox 524 1507 598 1578; x_wconf 91' lang='lat' dir='ltr'>post</span> <span class='ocrx_word' id='word_1_72' title='bbox 622 1501 731 1562; x_wconf 80' lang='lat' dir='ltr'>Sullam</span> <span class='ocrx_word' id='word_1_73' title='bbox 759 1517 816 1577; x_wconf 91' lang='lat' dir='ltr'>pro</span> <span class='ocrx_word' id='word_1_74' title='bbox 842 1516 925 1559; x_wconf 87' lang='lat' dir='ltr'>mera</span> <span class='ocrx_word' id='word_1_75' title='bbox 952 1499 1060 1576; x_wconf 84' lang='lat' dir='ltr'>glossa</span> <span class='ocrx_word' id='word_1_76' title='bbox 1085 1498 1226 1558; x_wconf 91' lang='lat' dir='ltr'>habenda</span> <span class='ocrx_word' id='word_1_77' title='bbox 1256 1502 1334 1574; x_wconf 76' lang='lat' dir='ltr'>sunt,</span> <span class='ocrx_word' id='word_1_78' title='bbox 1368 1513 1436 1572; x_wconf 82' lang='lat' dir='ltr'>quae</span> 
     </span>
     <span class='ocr_line' id='line_1_9' title="bbox 230 1603 1434 1683; baseline -0.002 -18"><span class='ocrx_word' id='word_1_79' title='bbox 230 1617 282 1666; x_wconf 86' lang='lat' dir='ltr'>aut</span> <span class='ocrx_word' id='word_1_80' title='bbox 297 1607 492 1668; x_wconf 84' lang='lat' dir='ltr'>librariorum</span> <span class='ocrx_word' id='word_1_81' title='bbox 506 1609 643 1668; x_wconf 87' lang='lat' dir='ltr'>inventio</span> <span class='ocrx_word' id='word_1_82' title='bbox 660 1613 716 1683; x_wconf 90' lang='lat' dir='ltr'>est,</span> <span class='ocrx_word' id='word_1_83' title='bbox 737 1613 790 1667; x_wconf 91' lang='lat' dir='ltr'>aut</span> <span class='ocrx_word' id='word_1_84' title='bbox 806 1623 913 1667; x_wconf 92' lang='lat' dir='ltr'>errore</span> <span class='ocrx_word' id='word_1_85' title='bbox 933 1623 971 1665; x_wconf 84' lang='lat' dir='ltr'>ex</span> <span class='ocrx_word' id='word_1_86' title='bbox 985 1605 1132 1665; x_wconf 82' lang='lat' dir='ltr'>interiore</span> <span class='ocrx_word' id='word_1_87' title='bbox 1148 1606 1230 1665; x_wconf 88' lang='lat' dir='ltr'>linea</span> <span class='ocrx_word' id='word_1_88' title='bbox 1245 1606 1276 1664; x_wconf 91' lang='lat' dir='ltr'>in</span> <span class='ocrx_word' id='word_1_89' title='bbox 1291 1603 1434 1680; x_wconf 82' lang='lat' dir='ltr'>superio-</span> 
     </span>
     <span class='ocr_line' id='line_1_10' title="bbox 229 1710 1435 1792; baseline -0.002 -20"><span class='ocrx_word' id='word_1_90' title='bbox 229 1731 294 1773; x_wconf 87' lang='lat' dir='ltr'>rem</span> <span class='ocrx_word' id='word_1_91' title='bbox 316 1717 498 1792; x_wconf 89' lang='lat' dir='ltr'>transcripta</span> <span class='ocrx_word' id='word_1_92' title='bbox 521 1721 579 1776; x_wconf 90' lang='lat' dir='ltr'>est.</span> <span class='ocrx_word' id='word_1_93' title='bbox 608 1715 674 1774; x_wconf 90' lang='lat' dir='ltr'>lloe</span> <span class='ocrx_word' id='word_1_94' title='bbox 700 1716 779 1774; x_wconf 86' lang='lat' dir='ltr'>eninr</span> <span class='ocrx_word' id='word_1_95' title='bbox 804 1714 889 1773; x_wconf 93' lang='lat' dir='ltr'>nullo</span> <span class='ocrx_word' id='word_1_96' title='bbox 911 1714 1002 1773; x_wconf 90' lang='lat' dir='ltr'>modo</span> <span class='ocrx_word' id='word_1_97' title='bbox 1026 1714 1093 1772; x_wconf 88' lang='lat' dir='ltr'>fieri</span> <span class='ocrx_word' id='word_1_98' title='bbox 1120 1713 1233 1789; x_wconf 86' lang='lat' dir='ltr'>potest,</span> <span class='ocrx_word' id='word_1_99' title='bbox 1265 1715 1298 1770; x_wconf 92' lang='lat' dir='ltr'>ut</span> <span class='ocrx_word' id='word_1_100' title='bbox 1319 1710 1435 1770; x_wconf 79' lang='lat' dir='ltr'><strong>Sullam</strong></span> 
     </span>
     <span class='ocr_line' id='line_1_11' title="bbox 230 1819 1435 1900; baseline -0.004 -20"><span class='ocrx_word' id='word_1_101' title='bbox 230 1821 326 1880; x_wconf 86' lang='lat' dir='ltr'>Uticae</span> <span class='ocrx_word' id='word_1_102' title='bbox 347 1827 398 1882; x_wconf 90' lang='lat' dir='ltr'>aut</span> <span class='ocrx_word' id='word_1_103' title='bbox 420 1822 528 1882; x_wconf 89' lang='lat' dir='ltr'>eodem</span> <span class='ocrx_word' id='word_1_104' title='bbox 550 1839 609 1898; x_wconf 90' lang='lat' dir='ltr'>quo</span> <span class='ocrx_word' id='word_1_105' title='bbox 631 1826 793 1900; x_wconf 77' lang='lat' dir='ltr'>praetorem</span> <span class='ocrx_word' id='word_1_106' title='bbox 812 1822 881 1881; x_wconf 93' lang='lat' dir='ltr'>loco</span> <span class='ocrx_word' id='word_1_107' title='bbox 905 1819 1002 1880; x_wconf 87' lang='lat' dir='ltr'>luisse</span> <span class='ocrx_word' id='word_1_108' title='bbox 1031 1823 1207 1895; x_wconf 85' lang='lat' dir='ltr'>statuamus,</span> <span class='ocrx_word' id='word_1_109' title='bbox 1230 1821 1336 1878; x_wconf 90' lang='lat' dir='ltr'>contra</span> <span class='ocrx_word' id='word_1_110' title='bbox 1351 1833 1435 1894; x_wconf 80' lang='lat' dir='ltr'>prae-</span> 
     </span>
     <span class='ocr_line' id='line_1_12' title="bbox 231 1924 1436 2003; baseline -0.004 -16"><span class='ocrx_word' id='word_1_111' title='bbox 231 1931 329 1987; x_wconf 90' lang='lat' dir='ltr'>torem</span> <span class='ocrx_word' id='word_1_112' title='bbox 350 1929 394 1988; x_wconf 90' lang='lat' dir='ltr'>ibi</span> <span class='ocrx_word' id='word_1_113' title='bbox 420 1930 525 1989; x_wconf 87' lang='lat' dir='ltr'>sedem</span> <span class='ocrx_word' id='word_1_114' title='bbox 552 1930 583 1988; x_wconf 90' lang='lat' dir='ltr'>et</span> <span class='ocrx_word' id='word_1_115' title='bbox 609 1929 795 1988; x_wconf 83' lang='lat' dir='ltr'>domicilium</span> <span class='ocrx_word' id='word_1_116' title='bbox 820 1927 976 2001; x_wconf 89' lang='lat' dir='ltr'>habuisse,</span> <span class='ocrx_word' id='word_1_117' title='bbox 1011 1927 1062 1986; x_wconf 91' lang='lat' dir='ltr'>ubi</span> <span class='ocrx_word' id='word_1_118' title='bbox 1091 1933 1122 1987; x_wconf 90' lang='lat' dir='ltr'>et</span> <span class='ocrx_word' id='word_1_119' title='bbox 1147 1926 1224 1985; x_wconf 91' lang='lat' dir='ltr'>belli</span> <span class='ocrx_word' id='word_1_120' title='bbox 1249 1924 1376 2003; x_wconf 83' lang='lat' dir='ltr'>gerendi</span> <span class='ocrx_word' id='word_1_121' title='bbox 1403 1926 1436 1983; x_wconf 89' lang='lat' dir='ltr'>et</span> 
     </span>
     <span class='ocr_line' id='line_1_13' title="bbox 230 2029 1434 2113; baseline -0.003 -19"><span class='ocrx_word' id='word_1_122' title='bbox 230 2038 416 2096; x_wconf 88' lang='lat' dir='ltr'>commeatus</span> <span class='ocrx_word' id='word_1_123' title='bbox 438 2036 621 2113; x_wconf 83' lang='lat' dir='ltr'>expediendi</span> <span class='ocrx_word' id='word_1_124' title='bbox 642 2053 735 2095; x_wconf 89' lang='lat' dir='ltr'>causa</span> <span class='ocrx_word' id='word_1_125' title='bbox 753 2034 820 2094; x_wconf 85' lang='lat' dir='ltr'>iere</span> <span class='ocrx_word' id='word_1_126' title='bbox 837 2033 1044 2095; x_wconf 86' lang='lat' dir='ltr'>necessarium</span> <span class='ocrx_word' id='word_1_127' title='bbox 1061 2049 1132 2093; x_wconf 88' lang='lat' dir='ltr'>esse</span> <span class='ocrx_word' id='word_1_128' title='bbox 1146 2033 1317 2092; x_wconf 87' lang='lat' dir='ltr'>videbatur.</span> <span class='ocrx_word' id='word_1_129' title='bbox 1348 2029 1434 2090; x_wconf 88' lang='lat' dir='ltr'>Unde</span> 
     </span>
     <span class='ocr_line' id='line_1_14' title="bbox 231 2137 1434 2217; baseline -0.004 -16"><span class='ocrx_word' id='word_1_130' title='bbox 231 2143 307 2202; x_wconf 90' lang='lat' dir='ltr'>satis</span> <span class='ocrx_word' id='word_1_131' title='bbox 323 2147 408 2201; x_wconf 90' lang='lat' dir='ltr'>reete</span> <span class='ocrx_word' id='word_1_132' title='bbox 423 2142 537 2202; x_wconf 88' lang='lat' dir='ltr'>iecisse</span> <span class='ocrx_word' id='word_1_133' title='bbox 553 2143 702 2217; x_wconf 90' lang='lat' dir='ltr'>videntur,</span> <span class='ocrx_word' id='word_1_134' title='bbox 725 2142 776 2216; x_wconf 87' lang='lat' dir='ltr'>qni</span> <span class='ocrx_word' id='word_1_135' title='bbox 790 2143 886 2201; x_wconf 91' lang='lat' dir='ltr'>verba</span> <span class='ocrx_word' id='word_1_136' title='bbox 907 2142 943 2200; x_wconf 80' lang='lat' dir='ltr'>ot</span> <span class='ocrx_word' id='word_1_137' title='bbox 964 2141 1043 2200; x_wconf 81' lang='lat' dir='ltr'>Utica</span> <span class='ocrx_word' id='word_1_138' title='bbox 1063 2141 1170 2216; x_wconf 89' lang='lat' dir='ltr'>priore</span> <span class='ocrx_word' id='word_1_139' title='bbox 1191 2139 1261 2198; x_wconf 92' lang='lat' dir='ltr'>loeo</span> <span class='ocrx_word' id='word_1_140' title='bbox 1285 2137 1434 2212; x_wconf 88' lang='lat' dir='ltr'>delerent,</span> 
     </span>
     <span class='ocr_line' id='line_1_15' title="bbox 230 2244 1435 2325; baseline -0.004 -18"><span class='ocrx_word' id='word_1_141' title='bbox 230 2265 329 2323; x_wconf 86' lang='lat' dir='ltr'>neque</span> <span class='ocrx_word' id='word_1_142' title='bbox 344 2265 424 2308; x_wconf 89' lang='lat' dir='ltr'>nova</span> <span class='ocrx_word' id='word_1_143' title='bbox 441 2249 547 2307; x_wconf 79' lang='lat' dir='ltr'>illaad</span> <span class='ocrx_word' id='word_1_144' title='bbox 563 2251 655 2308; x_wconf 82' lang='lat' dir='ltr'>lacco</span> <span class='ocrx_word' id='word_1_145' title='bbox 665 2248 869 2308; x_wconf 75' lang='lat' dir='ltr'>admitterent.</span> <span class='ocrx_word' id='word_1_146' title='bbox 885 2253 990 2307; x_wconf 90' lang='lat' dir='ltr'>contra</span> <span class='ocrx_word' id='word_1_147' title='bbox 1006 2253 1077 2325; x_wconf 89' lang='lat' dir='ltr'>post</span> <span class='ocrx_word' id='word_1_148' title='bbox 1087 2246 1158 2305; x_wconf 85' lang='lat' dir='ltr'>Bell.</span> <span class='ocrx_word' id='word_1_149' title='bbox 1169 2252 1322 2321; x_wconf 78' lang='lat' dir='ltr'>praetorem</span> <span class='ocrx_word' id='word_1_150' title='bbox 1336 2244 1435 2303; x_wconf 87' lang='lat' dir='ltr'>omitti</span> 
     </span>
     <span class='ocr_line' id='line_1_16' title="bbox 229 2353 1433 2435; baseline -0.003 -20"><span class='ocrx_word' id='word_1_151' title='bbox 229 2373 288 2416; x_wconf 92' lang='lat' dir='ltr'>uon</span> <span class='ocrx_word' id='word_1_152' title='bbox 310 2362 416 2435; x_wconf 87' lang='lat' dir='ltr'>potest</span> <span class='ocrx_word' id='word_1_153' title='bbox 440 2359 475 2417; x_wconf 82' lang='lat' dir='ltr'>ab</span> <span class='ocrx_word' id='word_1_154' title='bbox 503 2360 590 2418; x_wconf 74' lang='lat' dir='ltr'>Uace.</span> <span class='ocrx_word' id='word_1_155' title='bbox 609 2391 645 2400; x_wconf 95' lang='lat'>—</span> <span class='ocrx_word' id='word_1_156' title='bbox 667 2359 718 2419; x_wconf 85' lang='lat' dir='ltr'>Ca.</span> <span class='ocrx_word' id='word_1_157' title='bbox 738 2359 854 2416; x_wconf 81' lang='lat' dir='ltr'>Octauio</span> <span class='ocrx_word' id='word_1_158' title='bbox 874 2357 950 2434; x_wconf 77' lang='lat' dir='ltr'>liufo</span> <span class='ocrx_word' id='word_1_159' title='bbox 973 2357 1017 2416; x_wconf 90' lang='lat' dir='ltr'>ita</span> <span class='ocrx_word' id='word_1_160' title='bbox 1035 2356 1121 2431; x_wconf 83' lang='lat' dir='ltr'>Pigh.</span> <span class='ocrx_word' id='word_1_161' title='bbox 1137 2353 1244 2414; x_wconf 87' lang='lat' dir='ltr'>Annal.</span> <span class='ocrx_word' id='word_1_162' title='bbox 1260 2371 1302 2412; x_wconf 85' lang='lat' dir='ltr'>nr.</span> <span class='ocrx_word' id='word_1_163' title='bbox 1323 2369 1352 2428; x_wconf 93' lang='lat' dir='ltr'>p.</span> <span class='ocrx_word' id='word_1_164' title='bbox 1366 2353 1433 2423; x_wconf 87' lang='grc'><strong>139,</strong></span> 
     </span>
     <span class='ocr_line' id='line_1_17' title="bbox 229 2459 1433 2542; baseline -0.005 -20"><span class='ocrx_word' id='word_1_165' title='bbox 229 2465 319 2540; x_wconf 87' lang='lat' dir='ltr'>pauci</span> <span class='ocrx_word' id='word_1_166' title='bbox 328 2463 451 2524; x_wconf 84' lang='lat' dir='ltr'>Gruteri</span> <span class='ocrx_word' id='word_1_167' title='bbox 463 2464 542 2524; x_wconf 89' lang='lat' dir='ltr'>libri.</span> <span class='ocrx_word' id='word_1_168' title='bbox 566 2465 679 2542; x_wconf 81' lang='lat' dir='ltr'>Rusone</span> <span class='ocrx_word' id='word_1_169' title='bbox 690 2465 781 2540; x_wconf 84' lang='lat' dir='ltr'>lange</span> <span class='ocrx_word' id='word_1_170' title='bbox 791 2464 919 2540; x_wconf 90' lang='lat' dir='ltr'>plurimi.</span> <span class='ocrx_word' id='word_1_171' title='bbox 933 2463 1012 2522; x_wconf 91' lang='lat' dir='ltr'>unde</span> <span class='ocrx_word' id='word_1_172' title='bbox 1022 2462 1155 2522; x_wconf 88' lang='lat' dir='ltr'>Orellius</span> <span class='ocrx_word' id='word_1_173' title='bbox 1169 2461 1301 2520; x_wconf 87' lang='lat' dir='ltr'>coniecit</span> <span class='ocrx_word' id='word_1_174' title='bbox 1309 2459 1433 2531; x_wconf 76' lang='lat' dir='ltr'>Raearw,</span> 
     </span>
     <span class='ocr_line' id='line_1_18' title="bbox 229 2564 1432 2647; baseline -0.002 -18"><span class='ocrx_word' id='word_1_175' title='bbox 229 2571 311 2646; x_wconf 86' lang='lat' dir='ltr'>quod</span> <span class='ocrx_word' id='word_1_176' title='bbox 333 2570 454 2646; x_wconf 88' lang='lat' dir='ltr'>quidem</span> <span class='ocrx_word' id='word_1_177' title='bbox 477 2571 636 2630; x_wconf 88' lang='lat' dir='ltr'>multarum</span> <span class='ocrx_word' id='word_1_178' title='bbox 659 2569 841 2630; x_wconf 81' lang='lat' dir='ltr'>familiarum</span> <span class='ocrx_word' id='word_1_179' title='bbox 864 2587 1032 2647; x_wconf 77' lang='lat' dir='ltr'>cognomen</span> <span class='ocrx_word' id='word_1_180' title='bbox 1055 2569 1121 2630; x_wconf 86' lang='lat' dir='ltr'>luit.</span> <span class='ocrx_word' id='word_1_181' title='bbox 1158 2568 1220 2628; x_wconf 89' lang='lat' dir='ltr'>Sed</span> <span class='ocrx_word' id='word_1_182' title='bbox 1243 2567 1283 2627; x_wconf 91' lang='lat' dir='ltr'>de</span> <span class='ocrx_word' id='word_1_183' title='bbox 1304 2564 1432 2626; x_wconf 86' lang='lat' dir='ltr'>Octavia</span> 
     </span>
     <span class='ocr_line' id='line_1_19' title="bbox 230 2672 1432 2752; baseline -0.003 -18"><span class='ocrx_word' id='word_1_184' title='bbox 230 2693 290 2735; x_wconf 92' lang='lat' dir='ltr'>non</span> <span class='ocrx_word' id='word_1_185' title='bbox 312 2678 389 2736; x_wconf 89' lang='lat' dir='ltr'>satis</span> <span class='ocrx_word' id='word_1_186' title='bbox 411 2683 527 2737; x_wconf 90' lang='lat' dir='ltr'>certum</span> <span class='ocrx_word' id='word_1_187' title='bbox 550 2682 606 2737; x_wconf 81' lang='lat' dir='ltr'>est.</span> <span class='ocrx_word' id='word_1_188' title='bbox 633 2678 838 2752; x_wconf 74' lang='lat' dir='ltr'>adportaverat</span> <span class='ocrx_word' id='word_1_189' title='bbox 857 2674 933 2735; x_wconf 90' lang='lat' dir='ltr'>Leid</span> <span class='ocrx_word' id='word_1_190' title='bbox 957 2675 992 2735; x_wconf 74' lang='lat' dir='ltr'>A.</span> <span class='ocrx_word' id='word_1_191' title='bbox 1014 2676 1111 2735; x_wconf 89' lang='lat' dir='ltr'>Palat.</span> <span class='ocrx_word' id='word_1_192' title='bbox 1133 2677 1160 2734; x_wconf 77' lang='lat'>2.</span> <span class='ocrx_word' id='word_1_193' title='bbox 1189 2675 1220 2735; x_wconf 91' lang='lat' dir='ltr'>et</span> <span class='ocrx_word' id='word_1_194' title='bbox 1245 2674 1381 2734; x_wconf 82' lang='lat' dir='ltr'>sortasse</span> <span class='ocrx_word' id='word_1_195' title='bbox 1403 2672 1432 2730; x_wconf 87' lang='lat' dir='ltr'>in</span> 
     </span>
     <span class='ocr_line' id='line_1_20' title="bbox 231 2779 1434 2859; baseline -0.003 -18"><span class='ocrx_word' id='word_1_196' title='bbox 231 2782 334 2842; x_wconf 89' lang='lat' dir='ltr'>multis</span> <span class='ocrx_word' id='word_1_197' title='bbox 362 2783 432 2842; x_wconf 86' lang='lat' dir='ltr'>aliis</span> <span class='ocrx_word' id='word_1_198' title='bbox 460 2783 555 2842; x_wconf 88' lang='lat' dir='ltr'>libris.</span> <span class='ocrx_word' id='word_1_199' title='bbox 583 2784 613 2843; x_wconf 91' lang='lat' dir='ltr'>in</span> <span class='ocrx_word' id='word_1_200' title='bbox 641 2783 712 2842; x_wconf 88' lang='lat' dir='ltr'>aliis</span> <span class='ocrx_word' id='word_1_201' title='bbox 742 2786 848 2842; x_wconf 87' lang='lat' dir='ltr'>contra</span> <span class='ocrx_word' id='word_1_202' title='bbox 873 2783 959 2859; x_wconf 89' lang='lat' dir='ltr'>prior</span> <span class='ocrx_word' id='word_1_203' title='bbox 991 2783 1113 2858; x_wconf 85' lang='lat' dir='ltr'>syllaba</span> <span class='ocrx_word' id='word_1_204' title='bbox 1144 2799 1211 2842; x_wconf 90' lang='lat' dir='ltr'>eum</span> <span class='ocrx_word' id='word_1_205' title='bbox 1238 2779 1434 2841; x_wconf 76' lang='lat' dir='ltr'>antecedenti</span> 
     </span>
     <span class='ocr_line' id='line_1_21' title="bbox 228 2889 918 2967; baseline 0.003 -19"><span class='ocrx_word' id='word_1_206' title='bbox 228 2889 384 2949; x_wconf 87' lang='lat' dir='ltr'>vocabulo</span> <span class='ocrx_word' id='word_1_207' title='bbox 406 2890 572 2950; x_wconf 83' lang='lat' dir='ltr'>coaluerat.</span> <span class='ocrx_word' id='word_1_208' title='bbox 597 2891 749 2967; x_wconf 79' lang='lat' dir='ltr'>Romaque</span> <span class='ocrx_word' id='word_1_209' title='bbox 768 2890 836 2949; x_wconf 83' lang='lat' dir='ltr'>Tur.</span> <span class='ocrx_word' id='word_1_210' title='bbox 857 2906 918 2950; x_wconf 88' lang='lat' dir='ltr'>reo.</span> 
     </span>
    </p>

    <p class='ocr_par' dir='ltr' id='par_1_3' title="bbox 227 2994 1434 4785">
     <span class='ocr_line' id='line_1_22' title="bbox 311 2994 1434 3073; baseline -0.005 -17"><span class='ocrx_word' id='word_1_211' title='bbox 311 3013 336 3056; x_wconf 87' lang='lat' dir='ltr'>a.</span> <span class='ocrx_word' id='word_1_212' title='bbox 365 2999 432 3056; x_wconf 83' lang='lat'><strong>105.</strong></span> <span class='ocrx_word' id='word_1_213' title='bbox 470 2997 646 3057; x_wconf 77' lang='lat' dir='ltr'>baleatoram</span> <span class='ocrx_word' id='word_1_214' title='bbox 674 2997 796 3073; x_wconf 87' lang='lat' dir='ltr'>plurimi</span> <span class='ocrx_word' id='word_1_215' title='bbox 826 2997 910 3070; x_wconf 89' lang='lat' dir='ltr'>libri;</span> <span class='ocrx_word' id='word_1_216' title='bbox 939 2995 1134 3055; x_wconf 59' lang='lat' dir='ltr'>habenarum</span> <span class='ocrx_word' id='word_1_217' title='bbox 1164 2995 1242 3071; x_wconf 73' lang='lat' dir='ltr'>alii,</span> <span class='ocrx_word' id='word_1_218' title='bbox 1276 2994 1434 3054; x_wconf 82' lang='lat' dir='ltr'>Belcarum</span> 
     </span>
     <span class='ocr_line' id='line_1_23' title="bbox 229 3100 1433 3176; baseline -0.002 -15"><span class='ocrx_word' id='word_1_219' title='bbox 229 3101 298 3161; x_wconf 88' lang='lat' dir='ltr'>Seu.</span> <span class='ocrx_word' id='word_1_220' title='bbox 323 3106 347 3160; x_wconf 86' lang='lat'>1.</span> <span class='ocrx_word' id='word_1_221' title='bbox 369 3100 469 3162; x_wconf 83' lang='lat' dir='ltr'>(laeli.</span> <span class='ocrx_word' id='word_1_222' title='bbox 491 3106 518 3161; x_wconf 90' lang='grc'>3.</span> <span class='ocrx_word' id='word_1_223' title='bbox 539 3105 567 3162; x_wconf 92' lang='grc'>6.</span> <span class='ocrx_word' id='word_1_224' title='bbox 588 3103 754 3162; x_wconf 73' lang='lat' dir='ltr'>Balearicae</span> <span class='ocrx_word' id='word_1_225' title='bbox 775 3101 864 3162; x_wconf 83' lang='lat' dir='ltr'>Febr.</span> <span class='ocrx_word' id='word_1_226' title='bbox 888 3107 914 3162; x_wconf 93' lang='lat'>1.</span> <span class='ocrx_word' id='word_1_227' title='bbox 936 3103 1008 3162; x_wconf 92' lang='lat' dir='ltr'>libri</span> <span class='ocrx_word' id='word_1_228' title='bbox 1029 3120 1048 3162; x_wconf 86' lang='lat' dir='ltr'>a</span> <span class='ocrx_word' id='word_1_229' title='bbox 1070 3103 1203 3162; x_wconf 87' lang='lat' dir='ltr'>Manutio</span> <span class='ocrx_word' id='word_1_230' title='bbox 1226 3101 1348 3176; x_wconf 89' lang='lat' dir='ltr'>laudati,</span> <span class='ocrx_word' id='word_1_231' title='bbox 1377 3100 1433 3160; x_wconf 86' lang='lat' dir='ltr'>sed</span> 
     </span>
     <span class='ocr_line' id='line_1_24' title="bbox 229 3207 1434 3283; baseline -0.002 -16"><span class='ocrx_word' id='word_1_232' title='bbox 229 3208 288 3268; x_wconf 90' lang='lat' dir='ltr'>iam</span> <span class='ocrx_word' id='word_1_233' title='bbox 310 3214 400 3269; x_wconf 86' lang='lat' dir='ltr'>antea</span> <span class='ocrx_word' id='word_1_234' title='bbox 422 3207 529 3269; x_wconf 87' lang='lat' dir='ltr'>Carrio</span> <span class='ocrx_word' id='word_1_235' title='bbox 548 3210 635 3269; x_wconf 90' lang='lat' dir='ltr'>idem.</span> <span class='ocrx_word' id='word_1_236' title='bbox 648 3210 825 3270; x_wconf 88' lang='lat' dir='ltr'>coniectura</span> <span class='ocrx_word' id='word_1_237' title='bbox 846 3214 1005 3268; x_wconf 88' lang='lat' dir='ltr'>assecutus</span> <span class='ocrx_word' id='word_1_238' title='bbox 1029 3213 1104 3268; x_wconf 91' lang='lat' dir='ltr'>erat.</span> <span class='ocrx_word' id='word_1_239' title='bbox 1122 3217 1266 3283; x_wconf 78' lang='lat' dir='ltr'>proterea</span> <span class='ocrx_word' id='word_1_240' title='bbox 1280 3211 1350 3266; x_wconf 84' lang='lat' dir='ltr'>iere.</span> <span class='ocrx_word' id='word_1_241' title='bbox 1372 3210 1434 3265; x_wconf 84' lang='lat' dir='ltr'>iere</span> 
     </span>
     <span class='ocr_line' id='line_1_25' title="bbox 231 3315 1432 3389; baseline -0.002 -13"><span class='ocrx_word' id='word_1_242' title='bbox 231 3335 288 3376; x_wconf 91' lang='lat' dir='ltr'>om.</span> <span class='ocrx_word' id='word_1_243' title='bbox 310 3316 410 3377; x_wconf 85' lang='lat' dir='ltr'>Gueli.</span> <span class='ocrx_word' id='word_1_244' title='bbox 434 3319 479 3377; x_wconf 89' lang='lat'>10.</span> <span class='ocrx_word' id='word_1_245' title='bbox 502 3315 579 3376; x_wconf 84' lang='lat' dir='ltr'>Cod.</span> <span class='ocrx_word' id='word_1_246' title='bbox 600 3317 670 3376; x_wconf 84' lang='lat' dir='ltr'>Ald.</span> <span class='ocrx_word' id='word_1_247' title='bbox 692 3318 759 3376; x_wconf 90' lang='lat' dir='ltr'>Par.</span> <span class='ocrx_word' id='word_1_248' title='bbox 781 3316 811 3374; x_wconf 91' lang='lat' dir='ltr'>in</span> <span class='ocrx_word' id='word_1_249' title='bbox 833 3316 901 3376; x_wconf 82' lang='lat' dir='ltr'>Tur.</span> <span class='ocrx_word' id='word_1_250' title='bbox 923 3317 1022 3376; x_wconf 87' lang='lat' dir='ltr'>locum</span> <span class='ocrx_word' id='word_1_251' title='bbox 1044 3319 1147 3376; x_wconf 88' lang='lat' dir='ltr'>mutat.</span> <span class='ocrx_word' id='word_1_252' title='bbox 1170 3317 1200 3374; x_wconf 92' lang='lat' dir='ltr'>in</span> <span class='ocrx_word' id='word_1_253' title='bbox 1215 3316 1284 3374; x_wconf 91' lang='lat' dir='ltr'>Par.</span> <span class='ocrx_word' id='word_1_254' title='bbox 1307 3331 1331 3373; x_wconf 92' lang='lat' dir='ltr'>e.</span> <span class='ocrx_word' id='word_1_255' title='bbox 1350 3331 1432 3389; x_wconf 83' lang='lat' dir='ltr'>pra-</span> 
     </span>
     <span class='ocr_line' id='line_1_26' title="bbox 228 3419 1431 3501; baseline -0.003 -19"><span class='ocrx_word' id='word_1_256' title='bbox 228 3430 310 3483; x_wconf 83' lang='lat' dir='ltr'>terea</span> <span class='ocrx_word' id='word_1_257' title='bbox 322 3441 400 3484; x_wconf 89' lang='lat' dir='ltr'>aero.</span> <span class='ocrx_word' id='word_1_258' title='bbox 423 3423 565 3484; x_wconf 84' lang='lat' dir='ltr'>Ceterum</span> <span class='ocrx_word' id='word_1_259' title='bbox 578 3429 643 3483; x_wconf 80' lang='lat' dir='ltr'>item</span> <span class='ocrx_word' id='word_1_260' title='bbox 661 3429 732 3483; x_wconf 90' lang='lat' dir='ltr'>ante</span> <span class='ocrx_word' id='word_1_261' title='bbox 745 3423 826 3501; x_wconf 79' lang='lat' dir='ltr'>fund.</span> <span class='ocrx_word' id='word_1_262' title='bbox 848 3427 879 3482; x_wconf 90' lang='lat' dir='ltr'>et</span> <span class='ocrx_word' id='word_1_263' title='bbox 896 3423 975 3499; x_wconf 88' lang='lat' dir='ltr'>apud</span> <span class='ocrx_word' id='word_1_264' title='bbox 991 3423 1242 3498; x_wconf 85' lang='lat' dir='ltr'>llavereampiurn</span> <span class='ocrx_word' id='word_1_265' title='bbox 1259 3425 1290 3480; x_wconf 91' lang='lat' dir='ltr'>et</span> <span class='ocrx_word' id='word_1_266' title='bbox 1304 3421 1334 3479; x_wconf 93' lang='lat' dir='ltr'>in</span> <span class='ocrx_word' id='word_1_267' title='bbox 1351 3419 1431 3479; x_wconf 86' lang='lat' dir='ltr'>mul-</span> 
     </span>
     <span class='ocr_line' id='line_1_27' title="bbox 229 3527 1433 3606; baseline -0.002 -18"><span class='ocrx_word' id='word_1_268' title='bbox 229 3531 270 3589; x_wconf 91' lang='lat' dir='ltr'>tis</span> <span class='ocrx_word' id='word_1_269' title='bbox 292 3531 381 3590; x_wconf 86' lang='lat' dir='ltr'>libris</span> <span class='ocrx_word' id='word_1_270' title='bbox 403 3531 556 3606; x_wconf 86' lang='lat' dir='ltr'>omissum,</span> <span class='ocrx_word' id='word_1_271' title='bbox 576 3531 667 3590; x_wconf 89' lang='lat' dir='ltr'>etiam</span> <span class='ocrx_word' id='word_1_272' title='bbox 690 3531 719 3590; x_wconf 93' lang='lat' dir='ltr'>iu</span> <span class='ocrx_word' id='word_1_273' title='bbox 738 3529 808 3590; x_wconf 86' lang='lat' dir='ltr'>Bas.</span> <span class='ocrx_word' id='word_1_274' title='bbox 823 3533 850 3590; x_wconf 77' lang='lat' dir='ltr'>t.</span> <span class='ocrx_word' id='word_1_275' title='bbox 872 3533 936 3588; x_wconf 80' lang='lat' dir='ltr'>uem</span> <span class='ocrx_word' id='word_1_276' title='bbox 950 3531 1084 3589; x_wconf 86' lang='lat' dir='ltr'>retinent</span> <span class='ocrx_word' id='word_1_277' title='bbox 1098 3529 1167 3587; x_wconf 92' lang='lat' dir='ltr'>Par.</span> <span class='ocrx_word' id='word_1_278' title='bbox 1190 3545 1216 3587; x_wconf 89' lang='lat' dir='ltr'>a.</span> <span class='ocrx_word' id='word_1_279' title='bbox 1233 3528 1301 3586; x_wconf 91' lang='lat' dir='ltr'>Vin.</span> <span class='ocrx_word' id='word_1_280' title='bbox 1314 3530 1342 3586; x_wconf 82' lang='lat'>2.</span> <span class='ocrx_word' id='word_1_281' title='bbox 1362 3527 1433 3586; x_wconf 81' lang='lat' dir='ltr'>Tur.</span> 
     </span>
     <span class='ocr_line' id='line_1_28' title="bbox 227 3633 1432 3714; baseline -0.004 -18"><span class='ocrx_word' id='word_1_282' title='bbox 227 3635 319 3697; x_wconf 89' lang='lat' dir='ltr'>Beru.</span> <span class='ocrx_word' id='word_1_283' title='bbox 342 3639 369 3696; x_wconf 84' lang='grc'>3.</span> <span class='ocrx_word' id='word_1_284' title='bbox 396 3637 459 3697; x_wconf 87' lang='lat' dir='ltr'>Sed</span> <span class='ocrx_word' id='word_1_285' title='bbox 482 3638 564 3714; x_wconf 86' lang='lat' dir='ltr'>quod</span> <span class='ocrx_word' id='word_1_286' title='bbox 585 3643 647 3697; x_wconf 84' lang='lat' dir='ltr'>iere</span> <span class='ocrx_word' id='word_1_287' title='bbox 660 3639 690 3697; x_wconf 95' lang='lat' dir='ltr'>in</span> <span class='ocrx_word' id='word_1_288' title='bbox 705 3638 774 3697; x_wconf 91' lang='lat' dir='ltr'>aliis</span> <span class='ocrx_word' id='word_1_289' title='bbox 793 3637 882 3696; x_wconf 90' lang='lat' dir='ltr'>libris</span> <span class='ocrx_word' id='word_1_290' title='bbox 898 3655 958 3696; x_wconf 93' lang='lat' dir='ltr'>non</span> <span class='ocrx_word' id='word_1_291' title='bbox 971 3637 1094 3714; x_wconf 79' lang='lat' dir='ltr'>legitur,</span> <span class='ocrx_word' id='word_1_292' title='bbox 1123 3637 1154 3693; x_wconf 94' lang='lat' dir='ltr'>iu</span> <span class='ocrx_word' id='word_1_293' title='bbox 1174 3635 1245 3694; x_wconf 87' lang='lat' dir='ltr'>aliis</span> <span class='ocrx_word' id='word_1_294' title='bbox 1265 3639 1300 3693; x_wconf 94' lang='lat' dir='ltr'>ut</span> <span class='ocrx_word' id='word_1_295' title='bbox 1320 3634 1350 3693; x_wconf 95' lang='lat' dir='ltr'>in</span> <span class='ocrx_word' id='word_1_296' title='bbox 1365 3633 1432 3691; x_wconf 83' lang='lat' dir='ltr'>Tur.</span> 
     </span>
     <span class='ocr_line' id='line_1_29' title="bbox 229 3739 1432 3816; baseline -0.004 -14"><span class='ocrx_word' id='word_1_297' title='bbox 229 3743 330 3802; x_wconf 91' lang='lat' dir='ltr'>locum</span> <span class='ocrx_word' id='word_1_298' title='bbox 352 3746 456 3816; x_wconf 89' lang='lat' dir='ltr'>mutat,</span> <span class='ocrx_word' id='word_1_299' title='bbox 485 3744 545 3804; x_wconf 90' lang='lat' dir='ltr'>hoc</span> <span class='ocrx_word' id='word_1_300' title='bbox 567 3750 748 3804; x_wconf 91' lang='lat' dir='ltr'>tamennon</span> <span class='ocrx_word' id='word_1_301' title='bbox 771 3745 846 3804; x_wconf 83' lang='lat' dir='ltr'>satie</span> <span class='ocrx_word' id='word_1_302' title='bbox 873 3761 973 3803; x_wconf 84' lang='lat' dir='ltr'>eaosae</span> <span class='ocrx_word' id='word_1_303' title='bbox 995 3760 1065 3802; x_wconf 91' lang='lat' dir='ltr'>esse</span> <span class='ocrx_word' id='word_1_304' title='bbox 1091 3743 1222 3816; x_wconf 88' lang='lat' dir='ltr'>videtur,</span> <span class='ocrx_word' id='word_1_305' title='bbox 1251 3741 1283 3800; x_wconf 90' lang='lat' dir='ltr'>ut</span> <span class='ocrx_word' id='word_1_306' title='bbox 1306 3739 1432 3798; x_wconf 87' lang='lat' dir='ltr'>verbum</span> 
     </span>
     <span class='ocr_line' id='line_1_30' title="bbox 229 3847 1433 3926; baseline -0.005 -17"><span class='ocrx_word' id='word_1_307' title='bbox 229 3849 410 3909; x_wconf 89' lang='lat' dir='ltr'>eiiciendum</span> <span class='ocrx_word' id='word_1_308' title='bbox 437 3851 486 3910; x_wconf 92' lang='lat' dir='ltr'>sit.</span> <span class='ocrx_word' id='word_1_309' title='bbox 518 3852 591 3910; x_wconf 89' lang='lat' dir='ltr'>olim</span> <span class='ocrx_word' id='word_1_310' title='bbox 618 3852 710 3911; x_wconf 92' lang='lat' dir='ltr'>aliter</span> <span class='ocrx_word' id='word_1_311' title='bbox 739 3851 841 3926; x_wconf 88' lang='lat' dir='ltr'>statui,</span> <span class='ocrx_word' id='word_1_312' title='bbox 872 3867 937 3910; x_wconf 89' lang='lat' dir='ltr'>cum</span> <span class='ocrx_word' id='word_1_313' title='bbox 968 3849 1078 3910; x_wconf 78' lang='lat' dir='ltr'>salsum</span> <span class='ocrx_word' id='word_1_314' title='bbox 1108 3849 1185 3908; x_wconf 91' lang='lat' dir='ltr'>illud</span> <span class='ocrx_word' id='word_1_315' title='bbox 1211 3847 1250 3908; x_wconf 95' lang='lat' dir='ltr'>de</span> <span class='ocrx_word' id='word_1_316' title='bbox 1276 3847 1433 3906; x_wconf 87' lang='lat' dir='ltr'>brevitate</span> 
     </span>
     <span class='ocr_line' id='line_1_31' title="bbox 229 3953 1432 4034; baseline -0.003 -20"><span class='ocrx_word' id='word_1_317' title='bbox 229 3954 404 4016; x_wconf 88' lang='lat' dir='ltr'>Salustiaua</span> <span class='ocrx_word' id='word_1_318' title='bbox 425 3957 569 4016; x_wconf 88' lang='lat' dir='ltr'>iudicium</span> <span class='ocrx_word' id='word_1_319' title='bbox 588 3973 637 4016; x_wconf 89' lang='lat' dir='ltr'>me</span> <span class='ocrx_word' id='word_1_320' title='bbox 652 3958 837 4032; x_wconf 86' lang='lat' dir='ltr'>aliquotiens</span> <span class='ocrx_word' id='word_1_321' title='bbox 852 3957 980 4034; x_wconf 82' lang='lat' dir='ltr'>impulit,</span> <span class='ocrx_word' id='word_1_322' title='bbox 1003 3962 1035 4016; x_wconf 88' lang='lat' dir='ltr'>ut</span> <span class='ocrx_word' id='word_1_323' title='bbox 1056 3960 1162 4016; x_wconf 90' lang='lat' dir='ltr'>contra</span> <span class='ocrx_word' id='word_1_324' title='bbox 1180 3955 1312 4032; x_wconf 90' lang='lat' dir='ltr'>optimos</span> <span class='ocrx_word' id='word_1_325' title='bbox 1333 3953 1432 4012; x_wconf 85' lang='lat' dir='ltr'>libros</span> 
     </span>
     <span class='ocr_line' id='line_1_32' title="bbox 229 4058 1431 4139; baseline -0.002 -20"><span class='ocrx_word' id='word_1_326' title='bbox 229 4063 391 4139; x_wconf 85' lang='lat' dir='ltr'>scriptoris</span> <span class='ocrx_word' id='word_1_327' title='bbox 413 4064 583 4124; x_wconf 91' lang='lat' dir='ltr'>orationem</span> <span class='ocrx_word' id='word_1_328' title='bbox 604 4071 761 4124; x_wconf 89' lang='lat' dir='ltr'>mutarem.</span> <span class='ocrx_word' id='word_1_329' title='bbox 796 4063 936 4123; x_wconf 83' lang='lat' dir='ltr'>Ceterum</span> <span class='ocrx_word' id='word_1_330' title='bbox 957 4066 987 4123; x_wconf 94' lang='lat' dir='ltr'>in</span> <span class='ocrx_word' id='word_1_331' title='bbox 1013 4067 1079 4122; x_wconf 83' lang='lat' dir='ltr'>item</span> <span class='ocrx_word' id='word_1_332' title='bbox 1100 4063 1193 4122; x_wconf 91' lang='lat' dir='ltr'>etiam</span> <span class='ocrx_word' id='word_1_333' title='bbox 1213 4076 1311 4139; x_wconf 88' lang='lat' dir='ltr'>nuper</span> <span class='ocrx_word' id='word_1_334' title='bbox 1332 4058 1431 4118; x_wconf 79' lang='lat' dir='ltr'>oden-</span> 
     </span>
     <span class='ocr_line' id='line_1_33' title="bbox 229 4169 1431 4249; baseline -0.002 -24"><span class='ocrx_word' id='word_1_335' title='bbox 229 4185 295 4226; x_wconf 86' lang='lat' dir='ltr'>sum</span> <span class='ocrx_word' id='word_1_336' title='bbox 316 4173 374 4244; x_wconf 91' lang='lat' dir='ltr'>est,</span> <span class='ocrx_word' id='word_1_337' title='bbox 395 4170 485 4244; x_wconf 90' lang='lat' dir='ltr'>quod,</span> <span class='ocrx_word' id='word_1_338' title='bbox 508 4187 575 4230; x_wconf 91' lang='lat' dir='ltr'>eum</span> <span class='ocrx_word' id='word_1_339' title='bbox 595 4189 665 4230; x_wconf 88' lang='lat' dir='ltr'>mox</span> <span class='ocrx_word' id='word_1_340' title='bbox 687 4172 801 4230; x_wconf 86' lang='lat' dir='ltr'>cohors</span> <span class='ocrx_word' id='word_1_341' title='bbox 821 4172 950 4249; x_wconf 83' lang='lat' dir='ltr'>Peligna</span> <span class='ocrx_word' id='word_1_342' title='bbox 971 4173 1003 4230; x_wconf 90' lang='lat' dir='ltr'>et</span> <span class='ocrx_word' id='word_1_343' title='bbox 1021 4169 1175 4248; x_wconf 78' lang='lat' dir='ltr'>sagittarii</span> <span class='ocrx_word' id='word_1_344' title='bbox 1189 4180 1431 4229; x_wconf 88' lang='lat' dir='ltr'>commemoren-</span> 
     </span>
     <span class='ocr_line' id='line_1_34' title="bbox 229 4272 1431 4355; baseline -0.003 -22"><span class='ocrx_word' id='word_1_345' title='bbox 229 4277 286 4350; x_wconf 89' lang='lat' dir='ltr'>tur,</span> <span class='ocrx_word' id='word_1_346' title='bbox 319 4277 400 4336; x_wconf 85' lang='lat' dir='ltr'>uauu</span> <span class='ocrx_word' id='word_1_347' title='bbox 421 4277 514 4337; x_wconf 78' lang='lat' dir='ltr'>facile</span> <span class='ocrx_word' id='word_1_348' title='bbox 539 4282 589 4337; x_wconf 88' lang='lat' dir='ltr'>est</span> <span class='ocrx_word' id='word_1_349' title='bbox 617 4277 656 4337; x_wconf 92' lang='lat' dir='ltr'>ad</span> <span class='ocrx_word' id='word_1_350' title='bbox 676 4277 914 4355; x_wconf 85' lang='lat' dir='ltr'>intelligendum,</span> <span class='ocrx_word' id='word_1_351' title='bbox 947 4278 1067 4353; x_wconf 86' lang='lat' dir='ltr'>quinam</span> <span class='ocrx_word' id='word_1_352' title='bbox 1094 4277 1139 4336; x_wconf 91' lang='lat' dir='ltr'>illi</span> <span class='ocrx_word' id='word_1_353' title='bbox 1165 4276 1287 4354; x_wconf 84' lang='lat' dir='ltr'>pedites</span> <span class='ocrx_word' id='word_1_354' title='bbox 1308 4272 1431 4349; x_wconf 85' lang='lat' dir='ltr'>luerint,</span> 
     </span>
     <span class='ocr_line' id='line_1_35' title="bbox 229 4365 1431 4463; baseline -0.003 -20"><span class='ocrx_word' id='word_1_355' title='bbox 229 4400 306 4459; x_wconf 84' lang='lat' dir='ltr'>quos</span> <span class='ocrx_word' id='word_1_356' title='bbox 329 4385 388 4444; x_wconf 88' lang='lat' dir='ltr'>iam</span> <span class='ocrx_word' id='word_1_357' title='bbox 410 4365 502 4463; x_wconf 88' lang='lat' dir='ltr'>supra</span> <span class='ocrx_word' id='word_1_358' title='bbox 523 4386 742 4461; x_wconf 87' lang='lat' dir='ltr'>nominaverat,</span> <span class='ocrx_word' id='word_1_359' title='bbox 772 4392 804 4447; x_wconf 92' lang='lat' dir='ltr'>et</span> <span class='ocrx_word' id='word_1_360' title='bbox 825 4387 891 4446; x_wconf 93' lang='lat' dir='ltr'>iure</span> <span class='ocrx_word' id='word_1_361' title='bbox 913 4385 1068 4461; x_wconf 78' lang='lat' dir='ltr'>quaritur,</span> <span class='ocrx_word' id='word_1_362' title='bbox 1093 4402 1162 4443; x_wconf 88' lang='lat' dir='ltr'>num</span> <span class='ocrx_word' id='word_1_363' title='bbox 1183 4399 1288 4443; x_wconf 85' lang='lat' dir='ltr'>omnes</span> <span class='ocrx_word' id='word_1_364' title='bbox 1309 4380 1431 4458; x_wconf 86' lang='lat' dir='ltr'>pedites</span> 
     </span>
     <span class='ocr_line' id='line_1_36' title="bbox 228 4488 1431 4569; baseline -0.003 -19"><span class='ocrx_word' id='word_1_365' title='bbox 228 4492 411 4552; x_wconf 89' lang='lat' dir='ltr'>velitaribus</span> <span class='ocrx_word' id='word_1_366' title='bbox 432 4495 525 4552; x_wconf 88' lang='lat' dir='ltr'>armis</span> <span class='ocrx_word' id='word_1_367' title='bbox 546 4493 688 4553; x_wconf 80' lang='lat' dir='ltr'>instructi</span> <span class='ocrx_word' id='word_1_368' title='bbox 702 4493 823 4555; x_wconf 86' lang='lat' dir='ltr'>luerint.</span> <span class='ocrx_word' id='word_1_369' title='bbox 844 4492 926 4569; x_wconf 89' lang='lat' dir='ltr'>quod</span> <span class='ocrx_word' id='word_1_370' title='bbox 948 4493 975 4552; x_wconf 88' lang='lat' dir='ltr'>si</span> <span class='ocrx_word' id='word_1_371' title='bbox 990 4492 1184 4552; x_wconf 89' lang='lat' dir='ltr'>statuendum</span> <span class='ocrx_word' id='word_1_372' title='bbox 1198 4492 1256 4564; x_wconf 88' lang='lat' dir='ltr'>est,</span> <span class='ocrx_word' id='word_1_373' title='bbox 1279 4488 1431 4548; x_wconf 82' lang='lat' dir='ltr'>Salustius</span> 
     </span>
     <span class='ocr_line' id='line_1_37' title="bbox 228 4594 1431 4660; baseline -0.003 -2"><span class='ocrx_word' id='word_1_374' title='bbox 228 4599 387 4658; x_wconf 88' lang='lat' dir='ltr'>nonsatis</span> <span class='ocrx_word' id='word_1_375' title='bbox 409 4599 543 4660; x_wconf 86' lang='lat' dir='ltr'>dilucide</span> <span class='ocrx_word' id='word_1_376' title='bbox 568 4601 689 4660; x_wconf 89' lang='lat' dir='ltr'>loeutus</span> <span class='ocrx_word' id='word_1_377' title='bbox 717 4617 789 4660; x_wconf 90' lang='lat' dir='ltr'>esse</span> <span class='ocrx_word' id='word_1_378' title='bbox 814 4600 946 4660; x_wconf 88' lang='lat' dir='ltr'>videtur.</span> <span class='ocrx_word' id='word_1_379' title='bbox 979 4598 1092 4660; x_wconf 85' lang='lat' dir='ltr'>Contra</span> <span class='ocrx_word' id='word_1_380' title='bbox 1118 4598 1146 4658; x_wconf 90' lang='lat' dir='ltr'>si</span> <span class='ocrx_word' id='word_1_381' title='bbox 1172 4597 1233 4657; x_wconf 91' lang='lat' dir='ltr'>hoe</span> <span class='ocrx_word' id='word_1_382' title='bbox 1254 4600 1369 4656; x_wconf 88' lang='lat' dir='ltr'>tantum</span> <span class='ocrx_word' id='word_1_383' title='bbox 1391 4594 1431 4654; x_wconf 90' lang='lat' dir='ltr'>ad</span> 
     </span>
     <span class='ocr_line' id='line_1_38' title="bbox 229 4704 1430 4785; baseline -0.003 -20"><span class='ocrx_word' id='word_1_384' title='bbox 229 4708 386 4767; x_wconf 83' lang='lat' dir='ltr'>cohortem</span> <span class='ocrx_word' id='word_1_385' title='bbox 408 4707 566 4784; x_wconf 78' lang='lat' dir='ltr'>Pelignam</span> <span class='ocrx_word' id='word_1_386' title='bbox 589 4713 720 4785; x_wconf 87' lang='lat' dir='ltr'>spectat,</span> <span class='ocrx_word' id='word_1_387' title='bbox 756 4709 889 4785; x_wconf 86' lang='lat' dir='ltr'>scriptor</span> <span class='ocrx_word' id='word_1_388' title='bbox 914 4707 974 4767; x_wconf 91' lang='lat' dir='ltr'>hoe</span> <span class='ocrx_word' id='word_1_389' title='bbox 1003 4707 1073 4766; x_wconf 87' lang='lat' dir='ltr'>ideo</span> <span class='ocrx_word' id='word_1_390' title='bbox 1100 4705 1252 4765; x_wconf 83' lang='lat' dir='ltr'>adiecisse</span> <span class='ocrx_word' id='word_1_391' title='bbox 1278 4704 1430 4781; x_wconf 90' lang='lat' dir='ltr'>putandus</span> 
     </span>
    </p>
   </div>
   <div class='ocr_carea' id='block_1_3' title="bbox 0 0 1856 5600">
    <p class='ocr_par' dir='ltr' id='par_1_4' title="bbox 0 0 1856 5600">
     <span class='ocr_line' id='line_1_39' title="bbox 0 0 1856 5600; baseline 0 0"><span class='ocrx_word' id='word_1_392' title='bbox 0 0 1856 5600; x_wconf 95' lang='lat' dir='ltr'> </span> 
     </span>
    </p>
   </div>
  </div>
 </body>
</html>
