3582 5594
486 609 556 678 lld

428 863 431 872 .
483 813 653 904 cognitum
670 833 713 880 ex
729 809 944 904 presentibus
961 810 1066 878 misit:
1095 833 1237 903 quornm
1262 811 1311 882 uti
1331 811 1493 906 cuiusque
1514 813 1672 906 ingenium

483 946 564 1018 erat,
591 936 636 1006 ita
660 955 731 1004 rem
757 933 926 1004 difficilem
953 942 1011 1003 nut
1036 933 1167 1004 facilem
1191 933 1398 1006 nuntiavere.
1441 936 1593 1008 Consulis
1608 938 1673 1006 ani-

482 1083 557 1130 mus
582 1056 842 1150 tamenpanlum
863 1067 1010 1126 arroctns
1023 1068 1082 1126 est.
1120 1059 1237 1151 ltaque
1259 1081 1301 1128 ex
1322 1057 1417 1151 copia
1442 1058 1625 1130 tubicinum
1648 1070 1675 1129 et

481 1183 690 1256 cornicinum
722 1205 862 1254 numero
890 1183 1040 1278 quinque
1071 1205 1174 1280 qnam
1207 1185 1443 1256 velocissumos
1477 1186 1611 1276 delegit,
1647 1195 1676 1254 et

481 1329 557 1378 cum
584 1306 647 1388 his,
673 1306 825 1401 praesidio
850 1305 908 1399 qui
933 1307 1051 1388 lomnt,
1082 1315 1225 1399 quatuor
1249 1309 1470 1392 centrrrinnes,
1501 1332 1675 1402 omnesque

482 1431 599 1524 Liguri
623 1453 741 1523 parere
766 1429 868 1512 iubet,
894 1437 927 1498 et
951 1428 983 1498 ei
1007 1427 1143 1520 negotio
1167 1452 1369 1522 proxumum
1394 1431 1483 1502 diem
1504 1431 1675 1502 constituit.

555 1575 721 1624 cxxxxiv.
772 1552 838 1624 Sed
855 1552 913 1622 ubi
930 1573 973 1620 ex
990 1563 1154 1645 precepto
1171 1563 1301 1645 tempus
1313 1553 1433 1638 visum,
1451 1555 1574 1647 paratis
1591 1579 1676 1625 corn-

481 1679 660 1773 positisqne
683 1677 837 1749 omnibns
863 1678 904 1747 ad
931 1677 1041 1748 locum
1065 1676 1185 1769 pergit.
1238 1678 1393 1748 Ceterum
1423 1679 1485 1762 illi,
1518 1680 1579 1772 qni
1603 1703 1676 1749 cen-

481 1805 574 1875 turiis
598 1811 775 1897 preerant,
809 1801 968 1895 predocti
993 1800 1035 1870 ab
1061 1801 1145 1871 duce
1170 1823 1263 1872 mma
1288 1811 1508 1898 ornatumque
1533 1815 1677 1874 mutave-

480 1941 565 2011 rant,
591 1927 696 2021 capite
721 1938 822 2020 atque
847 1928 986 2019 pedibus
1010 1927 1121 2009 nudis,
1152 1929 1201 1997 nti
1224 1938 1416 2020 prospectus
1440 1929 1600 2022 uinisque
1623 1953 1677 2022 per

480 2076 560 2124 saxa
582 2055 711 2125 lucilius
735 2056 838 2124 toret:
865 2077 965 2146 snper
989 2064 1083 2144 terga
1109 2053 1210 2144 gladii
1237 2066 1271 2124 et
1290 2065 1393 2137 scuta,
1419 2078 1536 2126 verum
1554 2078 1594 2124 ea
1611 2057 1677 2125 Nu-

480 2179 600 2248 midica
625 2202 669 2249 ex
693 2179 791 2249 coriis
816 2179 970 2271 ponderis
996 2178 1113 2270 gratia,
1144 2180 1243 2250 simul
1268 2191 1301 2250 et
1325 2181 1450 2252 offensa
1482 2204 1550 2274 qno
1576 2181 1676 2251 levius

479 2313 672 2396 streperent.
711 2302 816 2394 lgitur
832 2301 1056 2394 praegrediens
1072 2301 1176 2392 Ligus
1195 2325 1286 2385 saxa,
1312 2303 1397 2372 etsi
1422 2325 1497 2396 quae
1521 2315 1677 2376 venustate

480 2425 606 2498 radices
631 2424 839 2506 eminebant,
874 2425 1003 2518 laqueis
1027 2423 1207 2508 vinciebat,
1242 2425 1364 2516 quibus
1398 2425 1530 2496 allevati
1561 2427 1677 2498 milites

479 2553 609 2623 facilius
625 2551 861 2632 ascenderent;
887 2549 1054 2622 interdum
1080 2550 1210 2621 timidos
1235 2551 1409 2622 insolentia
1426 2551 1554 2625 itineris
1571 2553 1677 2622 levare

478 2699 595 2748 mann:
623 2677 681 2747 nbi
697 2678 797 2769 paulo
822 2675 970 2769 asperior
995 2697 1151 2747 ascensus
1176 2689 1257 2759 erat,
1283 2677 1435 2770 singulus
1450 2701 1520 2771 prae
1537 2701 1573 2747 se
1590 2679 1677 2748 iner-

478 2823 549 2870 mos
574 2803 723 2883 mittere;
750 2802 869 2873 deinde
894 2803 965 2896 ipse
990 2825 1067 2872 cum
1092 2803 1226 2872 illorum
1251 2803 1351 2873 armis
1376 2804 1490 2896 sequi:
1517 2826 1593 2897 quae
1617 2805 1677 2874 dn-

478 2927 533 2996 bia
556 2927 643 2996 nisui
669 2926 877 3010 videbantur,
915 2927 1112 3019 potissumus
1138 2937 1310 3019 temptare,
1349 2951 1389 2998 ac
1418 2929 1537 3020 saepius
1563 2928 1678 2998 eadem

478 3049 657 3120 ascendens
673 3050 953 3142 descendensque,
979 3047 1057 3118 dein
1074 3049 1184 3118 statim
1206 3048 1406 3141 digrediens,
1433 3050 1550 3121 ceteris
1575 3051 1679 3121 auda·

478 3175 563 3244 ciam
589 3174 723 3245 addere.
766 3174 871 3266 lgitur
887 3174 945 3244 diu
962 3174 1171 3265 multumque
1189 3173 1328 3264 fatigati,
1355 3174 1489 3246 tandem
1506 3174 1541 3243 in
1558 3175 1678 3244 custel-

478 3299 547 3370 lum
579 3297 788 3391 perveniunt,
826 3298 993 3369 desertum
1024 3299 1067 3368 ab
1092 3319 1132 3367 ea
1161 3308 1273 3389 parte:
1312 3299 1399 3390 quod
1434 3319 1562 3379 omnes,
1594 3299 1678 3368 sicut

477 3423 550 3494 aliis
571 3422 699 3504 diebus,
725 3421 902 3492 advorsum
928 3419 1032 3492 bostis
1054 3419 1204 3490 aderant.
1246 3419 1383 3503 blarius,
1409 3421 1467 3490 ubi
1491 3444 1535 3491 ex
1554 3421 1679 3492 nuntiis

477 3559 552 3634 quoe
573 3537 676 3638 Ligus
701 3556 814 3638 egerat
838 3545 1002 3637 cognovit,
1028 3567 1232 3637 quamquam
1257 3554 1325 3614 toto
1350 3544 1404 3614 die
1429 3545 1571 3616 intentus
1591 3569 1680 3641 prae-

477 3673 522 3744 lio
553 3672 711 3744 Numidas
745 3672 917 3752 babuerat,
955 3680 1027 3740 tum
1058 3692 1138 3741 vero
1164 3669 1351 3740 cohortatus
1384 3670 1518 3754 milites,
1550 3673 1679 3765 etipse

476 3807 569 3868 extra
584 3797 698 3870 vineas
715 3821 877 3891 egressus,
905 3797 1068 3866 testudine
1093 3805 1168 3866 acta
1187 3796 1365 3866 succedere
1386 3806 1420 3865 et
1434 3797 1534 3867 simul
1550 3796 1679 3867 bostem

475 3921 646 3991 tormentis
677 3920 923 4013 sagittariisque
957 3930 990 3989 et
1023 3917 1243 3989 funditoribus
1281 3919 1409 3989 eminus
1442 3930 1580 3990 terrere.
1637 3923 1681 3992 dt

474 4043 638 4128 Numidae,
663 4067 751 4138 supe
771 4056 870 4115 antea
891 4043 996 4114 vineis
1011 4045 1238 4115 Romanorum
1264 4042 1430 4113 subvorsis
1456 4043 1534 4114 item
1560 4043 1681 4114 incen-

474 4168 529 4250 sis,
556 4189 623 4238 non
649 4168 774 4238 castelli
798 4167 963 4236 moenibus
987 4189 1059 4236 sese
1085 4165 1285 4248 tutabantur,
1316 4166 1375 4236 sed
1400 4189 1460 4259 pro
1485 4188 1582 4236 muru
1607 4165 1681 4236 dies

474 4301 653 4386 noctesque
677 4293 814 4384 agitare,
856 4290 1056 4360 maledicere
1087 4290 1244 4361 Romanis
1276 4313 1317 4360 ac
1348 4289 1456 4360 llario
1488 4289 1680 4360 vecordiam

473 4417 652 4499 obiecture,
677 4415 837 4486 militibus
862 4415 982 4484 nostris
1006 4413 1176 4507 Iugurtha
1202 4413 1371 4485 servitium
1396 4414 1530 4495 minari,
1555 4437 1681 4486 secun·

473 4543 523 4613 dis
549 4542 648 4612 rebus
674 4542 799 4612 feroces
815 4561 899 4610 esse.
942 4539 1079 4608 iuterim
1097 4539 1256 4608 Romanis
1281 4538 1434 4609 omnibus
1460 4537 1679 4630 hostibusque

472 4669 588 4762 praelio
613 4667 756 4748 intentis,
789 4687 910 4756 magna
935 4663 1103 4754 utrimque
1128 4662 1159 4732 vi
1187 4685 1247 4754 pro
1273 4663 1379 4753 gloria
1404 4673 1505 4757 atque
1534 4661 1679 4753 imperio
