3554 5600
1257 617 1328 686 207

127 817 232 898 Coss,
257 817 349 886 omni
368 817 476 888 Gallia
497 816 545 886 cis
562 815 716 886 Rhenum
731 826 830 908 atque
856 814 941 885 inter
958 835 1050 884 mare
1068 823 1216 883 nostrum
1234 824 1331 907 atque

127 943 313 1022 Oceanum,
344 941 409 1011 nisi
435 963 501 1034 qna
526 941 703 1034 paludibus
729 940 819 1009 invia
836 939 907 1021 fnit,
939 938 1134 1032 perdomita.
1178 939 1332 1030 Optumis

127 1077 241 1134 antem
268 1065 417 1135 moribus
443 1075 475 1134 et
499 1087 655 1134 maxuma
690 1061 868 1133 concordia
902 1061 970 1153 egit
994 1061 1135 1154 populus
1160 1063 1330 1132 Romanus

128 1189 213 1258 inter
255 1188 438 1259 secundum
483 1200 582 1280 atque
625 1197 827 1280 postremum
873 1185 1000 1256 bellum
1043 1185 1330 1277 Carthaginiense.

131 1313 188 1380 ll.
220 1315 265 1382 At
290 1311 456 1382 discordia
481 1322 514 1382 et
537 1311 675 1382 avaritia
700 1321 799 1404 atque
824 1309 960 1380 ambitio
990 1319 1021 1379 et
1046 1321 1156 1380 cetera
1181 1310 1333 1380 secundis

129 1437 228 1507 rebus
264 1436 346 1506 oriri
381 1445 474 1506 sucta
508 1435 595 1505 mala
629 1446 703 1527 post
736 1434 947 1525 Carthaginis
979 1433 1145 1504 excidium
1178 1456 1333 1504 maxume

131 1571 225 1630 aucta
252 1569 339 1629 sunt.
382 1561 467 1628 Nam
494 1558 622 1630 iniuriae
648 1558 846 1629 validiorum
872 1572 905 1627 et
929 1558 971 1628 ob
998 1582 1054 1628 eas
1079 1558 1235 1628 discessio
1260 1559 1334 1652 ple-

129 1684 179 1752 bis
205 1705 226 1752 a
257 1681 405 1775 patribus
439 1682 582 1774 aliaeque
614 1681 833 1752 dissensiones
867 1682 958 1752 domi
988 1683 1081 1752 sucre
1113 1683 1178 1752 iam
1211 1681 1287 1752 inde
1314 1704 1334 1752 a

129 1805 311 1900 principio;
337 1827 447 1898 neque
473 1805 615 1898 amplius
640 1828 741 1897 qnam
767 1807 902 1898 regibus
921 1808 1065 1889 exactis,
1093 1808 1171 1878 dum
1188 1816 1334 1878 metusa

129 1930 312 2025 Tarquinio
338 1941 370 2000 et
391 1930 520 2000 bellum
546 1952 647 2022 grave
673 1952 749 1999 cnm
775 1931 907 2000 Etruria
933 1931 1074 2023 positum
1101 1942 1159 2013 est,
1186 1953 1281 2026 aequo
1301 1942 1335 2002 et

130 2055 281 2125 modesto
313 2055 386 2124 inre
419 2053 596 2146 agitatum
631 2052 707 2123 dein
740 2052 852 2123 servili
886 2053 1027 2146 imperio
1058 2065 1168 2146 patres
1201 2053 1333 2148 plebem

131 2201 302 2258 exercere,
329 2177 455 2247 desita
480 2189 579 2269 atque
604 2187 697 2268 tergo
723 2176 818 2267 regio
842 2197 935 2246 more
955 2178 1138 2259 consulere,
1164 2201 1245 2270 agro
1262 2180 1335 2272 pel-

131 2303 200 2372 lere
227 2313 261 2372 et
285 2300 404 2370 ceteris
429 2300 619 2393 expertibus
644 2300 706 2369 soli
744 2301 777 2368 in
805 2299 946 2393 imperio
971 2324 1082 2394 agere.
1118 2302 1248 2383 Quibus
1269 2325 1334 2374 sm-

131 2425 218 2496 vitiis
244 2436 278 2495 et
303 2446 458 2494 maxume
481 2423 616 2493 foeneris
633 2445 736 2493 onere
760 2447 916 2517 oppressa
942 2424 1067 2519 plebes,
1094 2449 1170 2497 cum
1193 2427 1334 2498 assiduis

131 2551 228 2621 bellis
265 2549 425 2620 tributum
457 2549 555 2619 simul
589 2560 620 2617 et
651 2548 805 2618 militiam
831 2549 996 2629 toleraret,
1039 2561 1165 2620 armata
1190 2561 1336 2622 montem

132 2675 269 2744 Sacrum
296 2683 394 2766 atque
420 2674 621 2744 Aventinum
648 2672 788 2752 insedit;
824 2682 963 2765 tumque
995 2673 1145 2744 tribunos
1172 2675 1278 2767 plebis
1304 2685 1335 2746 ct

132 2799 198 2868 alia
229 2797 294 2867 sibi
329 2797 402 2868 iura
432 2797 570 2890 paravit
621 2796 870 2868 Discordiarum
900 2808 933 2867 et
957 2798 1145 2869 certaminis
1170 2800 1336 2895 utrimque

133 2923 206 2994 linis
233 2922 296 2992 luit
325 2922 505 2994 secundum
537 2922 664 2992 bellum
694 2921 867 2991 Punicum.
922 2923 977 2991 ta.
1004 2924 1181 3017 Postquam
1210 2935 1335 2995 remoto

132 3058 220 3116 metu
245 3046 373 3117 Punico
398 3045 580 3117 simultates
611 3068 768 3116 exercere
790 3068 931 3115 vacuum
949 3046 1020 3126 fuit,
1048 3047 1199 3138 plurimae
1217 3049 1334 3140 turbae,

132 3172 311 3242 seditiones
337 3181 369 3239 et
394 3169 436 3240 ad
461 3180 663 3262 postremum
689 3169 778 3239 bella
804 3169 913 3239 civilia
939 3180 1012 3240 orta
1027 3181 1113 3253 sunt,
1139 3171 1218 3241 dum
1239 3173 1336 3266 pauci

133 3307 293 3388 potentes,
328 3316 470 3386 quorum
505 3293 705 3384 ingratiam
736 3293 888 3386 plerique
914 3305 1154 3377 concesserant,
1187 3297 1248 3367 sub
1274 3295 1337 3366 bo-

133 3433 225 3489 nosto
252 3427 383 3512 pauum
406 3429 463 3487 aut
485 3416 589 3510 plebis
610 3417 744 3486 nomine
766 3416 1010 3488 dominationes
1032 3418 1250 3503 adsectabant,
1275 3421 1337 3491 bo-

134 3542 233 3638 nique
261 3551 295 3611 et
318 3541 399 3610 mali
426 3540 513 3611 cives
539 3538 696 3632 adpellati
723 3561 788 3610 nou
809 3541 851 3611 ob
872 3542 989 3611 merita
1012 3542 1044 3610 in
1068 3544 1336 3637 rempublicam,

134 3667 287 3738 omnibus
311 3665 435 3759 pariter
460 3664 633 3757 corruptis,
667 3665 722 3734 sed
755 3665 800 3734 uti
829 3665 969 3756 quisque
994 3667 1280 3761 locupletissumus
1305 3679 1338 3737 et

135 3793 256 3862 iniuria
284 3790 434 3870 validior,
461 3789 538 3882 quia
565 3787 739 3884 praesentia
763 3788 972 3872 defendebat,
1000 3816 1060 3884 pro
1081 3792 1167 3862 bono
1192 3791 1338 3862 duceba-

136 3929 196 3988 tur.
239 3918 294 3986 Ex
319 3938 385 4009 quo
412 3924 558 4004 tempore
583 3914 747 3982 maiorum
773 3936 883 3982 mores
908 3938 974 3984 non
999 3917 1156 4008 paulatim
1176 3927 1209 3987 ut
1227 3928 1335 3998 antea,

137 4166 182 4222 11.
203 4163 335 4239 August
357 4159 422 4220 Gir.
436 4159 495 4220 Dei
516 4161 544 4218 8.
567 4160 613 4220 18.
635 4161 778 4220 81818.
801 4160 858 4221 sed
877 4161 1053 4237 posteriore
1073 4161 1143 4223 loco
1163 4163 1258 4225 molta
1279 4165 1336 4226 de-

136 4275 265 4349 pravata
294 4272 374 4332 snut
399 4271 510 4330 mincia
536 4268 707 4328 ooddimm
736 4268 813 4346 legit
832 4267 920 4329 Serv.
948 4269 989 4329 ad
1010 4269 1120 4348 Georg.
1141 4271 1168 4330 t.
1189 4272 1257 4330 238.
1280 4270 1336 4331 eti.

137 4379 244 4440 Arrun
266 4394 330 4437 ιν.
350 4375 461 4435 meon.
482 4374 619 4434 Diomed.
641 4391 671 4451 p.
685 4377 754 4434 tes.
777 4374 862 4434 Serv.
877 4373 918 4433 ad
937 4375 1015 4436 Aen.
1036 4377 1064 4436 8.
1082 4378 1152 4436 tas.
1173 4373 1280 4436 Donat.
1296 4375 1337 4435 ad

138 4485 232 4546 Andr.
260 4488 286 4542 1.
309 4486 337 4542 1.
357 4483 386 4541 9.
414 4481 467 4556 qui
487 4497 585 4558 pauca
613 4481 711 4540 verba
732 4480 820 4540 buius
841 4480 903 4540 loci
923 4480 1055 4541 laudant
1100 4482 1146 4540 12.
1167 4481 1236 4541 Aul.
1258 4480 1338 4543 Gell.

137 4594 164 4652 9.
188 4593 235 4652 18.
256 4591 334 4667 Aug.
356 4589 388 4650 C.
410 4589 446 4650 l).
467 4591 496 4650 8.
519 4591 564 4650 18.
586 4593 618 4651 et
639 4593 667 4649 8.
691 4593 736 4649 17.
757 4593 883 4666 pretioso
902 4589 1009 4649 Arrus.
1031 4607 1055 4649 s.
1070 4608 1098 4650 v.
1126 4599 1337 4652 concesserant.

139 4703 234 4775 prado
254 4701 325 4760 cett.
