3576 5602
428 605 500 676 378

428 807 583 900 prinecps
614 819 797 886 oraturum,
834 805 1012 898 aliquando
1047 807 1198 878 aemulus
1230 807 1400 878 Ciceronis
1433 809 1646 878 existimatus

428 941 477 1002 est
493 941 555 1001 etc.
595 931 817 1016 Quintilinnru
839 929 896 1012 11,
911 926 947 1012 3,
965 929 1004 1002 8.
1047 931 1245 1002 Hortensius
1265 932 1300 1000 in
1318 933 1494 1024 poematis.
1539 932 1644 1004 Varro

428 1058 467 1127 n
492 1057 529 1125 n.
555 1056 591 1124 n.
618 1051 654 1136 a,
691 1051 746 1124 14.
786 1052 1205 1146 apennine-1.
1248 1055 1391 1126 ennon
1418 1053 1477 1127 oo.
1511 1055 1571 1136 ee,
1599 1055 1640 1127 e.

429 1179 567 1250 Ouidius
595 1179 750 1249 Tristibus
775 1177 810 1260 2,
836 1175 922 1250 441.
966 1179 1092 1248 Plinius
1116 1181 1206 1272 epist.
1230 1178 1265 1261 5,
1293 1177 1327 1262 3,
1354 1177 1389 1251 5.
1436 1182 1643 1252 Communes
1771 1263 1772 1290 .

428 1303 492 1372 loci
519 1354 584 1372 ...
611 1301 731 1395 quilius
757 1301 967 1394 quaestiones
991 1302 1196 1394 generaliter
1212 1314 1403 1386 tractantur,
1429 1307 1545 1398 quales
1558 1317 1641 1376 sunt
1771 1299 1772 1380 l

428 1426 507 1497 editi
533 1450 554 1497 n
579 1427 703 1510 Quinto
727 1449 860 1519 qunque
886 1427 1066 1497 Hortensio
1092 1437 1154 1497 ete.
1207 1429 1430 1512 Quintilianus
1452 1427 1486 1510 2,
1518 1428 1549 1512 1,
1579 1429 1638 1500 11.

429 1555 487 1643 cfr.
516 1553 701 1622 l'tireinnus
724 1549 761 1630 8,
796 1546 830 1631 4,
860 1548 917 1622 16.
1025 1554 1060 1621 2.
1096 1550 1179 1622 Vide
1211 1573 1347 1645 quaeso,
1383 1555 1422 1623 L.
1450 1552 1546 1634 Libo,
1580 1555 1639 1624 ille
1771 1541 1772 1634 f

427 1676 484 1769 qui
509 1676 551 1748 de
577 1678 648 1746 Ser.
668 1676 784 1756 Galba,
811 1675 1038 1746 Censorinone
1067 1686 1100 1744 et
1124 1675 1264 1747 Manilio
1289 1686 1352 1745 etc.
1383 1699 1483 1768 supro
1503 1701 1535 1768 p.
1550 1675 1638 1757 312,

434 1798 493 1872 12.
519 1823 581 1892 pto
606 1801 645 1870 do
668 1798 736 1867 loco
761 1797 905 1868 dedituri
927 1812 1027 1892 potest
1051 1813 1198 1892 spectum
1221 1801 1265 1869 od
1290 1801 1422 1870 condes
1447 1823 1490 1869 nn
1511 1803 1637 1870 adsu-
1771 1863 1772 1876 ,

428 1947 551 1993 menen
581 1923 755 2004 Hortensii,
794 1925 852 2014 cfr.
885 1922 990 1992 lieno
1019 1924 1064 1992 od
1092 1925 1156 1992 Att.
1188 1920 1244 2004 13,
1271 1920 1331 2005 32,
1358 1921 1393 1994 3.
1428 1922 1485 2005 13,
1513 1919 1572 2004 33,
1599 1921 1635 1994 3.

428 2047 463 2118 3.
492 2047 633 2119 llultum
658 2045 788 2118 llinatii
812 2045 926 2138 liegii,
953 2046 1039 2116 313νί
1065 2047 1141 2127 mei,
1168 2048 1408 2118 Aeculunensis
1426 2047 1633 2118 tribuendum

430 2181 480 2241 est
504 2171 698 2252 memoriae,
731 2171 790 2264 qui
823 2191 925 2262 nepos
951 2170 1045 2240 Decii
1073 2171 1177 2262 Megii
1202 2169 1449 2265 Campanorum
1478 2171 1634 2265 principis

428 2294 637 2365 celeberrimi
663 2303 696 2364 et
720 2293 903 2364 fidelissimi
936 2293 1146 2362 uiritantem
1173 2292 1236 2363 hoo
1263 2289 1418 2381 [Suciali]
1450 2295 1542 2364 bello
1568 2297 1635 2364 llo-
1771 2323 1772 2356 1

429 2419 536 2488 manis
561 2417 662 2488 fidem
687 2417 860 2512 praestitit,
891 2428 926 2486 ut
952 2439 1028 2486 cum
1054 2416 1198 2507 legione,
1233 2438 1334 2507 quem
1360 2417 1431 2509 ipse
1458 2416 1491 2486 iu
1519 2419 1635 2510 Hirpi·
1771 2391 1772 2458 l

428 2542 479 2612 nis
505 2541 754 2634 conscripserat,
781 2541 1030 2610 Herculaneum
1056 2541 1156 2611 sinlul
1188 2563 1265 2612 cum
1295 2541 1333 2610 T.
1360 2540 1460 2612 Didio
1491 2553 1632 2634 capere,
1771 2559 1772 2614 ξ

429 2664 601 2757 Pompeios
627 2687 702 2736 eum
727 2667 766 2734 L.
794 2665 887 2736 Sulla
911 2675 1119 2757 oppugnaret
1144 2665 1329 2758 Gosumque
1355 2662 1631 2759 [Gompmmpuel]
1771 2693 1772 2756 j

428 2798 616 2879 occuparet.
667 2789 769 2860 Cuius
802 2788 844 2859 de
876 2787 1048 2858 virtutibus
1074 2811 1150 2858 eum
1175 2789 1244 2870 alii,
1277 2800 1346 2859 tum
1371 2791 1519 2860 maxime
1544 2789 1632 2858 dilu-
1771 2849 1772 2882 ἶ

429 2911 503 2982 cide
529 2911 571 2994 Q.
597 2899 794 2985 Hortensius
822 2912 857 2982 in
884 2911 1059 2982 enodibus
1084 2912 1152 2981 suis
1177 2913 1310 2984 rettulit.
1354 2912 1458 2983 Cuius
1483 2913 1534 2983 illi
1560 2914 1628 3005 pie-
1771 2915 1772 2952 l

428 3035 487 3106 tati
512 3035 645 3128 plenam
670 3035 812 3128 pupulus
837 3035 1005 3104 Romanus
1032 3036 1174 3126 gratiam
1208 3037 1333 3107 rettulit
1367 3037 1490 3132 ipsum·
1512 3038 1628 3108 viritim

429 3157 559 3228 civitate
584 3156 748 3240 donando,
775 3156 857 3228 duos
883 3157 969 3228 filios
995 3159 1065 3229 eius
1090 3160 1236 3231 creando
1260 3174 1438 3256 praetores,
1465 3185 1540 3232 eum
1561 3161 1628 3230 seni

430 3281 539 3354 adhuc
564 3294 767 3354 crearentur.
815 3283 944 3353 Velleius
962 3282 998 3366 2,
1028 3281 1084 3365 16,
1112 3283 1147 3355 2.
1174 3282 1209 3355 3.

912 3597 1154 3609 2-ss

843 3835 961 3920 XXlX
1008 3835 1224 3923 mutuno.

507 4031 539 4099 l.
566 4031 603 4099 ln
629 4031 700 4101 foro
727 4031 837 4102 laeum
858 4031 1010 4103 Curtium
1036 4055 1055 4102 3
1081 4031 1195 4104 Curtio
1219 4033 1342 4105 dictum
1369 4047 1507 4118 constat,
1533 4040 1623 4110 etde

430 4177 472 4228 eu
495 4153 616 4246 triceps
640 4153 791 4236 historie,
818 4176 897 4225 nam
922 4166 955 4225 et
980 4155 1141 4228 Procilius
1166 4180 1233 4228 nou
1260 4158 1348 4229 idem
1374 4161 1519 4253 prodidit
1543 4163 1624 4257 qnod
1771 4168 1772 4184 ¹

430 4277 516 4361 Piso,
553 4300 615 4348 nec
640 4278 729 4371 quod
754 4278 793 4359 is,
820 4277 993 4349 Cornelius
1019 4279 1100 4350 Stilo
1125 4291 1267 4350 secutus.
1317 4283 1348 4353 Α
1374 4285 1518 4358 Procilio
1542 4287 1625 4358 rele-

430 4414 512 4487 tum,
539 4403 573 4474 iu
600 4427 640 4475 eo
665 4405 741 4474 loco
766 4403 896 4474 doluisse
922 4415 1055 4485 terrum,
1087 4416 1119 4475 et
1144 4407 1176 4476 id
1203 4430 1246 4477 ex
1271 4409 1305 4478 S.
1324 4409 1407 4479 Con.
1433 4411 1475 4480 ad
1502 4413 1624 4505 aruspi-

430 4551 485 4598 ces
509 4528 650 4600 relatum
676 4549 766 4607 esse;
792 4549 988 4619 responsum
1014 4527 1113 4600 deum
1138 4531 1287 4602 llanium
1306 4527 1502 4624 [Montumi]
1528 4534 1623 4626 posti·
1771 4537 1772 4632 f

401 4654 554 4726 lienem
587 4654 753 4746 postulare
789 4654 836 4737 id,
881 4655 986 4726 civem
1021 4656 1234 4732 fortissimum
1272 4681 1312 4730 eo
1350 4659 1489 4730 demitti.
1544 4657 1620 4728 Tum
1771 4643 1772 4718 l
