3582 5594
1297 672 1365 740 117

164 871 239 942 sine
263 869 439 942 ordinibus
465 871 591 964 equites
607 870 802 964 peditesque
817 870 989 965 permixti3
1017 870 1144 941 caedere
1162 871 1255 952 ulios,
1282 870 1363 940 alios

163 997 385 1078 obtruncare;
417 997 548 1080 multos,
579 1007 692 1068 eontra
716 996 870 1067 advorsos
895 1017 1067 1068 acerrume
1092 1003 1287 1087 pugnantes,
1320 995 1362 1065 ab

163 1131 258 1211 tergo
292 1120 552 1191 circumvenire:
591 1143 700 1214 neque
734 1121 836 1191 virtus
867 1143 976 1214 neque
1005 1142 1099 1190 arma
1131 1118 1209 1188 satis
1237 1129 1360 1210 tegere,

163 1245 243 1337 quia
267 1243 378 1315 hostes
403 1268 542 1316 numero
565 1247 677 1341 plures
709 1256 741 1316 et
773 1244 919 1338 undique
944 1243 1133 1314 circumfusi
1155 1251 1267 1325 erant;
1300 1242 1360 1313 de-

164 1368 265 1460 nique
281 1369 425 1439 Romani
450 1381 577 1440 veteres
603 1370 747 1463 novique
773 1379 804 1439 et
828 1369 871 1439 ob
897 1392 937 1439 ea
962 1368 1101 1438 scientes
1117 1367 1209 1450 belli,
1234 1365 1360 1460 siquos

162 1491 256 1561 locus
280 1503 339 1562 aut
363 1515 457 1562 casm
481 1493 708 1576 coniunxerat,
741 1493 838 1564 orbes
856 1493 988 1576 facere,
1026 1502 1125 1586 atque
1150 1492 1194 1562 ita
1219 1491 1259 1561 ab
1286 1513 1360 1561 om-

161 1615 261 1686 nibus
294 1617 443 1709 partibus
475 1617 573 1688 simul
605 1618 682 1687 tecti
713 1627 745 1687 et
777 1617 926 1688 instructi
955 1616 1098 1688 hostium
1129 1617 1196 1686 vim
1229 1625 1359 1686 susten-

160 1741 285 1812 tabant.

235 1887 428 1936 nxmvnr.
479 1869 595 1961 Neque
620 1867 654 1935 in
680 1889 721 1937 eo
746 1877 814 1936 tarn
839 1888 956 1958 aspero
985 1866 1117 1958 negotio
1142 1863 1266 1937 Marius
1290 1874 1358 1934 ter-

159 1989 245 2059 ritus
276 2001 333 2060 aut
363 1990 471 2082 magis
499 2012 599 2084 quam
633 2000 729 2060 antea
763 1989 905 2060 demisso
933 1989 1045 2059 animo
1080 1987 1153 2070 fuit,
1191 1986 1248 2057 sed
1281 2010 1357 2058 eum

160 2125 274 2183 turma
298 2137 370 2196 sua,
402 2136 501 2207 quam
532 2137 576 2183 ex
599 2113 794 2185 fortissumis
825 2113 931 2204 magis
956 2134 1056 2206 quam
1080 2109 1357 2181 familiarissumis

159 2245 346 2327 paraverat,
379 2237 495 2329 vagari
524 2237 645 2330 passim
679 2260 718 2307 ac
749 2236 847 2307 modo
871 2233 1097 2306 laborantibus
1128 2234 1196 2305 suis
1220 2256 1357 2304 succur-

159 2381 249 2442 rere,
286 2361 385 2433 modo
416 2360 537 2440 hostes,
562 2360 633 2432 ubi
666 2361 908 2432 confertissumi
939 2361 1140 2441 obstiterant,
1179 2359 1354 2437 invadere;

158 2505 264 2554 mauu
289 2485 463 2558 consulere
487 2484 661 2568 militibus,
686 2485 844 2579 quoniam
868 2485 1033 2577 imperare
1059 2482 1257 2554 conturbatis
1281 2505 1356 2552 om-

158 2607 258 2678 nibns
282 2630 349 2679 non
374 2619 511 2700 poterat.
552 2609 688 2703 lamque
714 2609 783 2680 dies
809 2618 1020 2701 consumptus
1045 2614 1126 2688 erat,
1152 2629 1228 2688 cum
1244 2615 1354 2676 tamen

159 2731 294 2802 barbari
319 2730 403 2802 nihil
429 2733 596 2804 remittere
621 2744 732 2826 atque,
765 2734 811 2803 uti
836 2755 932 2826 reges
956 2740 1193 2824 preceperant,
1224 2741 1353 2801 noctem

158 2879 221 2948 pro
245 2879 280 2926 se
305 2856 380 2938 rati,
406 2856 516 2926 aerius
540 2856 673 2928 instare.
715 2859 800 2928 Tum
816 2858 942 2930 Marius
967 2881 1009 2928 er
1029 2857 1126 2950 copia
1145 2879 1255 2927 rernm
1273 2878 1354 2926 con·

159 2979 272 3050 silium
298 2979 398 3051 trahit
421 2991 533 3074 atque,
564 2982 613 3052 uti
637 2983 704 3053 suis
730 2983 876 3076 receptui
901 2985 994 3054 locus
1018 2991 1114 3064 esset,
1145 2980 1246 3051 colles
1272 2980 1354 3052 duos

158 3104 363 3197 propinquos
396 3105 483 3176 inter
515 3128 550 3176 se
582 3117 732 3200 occupat,
770 3128 912 3200 quorum
943 3106 977 3176 in
1008 3127 1074 3176 nno
1098 3104 1212 3176 castris
1235 3125 1353 3197 parum

157 3229 269 3320 amplo
304 3228 378 3300 fons
407 3251 502 3324 aquae
533 3252 674 3323 magnus
699 3239 789 3301 erat:
827 3231 910 3302 alter
942 3231 1017 3302 usui
1044 3241 1236 3323 oportunus,
1274 3230 1352 3322 quia

157 3373 282 3444 magna
313 3361 406 3445 parte
431 3353 538 3425 editus
564 3363 597 3424 et
623 3376 770 3448 preceps
798 3377 905 3448 pauca
936 3353 1140 3424 munimenta
1172 3354 1351 3449 querebat.

159 3475 314 3548 &terum
349 3476 436 3570 apud
467 3499 588 3571 equam
614 3479 740 3549 Sullam
772 3500 847 3549 eum
877 3477 1043 3572 equitibus
1073 3487 1202 3548 noctem
1228 3477 1352 3568 agitare

157 3599 259 3670 iubet.
307 3601 382 3692 lpse
413 3601 573 3694 paulatim
605 3602 768 3695 dispersos
793 3601 914 3672 milites
939 3623 1047 3694 neque
1073 3600 1181 3670 minus
1207 3600 1352 3672 hostibus

156 3723 359 3796 conturbatis
384 3725 547 3796 inunum
571 3725 749 3797 contrahit:
788 3726 864 3796 dein
896 3735 1029 3796 cunctos
1061 3724 1162 3819 pleno
1187 3725 1292 3815 gradu
1317 3727 1351 3797 in

155 3848 277 3918 collem
301 3849 464 3920 subducit.
519 3852 569 3921 lta
592 3872 688 3943 reges
714 3849 779 3920 loci
808 3850 1001 3922 difficultate
1026 3851 1129 3921 eoacti
1152 3851 1267 3944 prelio
1292 3852 1352 3923 de-

155 3981 339 4052 terrentur:
372 3995 483 4067 neque
507 3983 618 4044 umen
644 3997 719 4045 suos
744 3976 876 4068 longius
901 3976 993 4048 abire
1021 3978 1142 4060 sinunt,
1176 3979 1234 4050 sed
1260 3990 1352 4050 utro-

154 4119 220 4190 que
245 4096 332 4166 eolle
359 4097 569 4170 multitudine
594 4098 795 4170 circumdato
821 4100 916 4171 ellnsi
940 4101 1129 4172 consedere.
1166 4103 1252 4174 Dein
1277 4125 1351 4174 cre-

152 4218 223 4290 bris
248 4220 382 4312 ignibus
407 4221 500 4293 factis
523 4223 721 4317 plerumque
746 4225 851 4296 noetis
874 4226 1009 4296 barbari
1033 4249 1125 4297 more
1150 4249 1210 4296 suo
1235 4226 1349 4309 letari,

152 4344 317 4429 exultare,
342 4355 488 4439 strepere
505 4346 657 4430 vocibus;
684 4356 716 4417 et
741 4348 803 4441 ipsi
827 4349 927 4421 duces
951 4349 1090 4432 feroces,
1116 4349 1277 4443 quianon
1296 4349 1351 4420 fu-

152 4489 245 4560 gere,
284 4480 341 4542 ant
372 4494 434 4564 pro
463 4471 642 4544 victoribus
667 4494 779 4565 agere.
832 4473 896 4544 Sed
923 4496 962 4544 ea
989 4483 1105 4546 cuncta
1126 4473 1283 4544 Romanis
1308 4496 1350 4544 ex

150 4595 298 4667 tenebris
329 4609 362 4668 et
386 4598 579 4672 editioribus
603 4601 683 4672 locis
705 4601 814 4671 facilia
836 4599 906 4672 visu
932 4623 1119 4693 magnoque
1144 4599 1350 4670 hortamento

152 4732 257 4790 eraut.
