3554 5600
482 635 549 704 tae

475 835 615 928 patriai
649 834 738 920 Quid
765 835 856 927 leges
885 836 988 926 igitur
1013 847 1140 906 nostras
1165 837 1281 916 violas,
1308 835 1474 906 Catilina?
1512 837 1588 927 quid
1620 861 1663 905 se-

474 972 570 1032 natus
595 929 779 1031 auctoritati
807 959 1030 1030 contradicis?
1068 962 1223 1054 Aequum
1251 972 1310 1042 est,
1338 960 1482 1030 instituta
1517 963 1664 1030 maiorum

474 1095 574 1178 atque
600 1083 707 1156 edicta
732 1083 919 1176 gravissimi
949 1085 1212 1178 sanctissimique
1247 1083 1374 1155 ordinis
1408 1086 1489 1178 quia
1521 1085 1666 1178 perstrin-

473 1231 553 1302 gere
579 1209 713 1280 vesania
738 1217 795 1278 tua
820 1230 887 1278 non
915 1229 949 1276 es
974 1207 1110 1288 veritus,
1146 1229 1186 1278 ca
1212 1209 1364 1277 restituas
1389 1231 1428 1277 ac
1454 1208 1575 1279 sarcias
1598 1231 1666 1299 sup

473 1333 565 1426 plicii
589 1334 638 1403 tui
665 1333 873 1404 memorabili
900 1331 1198 1403 animadversione.

439 1445 443 1458 ⁸
546 1482 607 1529 ιι.
658 1456 802 1528 ldanlius
823 1457 1010 1549 Torquatus
1036 1455 1277 1538 attonsorum,
1303 1480 1434 1530 summa
1459 1469 1492 1526 et
1517 1456 1666 1547 singulari

473 1584 592 1654 virtute
624 1582 884 1662 adolescentem,
924 1579 1013 1673 quod
1045 1581 1073 1650 is
1110 1581 1144 1650 in
1180 1580 1306 1651 bostem
1342 1591 1456 1652 contre
1489 1581 1667 1651 mandatum

473 1707 616 1802 patrium
635 1705 836 1786 dimicasset,
862 1705 1022 1775 victorem
1047 1705 1176 1799 percuti
1201 1705 1310 1777 securi
1337 1705 1446 1775 iussit:
1475 1729 1540 1782 nos
1564 1715 1595 1774 tc
1610 1717 1666 1773 tam

473 1832 650 1904 temerario
689 1853 772 1902 ausu
810 1829 1001 1900 tendentem
1036 1839 1152 1899 uonna
1185 1829 1340 1900 mandata
1374 1841 1523 1910 senatus,
1564 1839 1669 1898 conua

473 1957 634 2028 universa
660 1955 820 2024 Romanae
845 1952 893 2022 rei
919 1951 1061 2045 publicae
1091 1953 1292 2024 maiestatem
1320 1953 1496 2024 Catilinam
1530 1953 1669 2044 periere·

472 2081 570 2154 musi
611 2083 752 2155 Maiores
769 2079 850 2150 olim
876 2079 989 2163 nostri,
1016 2079 1246 2173 sapientissimi
1272 2079 1423 2152 homines
1441 2091 1475 2150 et
1490 2080 1562 2148 sino
1577 2077 1669 2151 dublo

472 2207 671 2298 gravissimi,
704 2229 785 2277 num
812 2205 902 2296 leges
927 2227 947 2272 e
974 2203 1102 2274 Graecia
1127 2227 1188 2297 per
1213 2204 1338 2297 legatos
1362 2227 1439 2275 suos
1464 2201 1670 2274 accersendas

471 2355 543 2402 esse
569 2340 778 2425 putaverunt,
814 2326 933 2420 quibus
959 2324 1046 2397 banc
1072 2327 1202 2421 imperii
1229 2329 1492 2420 magnitudinem
1518 2337 1669 2420 perpetuo

471 2456 668 2536 stabilirent,
700 2464 738 2524 ut
763 2463 796 2524 tu
824 2449 923 2522 homo
948 2471 1066 2520 recens
1093 2452 1267 2520 severitate
1293 2453 1427 2524 illarum
1452 2474 1530 2523 cum
1555 2452 1670 2522 barba-

472 2582 548 2652 tulis
574 2580 638 2651 tuis
663 2575 872 2649 abutereris?
915 2577 989 2644 Non
1016 2575 1059 2643 ita
1085 2575 1192 2646 visum
1219 2575 1554 2670 Carthaginiensibus
1578 2599 1670 2646 acce-

471 2705 580 2797 pimus
598 2703 632 2773 in
650 2703 816 2772 Hannone
834 2722 894 2769 suo
911 2697 1007 2767 morti
1026 2697 1290 2780 condemnando,
1307 2699 1485 2770 fortissimo
1502 2723 1542 2770 ac
1558 2701 1671 2770 triurn-

471 2827 564 2924 pbali
590 2827 672 2908 viro,
706 2824 795 2918 quod
821 2824 849 2892 is
875 2823 983 2918 edicto
1016 2833 1149 2892 senatos
1175 2824 1285 2894 minus
1310 2823 1588 2918 obtemperavisse
1613 2849 1671 2919 pu-

471 2964 606 3024 taretur.
633 2953 706 3021 Non
721 2950 765 3020 ita
778 2945 1184 3042 placuitAtheniensibus,
1200 2947 1274 3018 urbi
1286 2949 1357 3018 sinc
1370 2948 1470 3020 dubio
1480 2948 1671 3020 doctissima

469 3092 569 3172 atque
587 3076 828 3156 eruditissima,
855 3096 931 3144 cum
950 3095 968 3142 e
986 3072 1101 3143 Sicilia
1118 3073 1275 3165 belloque
1297 3075 1492 3165 gravissimo
1514 3099 1672 3145 revocan-

470 3203 548 3274 dum
577 3223 649 3272 esse
670 3197 878 3269 Alcibiadem
904 3207 1100 3278 statuerunt,
1130 3218 1296 3266 summum
1324 3208 1356 3266 et
1379 3197 1586 3290 singularem
1612 3200 1673 3267 irn-

470 3337 667 3421 peratorem,
693 3344 794 3416 quem
819 3321 973 3392 iuberent
998 3321 1134 3412 expiare
1155 3319 1319 3413 supplicio
1344 3343 1404 3391 suo
1430 3323 1521 3414 leges
1545 3324 1672 3393 violata

470 3447 653 3542 religionis.
706 3449 780 3518 Non
812 3446 856 3515 ita
882 3443 1026 3539 denique
1056 3444 1237 3516 maioribus
1262 3445 1383 3516 nostris
1408 3446 1590 3518 iudicatum
1615 3459 1671 3526 est,

470 3574 660 3647 cohortibus
678 3573 884 3644 exoletorum
900 3582 1033 3642 tuorum
1053 3573 1215 3641 sententia
1240 3593 1314 3641 mea
1341 3573 1441 3664 longe
1467 3586 1673 3667 anteponen-

469 3699 531 3780 dis,
566 3719 641 3768 cum
674 3700 713 3767 L.
738 3695 918 3787 Sulpitium
951 3693 1117 3764 consulari
1147 3693 1275 3764 familia
1312 3717 1509 3789 summoque
1540 3696 1674 3789 ingenio

469 3823 578 3893 virum
604 3832 737 3914 propter
755 3820 912 3910 exiguam
928 3832 1041 3889 notam
1060 3819 1245 3890 libidinosae
1263 3819 1458 3914 suspicionis
1475 3835 1675 3892 censuerunt

467 3945 705 4017 removendum
731 3967 749 4014 e
775 3956 889 4013 senatu
927 3943 1113 4037 multosque
1143 3944 1213 4013 dies
1247 3943 1280 4011 in
1314 3943 1455 4014 vinculis
1481 3943 1673 4016 babendum

468 4093 539 4140 esse
566 4079 770 4163 putaverunt.

541 4215 614 4264 ιιι.
665 4194 731 4263 Vos
747 4214 838 4274 vero,
864 4189 1005 4272 ludices,
1032 4191 1207 4263 Catilinam
1227 4215 1291 4261 non
1318 4193 1417 4263 modo
1438 4195 1529 4286 leges
1547 4205 1674 4265 nostras

467 4329 566 4412 atque
600 4317 827 4389 auctoritatem
861 4325 994 4385 senatus
1028 4315 1207 4387 crudeliter
1237 4315 1509 4399 labefactantem,
1556 4343 1674 4390 verum

467 4445 565 4515 etiam
591 4443 761 4513 universos
787 4439 874 4510 cives
900 4439 941 4509 ad
967 4439 1146 4532 perniciem
1174 4441 1261 4510 lerro
1283 4439 1484 4535 flammaque
1506 4442 1675 4514 devocan-

465 4579 533 4638 tcm
559 4568 694 4660 impune
719 4561 915 4656 perferetis?
953 4565 1042 4633 lacet
1072 4562 1174 4632 bomo
1205 4573 1386 4654 prostratus
1414 4576 1536 4635 eventu
1561 4568 1675 4637 maxi-

466 4714 594 4765 marum
630 4689 856 4760 molitionum:
897 4697 933 4757 ut
966 4689 1024 4781 qui
1054 4699 1190 4757 conatus
1224 4709 1299 4757 suos
1328 4688 1529 4759 conscientia
1563 4703 1674 4761 vestra
