3610 5592
489 669 536 738 20

487 893 596 962 neque
620 869 746 956 bellum
771 891 889 959 gerere
914 891 1023 960 neque
1039 890 1155 960 pacem
1182 867 1320 950 babere,
1352 891 1412 940 suo
1436 869 1576 962 quisque
1600 883 1684 942 metu

486 995 636 1088 pericula
661 993 780 1063 metiri.
818 991 872 1062 Ad
897 992 959 1062 boc
985 991 1160 1075 mulieres,
1187 993 1306 1084 quibus
1325 994 1373 1063 rei
1394 994 1535 1087 publica
1561 997 1685 1088 magni-

486 1119 599 1190 tudine
625 1119 704 1189 belli
729 1119 827 1189 timor
850 1119 1000 1188 insolitus
1015 1118 1220 1200 incesserat,
1255 1117 1415 1189 afflictare
1440 1143 1527 1202 sese,
1574 1145 1685 1192 manus

485 1245 650 1338 supplices
674 1245 716 1315 ad
742 1247 860 1315 caelum
886 1244 1035 1328 tendere,
1060 1245 1211 1316 miserari
1228 1267 1345 1337 parvos
1371 1246 1507 1326 liberos,
1533 1247 1685 1337 rogitare,

485 1373 597 1441 omnia
622 1395 761 1464 pavere,
793 1372 948 1465 superbia
983 1382 1081 1463 atque
1107 1371 1234 1441 deliciis
1260 1371 1387 1441 omissis
1418 1371 1480 1442 sibi
1509 1371 1685 1465 patrieque

485 1495 647 1566 diffidere.
699 1500 742 1568 At
766 1495 916 1566 Catilina
943 1495 1086 1565 erudelis
1119 1495 1248 1565 animus
1277 1495 1394 1564 eadem
1429 1495 1486 1565 illa
1520 1496 1684 1578 movebat,

484 1620 612 1691 tametsi
636 1620 789 1713 praesidia
813 1620 1013 1713 parabantur
1046 1629 1077 1689 et
1103 1620 1172 1712 ipse
1205 1619 1279 1710 lege
1312 1619 1439 1690 Plautia
1471 1619 1686 1710 interrogatus

484 1753 554 1813 erat
587 1741 629 1812 ab
659 1746 698 1814 L.
724 1742 839 1814 Panlo.
890 1744 1058 1813 Postremo
1084 1741 1311 1812 dissimulandi
1341 1763 1440 1812 censa
1471 1752 1527 1812 ant
1552 1743 1602 1813 sni
1626 1767 1686 1812 ex-

483 1866 664 1960 purgandi,
691 1835 776 1935 sicut
793 1865 902 1957 iurgio
919 1865 1087 1935 lacessitus
1107 1865 1210 1945 toret,
1242 1865 1276 1934 in
1293 1875 1444 1934 senatum
1460 1865 1560 1935 venit.
1602 1868 1685 1935 Tum

482 1993 527 2062 Μ.
542 1991 671 2062 Tullius
696 1990 832 2071 consul,
858 1989 927 2058 sive
952 1989 1160 2082 presentiam
1187 1989 1258 2060 eins
1284 1989 1402 2058 timens
1427 1989 1496 2059 sive
1522 1989 1574 2059 ira
1594 2012 1686 2059 com-

481 2125 609 2197 motus,
636 2116 818 2187 orationem
844 2115 961 2185 babuit
983 2115 1185 2185 luculentam
1203 2127 1301 2209 atque
1328 2116 1441 2186 utilem
1458 2117 1508 2186 rei
1533 2117 1684 2209 publicae,

481 2262 581 2333 qnam
606 2252 719 2334 postea
743 2241 898 2334 scriptam
924 2239 1037 2310 edidit.
1088 2239 1153 2310 Sed
1178 2240 1234 2311 ubi
1267 2239 1325 2310 ille
1358 2239 1496 2320 assedit,
1529 2240 1684 2321 Catilina,

480 2375 516 2436 nt
541 2375 611 2435 erat
635 2375 768 2457 paratus
793 2363 835 2434 ad
860 2361 1097 2434 dissimulanda
1121 2363 1251 2444 omnia,
1286 2362 1429 2433 demisso
1461 2363 1570 2444 vultu,
1604 2385 1685 2432 voce

479 2490 618 2582 supplici
655 2489 841 2581 postulare,
875 2498 984 2580 patres
1016 2486 1191 2579 conscripti
1225 2509 1267 2556 ne
1303 2485 1383 2578 qnid
1417 2486 1457 2556 de
1491 2509 1526 2556 se
1561 2497 1685 2556 temere

479 2614 672 2694 crederent:
707 2637 746 2685 ea
775 2615 902 2686 familia
935 2625 1064 2698 ortum,
1099 2615 1143 2684 ita
1177 2637 1214 2684 se
1248 2615 1289 2684 ab
1324 2615 1549 2686 adulescentia
1582 2615 1684 2686 vitam

479 2736 670 2820 instituisse,
698 2739 857 2808 utomnia
873 2739 960 2809 bona
978 2738 1012 2808 in
1035 2761 1092 2832 spe
1118 2738 1276 2818 baberet;
1303 2761 1346 2808 ne
1371 2748 1594 2820 aestumarent,
1620 2739 1685 2809 sibi

477 2861 615 2953 patricio
644 2861 787 2943 bomini,
823 2863 916 2933 cuius
942 2863 1044 2955 ipsius
1075 2872 1174 2954 atque
1206 2861 1369 2931 maiorum
1403 2861 1546 2955 plnrima
1579 2863 1686 2932 bene-

477 2984 551 3054 ficia
568 2986 603 3056 in
627 2985 758 3077 plebem
784 2988 966 3056 Romanam
992 2995 1120 3068 essent,
1146 2985 1274 3078 perdita
1289 2986 1474 3078 republica
1491 3009 1573 3079 epus
1600 2965 1711 3068 esses

477 3133 552 3182 cum
587 3133 660 3181 eam
686 3121 832 3181 servaret
856 3113 900 3181 Μ.
932 3109 1075 3192 Tullius,
1113 3111 1298 3203 inquilinus
1330 3109 1411 3179 civis
1436 3111 1528 3181 urbis
1557 3113 1685 3182 Romae.

475 3235 527 3305 Ad
554 3236 618 3305 boc
643 3234 819 3305 maledicta
848 3235 915 3304 alia
942 3257 1016 3303 cum
1042 3234 1195 3314 adderet,
1232 3235 1425 3327 obstrepere
1451 3257 1582 3318 omnes,
1616 3236 1686 3308 bo-

475 3370 556 3428 stem
574 3369 673 3450 atque
689 3358 888 3451 parricidam
901 3381 1031 3428 vocare.
1075 3358 1158 3428 Tum
1177 3357 1234 3426 ille
1252 3357 1462 3428 furibundus:
1492 3359 1685 3444 «Quoniam

475 3483 609 3574 quidem
626 3483 884 3564 circumventus,
911 3481 1033 3573 inquit,
1052 3481 1093 3550 ab
1115 3480 1257 3550 inimicis
1274 3504 1420 3576 praeceps
1438 3505 1537 3575 agor,
1563 3484 1686 3554 incen-

474 3605 565 3676 dium
592 3629 701 3678 meum
719 3607 816 3677 ruina
842 3605 1068 3696 extinguam.»

548 3753 657 3801 xxxu.
709 3731 838 3802 Deinde
852 3753 886 3800 se
905 3754 947 3800 ex
965 3729 1058 3800 ouria
1076 3727 1209 3798 domum
1227 3729 1407 3823 proripuit;
1426 3730 1472 3800 ibi
1489 3735 1593 3804 multa
1610 3735 1685 3828 ipse

473 3877 586 3924 secum
613 3856 764 3937 volvens,
803 3855 892 3948 quod
919 3875 1028 3946 neque
1063 3852 1187 3923 insidiae
1214 3854 1341 3923 consuli
1373 3856 1613 3948 procedebant,
1651 3870 1686 3928 et

473 3979 514 4048 ab
549 3978 703 4049 incendio
738 3979 951 4070 intellegebat
983 3975 1098 4046 urbem
1125 3975 1247 4067 vigiliis
1286 3977 1467 4062 munitam,
1506 3991 1684 4074 optumum

473 4105 559 4174 lactu
585 4103 721 4173 eredens
747 4103 929 4173 exercitum
955 4122 1078 4190 augere
1104 4123 1143 4168 ac
1168 4100 1275 4191 prins,
1303 4123 1403 4193 quam
1420 4103 1569 4195 legiones
1595 4108 1686 4176 scri-

471 4227 642 4308 berentur,
669 4227 771 4296 multa
795 4235 1009 4319 antecapere,
1036 4247 1111 4315 quae
1136 4223 1226 4294 bello
1251 4225 1325 4295 usui
1351 4227 1475 4310 lorent,
1503 4241 1598 4300 nocte
1624 4231 1686 4300 in-

472 4361 629 4445 tempesta
656 4373 731 4421 cum
758 4349 870 4442 paucis
903 4349 937 4418 in
963 4345 1131 4420 Manliana
1165 4357 1269 4416 castra
1303 4349 1468 4440 proiectus
1502 4364 1560 4423 est.
1613 4357 1684 4426 Sed

471 4475 619 4567 Cethego
644 4487 743 4567 atque
769 4474 911 4544 Lentulo
929 4471 1132 4563 ceterisque,
1158 4493 1299 4562 quorum
1318 4487 1516 4563 cognoverat
1540 4501 1685 4572 promp-

471 4609 537 4669 tam
563 4598 750 4678 audeciam,
785 4596 933 4678 mandat,
966 4595 1086 4687 quibus
1112 4595 1210 4665 rebus
1235 4609 1385 4688 possent,
1420 4621 1500 4693 opes
1526 4603 1684 4674 factionis

470 4723 681 4804 confirment,
700 4721 835 4791 insidias
853 4719 984 4790 consuli
1002 4728 1180 4801 maturent,
1207 4719 1352 4805 cedem,
1372 4723 1524 4796 incendia
1541 4727 1683 4820 aliaque
