3582 5594
1315 620 1361 690 87

154 820 295 892 advorso
321 819 395 889 tono
421 819 663 888 vietortemeu
690 819 811 889 virtute
836 817 961 900 inisset,
998 816 1142 888 bostium
1167 839 1249 908 agro
1274 818 1363 910 poti·

155 955 257 1026 retur,
292 941 490 1035 iogurtbnm
519 940 734 1034 magnifieum
767 965 811 1012 ex
834 941 914 1012 Auli
942 941 1092 1012 socordio
1123 964 1216 1034 spem
1247 942 1363 1012 solutis

156 1070 189 1140 in
213 1067 397 1140 solitudine
422 1077 479 1136 not
503 1066 582 1158 iugo
607 1065 771 1158 coegisset
792 1065 928 1136 babere.
970 1066 1086 1158 ltaque
1110 1075 1242 1136 senatus
1259 1066 1302 1136 ob
1319 1089 1360 1136 en

156 1193 297 1264 feliciter
321 1201 396 1262 notu
419 1191 470 1260 dis
495 1190 725 1262 inmortalibus
746 1190 908 1282 supplicia
929 1190 1129 1271 deoeruere;
1158 1189 1271 1260 civitas
1292 1199 1361 1260 tre-

155 1317 232 1410 pide
257 1325 358 1388 ouon
382 1323 416 1385 et
439 1314 580 1386 sollicita
605 1315 646 1385 de
671 1315 752 1386 belli
778 1323 898 1384 eventu
922 1315 998 1384 laetn
1027 1335 1140 1406 ogere,
1166 1313 1208 1384 de
1224 1316 1360 1387 Metello

156 1442 247 1512 [nutu
280 1442 444 1534 omniurn
477 1461 559 1509 esse.
618 1439 723 1530 Igitur
754 1461 795 1508 eo
829 1438 989 1509 intentior
1016 1438 1058 1509 nd
1089 1438 1261 1510 victoriam
1286 1439 1358 1523 niti,

156 1564 313 1635 omnibus
338 1563 445 1634 modis
470 1563 635 1644 festinare,
668 1585 785 1634 novere
811 1571 937 1648 tumen,
967 1563 1088 1634 necubi
1114 1563 1198 1634 hosti
1224 1573 1361 1656 oportu-

157 1711 219 1759 nus
245 1687 353 1769 tieret,
395 1687 584 1756 meminisse
615 1697 689 1778 post
712 1685 854 1778 glorium
883 1687 1041 1760 iuvidiam
1072 1687 1177 1781 sequi.
1220 1689 1268 1758 ito
1294 1711 1361 1782 quo

157 1812 280 1884 einrior
295 1821 378 1894 eret,
404 1835 445 1880 eo
462 1811 568 1901 magis
585 1811 704 1881 nunus
717 1819 799 1892 erut,
826 1835 936 1905 neque
954 1821 1027 1905 post
1040 1811 1175 1883 insidias
1192 1810 1361 1904 iugurthae

156 1937 260 2008 ed'uso
286 1936 434 2006 exercito
459 1935 618 2027 praednri3
653 1935 711 2005 ubi
736 1935 903 2006 frumento
934 1947 994 2008 nnt
1021 1937 1144 2030 panno
1169 1959 1252 2030 opus
1278 1947 1359 2020 erat,

156 2061 311 2132 eobortos
344 2081 421 2130 eum
450 2059 543 2129 omni
575 2059 721 2152 equitatu
754 2059 944 2152 praesidium
976 2062 1162 2154 ngitebant3
1196 2062 1361 2132 exereitus

158 2195 287 2280 purtem
312 2185 395 2278 ipse,
419 2183 566 2277 reliquos
591 2183 716 2255 Murius
740 2181 893 2254 ducebat.
943 2185 1008 2256 Sed
1034 2185 1103 2278 igni
1127 2187 1234 2280 magis
1259 2209 1360 2279 quom

157 2309 270 2404 prode
301 2330 399 2400 eger..
407 2307 606 2378 vastabatur.
657 2308 796 2379 Duobus
829 2309 912 2378 loeis
950 2310 1040 2380 bnud
1075 2311 1174 2402 longe
1207 2311 1292 2380 inter
1325 2335 1360 2380 se

158 2433 474 2513 minuebant:
513 2431 572 2502 ubi
597 2431 628 2502 vi
654 2454 737 2525 opus
762 2443 843 2518 eret,
873 2434 983 2504 cuncti
1007 2435 1163 2516 ederunt3
1202 2446 1359 2518 ceterum,

159 2585 225 2655 quo
250 2559 333 2650 ingo
357 2568 457 2650 etque
483 2555 623 2627 formido
649 2555 745 2627 letius
772 2568 946 2642 cresceret,
971 2558 1094 2630 divorsi
1119 2560 1272 2652 agebunt.
1311 2562 1361 2632 Eo

160 2698 311 2780 tempore
335 2681 497 2777 Iugurtha
521 2705 582 2776 per
606 2683 708 2754 eolles
730 2683 841 2777 sequi:
870 2694 1000 2778 tempus
1024 2695 1083 2756 eut
1105 2686 1216 2757 iocum
1240 2705 1361 2780 pugno

159 2831 324 2905 nume,
349 2831 416 2902 qun
431 2817 607 2878 venturum
625 2806 754 2878 bostem
771 2807 932 2893 audieret,
958 2810 1116 2903 pabulum
1141 2821 1174 2880 et
1198 2832 1361 2904 uquarum

161 2935 277 3016 tontes,
312 2955 455 3028 qnorum
480 2930 621 3024 penuria
646 2941 726 3012 eret,
761 2954 994 3025 eorrumpere:
1032 2933 1132 3006 modo
1157 2957 1192 3004 se
1217 2935 1361 3016 Metello,

161 3057 328 3130 interdum
352 3056 460 3130 ttario
484 3055 672 3136 ostendere;
706 3065 887 3148 postremos
916 3057 950 3126 iu
979 3057 1113 3148 agmine
1138 3069 1299 3152 temptare
1322 3081 1363 3128 ne

160 3181 271 3254 nanim
297 3180 332 3250 in
357 3179 453 3250 eollis
477 3178 627 3271 regredi3
651 3201 765 3249 rursus
790 3179 875 3262 eliis,
901 3190 974 3273 post
998 3181 1073 3251 eliis
1098 3181 1262 3253 minitari:
1302 3206 1364 3252 ue·

161 3328 227 3400 que
252 3304 406 3398 proelium
431 3303 553 3385 tacere,
587 3325 696 3397 neque
722 3303 826 3374 otium
859 3303 946 3396 poth
985 3306 1212 3377 tantummodo
1237 3307 1362 3378 bostem

163 3429 205 3502 ab
230 3428 362 3521 incepto
386 3426 540 3498 retinere.

236 3573 305 3622 err.
356 3553 525 3622 Romanus
551 3550 730 3644 imperator
754 3552 811 3622 ubi
837 3575 872 3622 se
898 3552 980 3624 dolis
1013 3553 1142 3646 setigeri
1169 3556 1268 3640 videt,
1304 3580 1366 3626 ue-

163 3699 228 3771 qne
253 3675 298 3748 ab
322 3675 415 3746 boeto
441 3675 570 3769 copiam
596 3675 767 3770 pugnandi
792 3676 883 3758 fieri;
910 3677 1025 3750 urbem
1043 3701 1198 3771 maguum
1223 3691 1256 3749 et
1273 3681 1307 3750 iu
1326 3704 1366 3752 ea

164 3811 268 3894 purte,
295 3823 363 3892 quo
388 3799 450 3870 situ
475 3811 556 3883 erat,
582 3823 692 3872 urcem
718 3801 825 3893 regni,
850 3801 985 3872 nomine
1002 3805 1150 3886 Zumnm,
1174 3805 1287 3874 statuit
1305 3829 1367 3898 op-

165 3947 331 4018 pugnare:
363 3933 453 3994 retus
478 3924 525 4010 id,
554 3924 644 4019 quod
669 3926 838 4016 negotium
863 3925 1027 4018 poscebat,
1053 3928 1247 4018 Iugurtham
1272 3929 1368 4000 lebo-

165 4049 313 4120 rnntibus
337 4047 406 4118 suis
430 4047 556 4120 auxilio
580 4059 754 4120 venturum
787 4049 899 4143 ibique
921 4050 1076 4144 prolium
1111 4051 1192 4121 iore.
1243 4054 1286 4122 At
1312 4052 1368 4123 ille

165 4195 239 4268 que
263 4172 466 4267 parabuntur
490 4196 512 4244 n
536 4172 683 4266 perfugis
711 4172 857 4257 edoctus,
897 4174 1028 4266 mugnis
1053 4174 1226 4247 itineribus
1251 4178 1370 4248 Metel·

166 4297 235 4368 lum
261 4297 441 4379 antevenit,
474 4297 656 4390 oppidanos
681 4296 840 4380 hortetur,
875 4299 996 4368 moenin
1030 4298 1218 4384 defendent,
1253 4299 1370 4371 additis

167 4421 293 4494 auxilio
319 4422 481 4516 perfugis,
506 4421 596 4516 quod
621 4443 727 4514 genus
753 4445 794 4491 ex
821 4423 923 4516 copiis
948 4422 1049 4514 regis,
1076 4423 1154 4517 quia
1176 4423 1291 4494 fellere
1308 4449 1371 4502 ue-

167 4547 292 4638 quibat,
318 4545 554 4618 firmissumum
580 4555 660 4616 erut.
704 4547 866 4616 Praetereo
892 4545 1069 4638 pollicetur
1093 4547 1125 4616 iu
1148 4557 1295 4640 tempore
1317 4573 1370 4620 se-

167 4683 234 4744 net
258 4696 335 4744 oum
362 4671 510 4744 exercitu
535 4671 659 4742 adfore.
710 4673 757 4742 ltu
786 4673 971 4765 compositis
996 4671 1095 4744 rebus
1121 4674 1154 4744 in
1182 4674 1253 4744 iooe
1271 4697 1371 4768 quom
