3582 5594
491 680 538 750 dd

370 926 373 934 ·
490 880 535 951 ibi
552 879 705 950 resistere
722 900 761 948 ac
778 877 985 971 propulsare:
1013 899 1117 958 arma,
1143 875 1220 960 tela,
1247 879 1335 970 eqni,
1362 879 1438 959 viri,
1464 877 1574 948 hostes
1587 889 1683 970 atquc

489 1005 577 1074 cives
601 1003 774 1098 permixti;
807 1003 890 1073 nibil
915 1001 1052 1072 consilio
1077 1025 1186 1095 oeque
1211 1002 1352 1096 imperio
1375 1003 1451 1095 agi;
1481 1004 1549 1073 fors
1574 1005 1683 1072 omnia

489 1149 616 1220 regere.
655 1128 768 1216 ltaque
787 1124 924 1196 multum
941 1124 1008 1196 diei
1025 1135 1238 1217 processerat,
1265 1149 1340 1196 cum
1364 1127 1462 1195 etiam
1488 1137 1557 1194 tum
1583 1149 1684 1196 even·

490 1263 539 1322 tus
564 1252 598 1322 in
624 1251 749 1320 incerto
775 1262 855 1321 erat.
893 1250 1047 1344 Denique
1073 1250 1226 1321 omnibus
1251 1250 1364 1321 labore
1390 1261 1422 1320 et
1446 1261 1527 1321 astu
1553 1251 1684 1342 langui-

490 1373 550 1456 dis,
576 1374 728 1447 Metellus
753 1373 809 1445 ubi
831 1372 920 1443 videt
936 1373 1095 1444 Numidas
1121 1374 1230 1444 minus
1256 1374 1388 1455 instare,
1413 1373 1571 1467 paulatim
1597 1375 1685 1444 mili·

489 1510 536 1570 tes
561 1498 595 1568 in
621 1521 723 1569 unum
749 1497 912 1579 conducit,
939 1497 1070 1566 ordines
1094 1496 1235 1567 rest'rtuit
1259 1509 1292 1566 ct
1308 1498 1460 1568 cobortes
1484 1499 1685 1587 legionarias

489 1637 630 1719 quatuor
655 1622 829 1693 advorsum
853 1621 978 1715 pedites
999 1621 1139 1692 bostium
1158 1621 1311 1700 collocat;
1339 1645 1453 1692 eorum
1471 1643 1594 1713 magna
1610 1645 1684 1714 pars

488 1748 711 1842 superioribus
744 1746 825 1816 locis
859 1747 942 1816 fessa
972 1745 1173 1816 consederat.
1230 1746 1336 1817 Simul
1369 1768 1463 1816 orare
1497 1753 1530 1814 et
1561 1746 1685 1816 hortari

488 1873 621 1953 milites,
647 1893 689 1941 ne
714 1869 891 1940 delicerent
922 1892 988 1940 neu
1013 1879 1202 1963 paterentur
1226 1868 1326 1940 bostis
1351 1870 1512 1961 fugientes
1533 1871 1684 1950 vincere:

489 2021 597 2090 neque
622 1996 687 2067 illis
712 2007 819 2065 castra
844 2017 915 2064 esse
941 2017 1049 2087 neque
1074 1995 1314 2065 munimentum
1332 1993 1448 2076 ullum,
1474 2019 1541 2088 quo
1563 1995 1684 2065 ceden-

489 2134 536 2192 tes
561 2121 750 2202 tendorcnt;
789 2119 823 2190 in
852 2119 954 2188 armis
985 2119 1096 2188 omnia
1121 2119 1192 2188 sita.
1244 2117 1308 2187 Sed
1337 2140 1399 2187 nec
1424 2117 1583 2210 lugurtba
1610 2121 1685 2212 qui-

488 2247 565 2317 dem
581 2246 707 2316 interea
723 2243 853 2338 quietus
870 2252 955 2312 erat:
982 2242 1169 2324 circumire,
1196 2239 1332 2322 hortari,
1357 2264 1516 2313 renovare
1533 2243 1684 2335 praelium

489 2380 522 2439 et
547 2371 616 2464 ipse
641 2391 716 2440 cum
742 2367 878 2438 delectis
904 2377 1062 2460 temptare
1087 2365 1210 2443 omnia.
1236 2366 1410 2435 subvenire
1433 2367 1511 2449 suis,
1538 2366 1684 2439 hostibus

490 2495 597 2567 dubiis
622 2496 756 2576 instare,
789 2516 871 2588 quos
896 2495 1008 2564 firmos
1034 2503 1241 2584 cognoverat,
1276 2493 1403 2562 eminus
1427 2491 1607 2586 pugnando
1631 2517 1686 2563 re-

490 2621 605 2690 tinere.

563 2765 619 2812 arr.
672 2744 721 2814 Eo
745 2737 846 2810 modo
871 2742 956 2811 inter
981 2763 1016 2811 sc
1038 2741 1102 2811 duo
1124 2741 1348 2834 imperatores,
1375 2741 1494 2812 summi
1510 2743 1587 2825 viri,
1613 2765 1685 2812 cer-

490 2869 620 2939 tabant:
651 2867 714 2959 ipsi
739 2888 844 2958 pares,
878 2875 1023 2936 ceterum
1053 2865 1170 2958 opibus
1195 2864 1392 2958 disparibus.
1443 2869 1527 2936 Nam
1553 2869 1685 2938 bletello

491 2993 594 3064 virtus
618 2990 760 3061 militum
778 2999 859 3071 erat,
886 2989 978 3060 locus
995 2989 1168 3068 advorsns;
1194 2989 1362 3080 lugnrtbae
1387 2991 1454 3060 alia
1470 2991 1583 3062 omnia
1600 3015 1686 3084 pra-

490 3129 541 3188 ter
564 3115 684 3186 milites
705 3124 875 3207 oportuna.
923 3114 1076 3208 Denique
1093 3114 1246 3195 Romani,
1276 3114 1332 3184 ubi
1363 3115 1551 3208 intelligunt
1576 3140 1685 3210 neque

490 3241 553 3313 sibi
577 3239 764 3334 perfugium
791 3260 861 3307 esse
886 3261 995 3330 neque
1022 3237 1063 3308 ab
1088 3238 1181 3308 bostc
1206 3239 1333 3331 copiam
1354 3240 1523 3332 pugnandi
1545 3239 1629 3322 lieri,
1656 3253 1687 3310 et

489 3367 556 3437 iam
581 3365 634 3436 die
651 3385 767 3456 vesper
791 3371 873 3444 erat,
899 3361 1037 3433 advorso
1055 3363 1150 3442 colle,
1172 3362 1265 3432 sicuti
1282 3373 1481 3456 preceptum
1499 3375 1581 3447 erat,
1607 3388 1687 3435 eva·

489 3492 581 3562 dunt.
632 3487 762 3561 Amisso
793 3486 867 3556 loco
892 3486 1042 3557 Numidae
1076 3486 1139 3556 iusi
1170 3487 1350 3578 fugatique,
1384 3489 1481 3581 pauci
1512 3489 1684 3570 interiere;

490 3616 664 3710 plerosque
689 3609 845 3682 velocitas
875 3621 908 3680 et
935 3609 1029 3701 regio
1057 3609 1205 3682 hostibus
1229 3611 1345 3702 ignara
1371 3623 1472 3682 tutata
1496 3624 1582 3682 sunt.
1629 3616 1687 3684 ln-

490 3752 580 3811 terea
596 3737 773 3817 Bomilcar,
800 3757 900 3828 quem
924 3732 1106 3827 elephantis
1131 3745 1165 3804 et
1188 3735 1271 3827 parti
1292 3735 1462 3826 copiarum
1483 3736 1685 3829 pedestrium

488 3865 678 3959 proiectum
705 3859 747 3930 ab
771 3857 931 3950 Iugurtha
956 3881 1055 3950 supra
1081 3857 1234 3938 diximus,
1261 3858 1317 3927 nbi
1343 3881 1419 3928 eum
1440 3859 1582 3930 Rutilius
1598 3882 1686 3954 prae-

489 4002 670 4080 tergressus
696 3994 754 4065 est,
788 3982 946 4075 paulatim
981 4003 1056 4051 suos
1089 3981 1123 4050 in
1157 4004 1289 4076 aequnm
1315 3982 1422 4052 locum
1450 3983 1598 4054 deducit:
1634 4009 1684 4066 ac,

488 4114 567 4184 dum
594 4113 721 4202 legatos
746 4107 786 4176 ad
812 4105 948 4186 flumen,
975 4128 1042 4198 quo
1066 4105 1253 4198 premissus
1278 4116 1358 4188 erat,
1384 4106 1541 4178 testinans
1565 4112 1684 4202 pergit,

488 4239 629 4332 quietus,
655 4233 702 4304 uti
715 4253 768 4303 res
785 4229 980 4324 postulabat,
1008 4230 1112 4299 aciem
1126 4241 1281 4300 exornat:
1308 4247 1417 4324 neque
1432 4232 1578 4314 remittit,
1604 4233 1685 4326 qnid

488 4363 611 4454 ubique
636 4358 737 4429 bostis
755 4364 879 4446 ageret,
906 4353 1089 4446 explorare.
1128 4355 1304 4447 Postquam
1321 4354 1481 4424 Rutilium
1499 4357 1686 4428 consedisse

488 4486 554 4556 iam
581 4494 612 4554 et
637 4483 747 4554 animo
773 4501 912 4550 vacuum
939 4479 1077 4572 accepit,
1109 4478 1273 4572 simulque
1305 4502 1348 4549 ex
1372 4479 1539 4571 lugurtbae
1570 4485 1685 4576 praelio

487 4611 666 4680 clamorem
684 4604 817 4698 augeri;
852 4603 984 4685 veritus,
1011 4626 1052 4672 ne
1077 4603 1204 4696 legatus
1230 4603 1360 4695 cognita
1388 4626 1424 4673 re
1459 4605 1685 4677 laborantibus

486 4733 553 4804 suis
579 4731 705 4804 auxilio
729 4731 824 4812 soret,
851 4727 968 4810 aciem,
994 4749 1094 4820 quam
1119 4725 1271 4798 diffidens
1296 4728 1404 4798 virtuti
1430 4729 1572 4801 militum
1596 4742 1684 4801 arcte
