3554 5600
143 832 308 925 suffragio
334 833 563 925 iungerentur.
607 834 660 905 Ob
685 809 750 906 boc
775 837 887 928 itaque
913 837 1070 908 Octavius
1104 839 1236 930 collega
1261 863 1355 910 com-

144 968 269 1038 motus,
308 969 344 1028 nt
376 958 594 1028 seditionibus
624 959 823 1052 privaretur,
866 961 1032 1052 collegam
1070 985 1166 1032 suom
1201 963 1354 1046 Cinnam,

140 1081 371 1154 adnitentibus
396 1081 560 1154 veteribus
586 1081 725 1167 civibus,
759 1083 794 1153 iu
819 1085 958 1156 exilium
981 1086 1070 1156 misit
1090 1097 1247 1169 armatus,
1275 1111 1352 1164 mn-

145 1207 237 1276 nitus
260 1205 416 1276 videlicet
449 1205 551 1299 copiis
583 1206 694 1300 Syllae.
738 1206 822 1290 Qua
856 1232 930 1280 oum
960 1219 1148 1301 agerentur,
1190 1212 1355 1282 maximus

145 1353 188 1400 ex
214 1330 367 1422 utrisque
392 1331 541 1423 partibus
567 1331 687 1402 civium
715 1354 872 1405 numerus
899 1333 1112 1428 interemptus
1129 1345 1188 1404 ost.
1225 1335 1355 1428 Expul-

145 1477 200 1526 sus
229 1455 334 1547 igitur
351 1454 457 1525 Cinna
483 1477 561 1526 oum
586 1451 772 1547 vagaretur,
800 1457 843 1527 ad
859 1457 1019 1541 Africam,
1047 1459 1103 1531 nbi
1117 1459 1241 1532 Marius
1260 1460 1355 1554 inops

146 1589 232 1660 erat,
258 1580 344 1649 torte
368 1579 534 1670 pervenit:
570 1589 669 1672 atque
696 1579 742 1652 ibi
768 1583 1013 1654 communicato
1045 1583 1195 1666 oonsilio,
1228 1585 1355 1658 solliei-

147 1703 222 1774 tat‘u
248 1701 371 1773 animis
397 1700 601 1794 perditorum
627 1704 726 1773 etde
753 1705 926 1796 ergastulis
952 1707 1053 1777 erutis
1078 1707 1191 1789 sorvis,
1225 1709 1355 1780 exerci-

143 1838 215 1898 tum
250 1825 476 1906 oonlecerunt,
510 1839 544 1896 ot
575 1839 702 1898 armata
728 1828 932 1899 validissima
958 1853 1060 1901 manu
1086 1831 1274 1916 inventutis,
1311 1835 1352 1904 ad

146 1951 266 2020 urbem
299 1962 462 2020 venemnt
492 1961 592 2044 atque
621 1951 798 2024 Octavium
824 1952 923 2045 Syllae
958 1954 1132 2024 satellitem
1163 1966 1352 2050 superatum

147 2084 362 2148 necaverunt.
404 2075 498 2144 Tunc
523 2075 614 2146 varia
640 2075 816 2146 omdelitas
842 2086 1021 2170 pervagata
1046 2089 1105 2160 est,
1137 2089 1173 2150 ut
1197 2080 1354 2158 nobilitas

146 2199 254 2268 omnis
286 2197 329 2268 ad
362 2197 579 2290 lugitivorum
612 2199 831 2272 trucidaretur
864 2201 1049 2272 arbitrium.
1100 2205 1209 2298 Atque
1235 2227 1273 2275 ea
1298 2205 1353 2276 in-

147 2321 257 2391 manis
278 2321 405 2392 saevitia
422 2321 540 2392 Cinnae
565 2323 637 2402 tuit,
665 2332 701 2392 ut
725 2347 788 2393 nec
813 2325 879 2394 illis
905 2337 1065 2418 parceret,
1091 2350 1232 2420 quorum
1252 2352 1353 2422 opera

147 2456 218 2516 erat
247 2445 355 2515 vietor
385 2445 532 2515 ell'ectns.
575 2446 616 2516 m
648 2468 723 2518 enm
759 2446 822 2517 buc
852 2448 1028 2520 insolentia
1054 2449 1088 2518 in
1114 2473 1230 2520 omues
1257 2474 1353 2522 com-

146 2572 292 2642 maniter
316 2568 544 2652 baccharetur,
572 2593 647 2640 euru
672 2569 810 2640 haberet
836 2571 1024 2656 conciones,
1050 2595 1070 2644 a
1096 2575 1259 2646 militibus
1284 2577 1352 2646 suis

147 2697 276 2768 occisus
292 2706 352 2764 est.
397 2695 481 2764 Tum
506 2694 645 2777 blarius,
673 2717 716 2764 ne
742 2695 815 2765 sine
841 2697 931 2766 socio
956 2696 1162 2768 dominatum
1189 2701 1352 2772 sustinere

148 2843 212 2890 uon
248 2831 374 2912 posset,
411 2818 598 2890 Carbonem
631 2819 695 2889 sibi
729 2820 762 2889 in
797 2821 937 2912 septimo
972 2821 1152 2893 Consulatu
1187 2824 1350 2916 collegam

147 2944 349 3036 subrogavit.
391 2943 476 3012 Tum
503 2943 594 3035 Sylla
619 2952 708 3012 tanta
738 2943 966 3034 indignatione
1001 2957 1201 3030 commotus,
1237 2960 1351 3020 contra

148 3070 290 3140 blasium
316 3078 416 3159 atque
442 3065 629 3138 Carbonem
654 3067 836 3137 exercitum
863 3069 967 3148 duxit,
1007 3078 1038 3139 et
1072 3069 1157 3140 iuter
1187 3095 1222 3142 se
1254 3073 1351 3145 ferali

148 3192 330 3264 certamine
355 3190 497 3260 Romani
523 3190 686 3260 exercitus
711 3189 903 3262 conflixere.
946 3195 984 3262 lu
1010 3217 1076 3286 quo
1102 3195 1191 3267 bello
1211 3219 1351 3290 supera·
1480 3261 1483 3268 .

149 3328 196 3388 tus
220 3329 271 3386 est
296 3316 431 3388 illarius.
475 3315 560 3396 Tum
585 3337 663 3385 vero
689 3315 780 3408 Sylla
805 3316 921 3395 victor,
947 3316 1106 3410 quicquid
1134 3319 1167 3388 in
1194 3320 1276 3390 urbe
1295 3345 1351 3391 re·

148 3451 324 3522 manserat,
358 3439 538 3510 crudeliter
562 3449 753 3532 persecutus
779 3451 837 3518 est,
873 3441 1256 3513 celsaetudinem
1281 3468 1349 3514 uon

148 3565 290 3636 reddidit
318 3564 460 3656 legibus,
503 3562 562 3633 sed
587 3564 657 3656 ipse
682 3563 836 3655 possedit,
876 3587 915 3632 ac
945 3587 980 3633 se
1006 3565 1106 3634 talem
1132 3566 1282 3659 praebuit,
1316 3580 1350 3637 ut

148 3691 298 3762 Cinnano
323 3709 363 3758 ac
379 3688 540 3769 llariana,
566 3711 667 3781 quam
693 3687 798 3757 ubam
819 3687 911 3768 ierat,
938 3688 1118 3760 dominatio
1135 3703 1348 3784 quareretur.

148 3815 233 3884 ilinc
260 3811 443 3883 Salustius:
471 3812 561 3880 bonis
576 3812 683 3881 initiis
699 3813 799 3880 mulos
812 3825 934 3882 comtos
946 3814 1067 3884 boboit.
1113 3817 1198 3886 Nam
1216 3817 1349 3889 luerunt

147 3940 233 4010 bona
250 3936 426 4030 principia,
452 3935 543 4029 quod
568 3957 758 4027 oppressam
784 3936 888 4005 voluit
907 3937 1028 4008 civium
1047 3938 1226 4012 defendere
1246 3941 1350 4012 libcr-

147 4077 258 4146 tatem,
298 4063 379 4134 mali
411 4071 558 4144 eventus,
593 4073 629 4132 ut
658 4062 820 4153 superatis
853 4061 996 4132 dominis
1022 4075 1054 4134 et
1085 4065 1223 4136 ducibus
1255 4067 1349 4136 saevis

146 4190 281 4279 graviru
315 4187 385 4279 ipse
417 4185 589 4256 civitatem.
615 4186 788 4278 quassant,
827 4186 885 4278 qui
919 4209 953 4256 se
986 4188 1127 4280 publica
1154 4189 1348 4269 calamitatis

148 4313 216 4384 lore
234 4312 432 4405 promiserat
447 4309 667 4381 defensorem.
706 4309 772 4380 llic
789 4332 865 4380 curu
891 4320 1017 4380 teneret
1044 4312 1232 4405 imperium,
1259 4313 1349 4382 mul-

149 4446 196 4506 tas
219 4436 312 4527 leges
344 4457 383 4504 ao
416 4432 488 4503 inra
514 4432 725 4526 proscripsit,
764 4433 875 4505 multis
914 4435 1099 4506 civitatibus
1125 4435 1348 4506 immunitates

149 4559 371 4650 vectigalium,
397 4557 680 4628 multosRomana
703 4558 835 4627 ‘civitate
861 4558 1004 4629 donavit.
1049 4560 1158 4629 lluius
1179 4571 1250 4630 acta
1272 4584 1349 4631 cum

147 4694 282 4754 conatur
301 4681 447 4774 Lepidus
472 4681 505 4749 iu
531 4696 591 4750 suo
617 4683 787 4752 consulatu
814 4682 1016 4762 subvertere,
1043 4695 1157 4754 contra
1184 4687 1348 4776 collegam

1132 4809 1168 4865 12
