3554 5600
447 635 518 704 248

445 832 523 891 nihil
543 825 752 910 aspernatas.“
793 832 949 894 Preterea
969 849 1009 893 es
1029 831 1150 893 Isidoro
1172 831 1370 892 addiderunt:
1403 831 1535 908 ,dantes
1551 831 1630 892 babet

445 937 588 998 Sardinia
613 938 740 1015 oalidos,
770 939 898 1000 infirmis
926 940 1077 1000 medelam
1104 938 1286 1016 prebentes,
1311 936 1431 998 iuribus
1458 940 1631 1012 eaecitatem,

447 1045 474 1105 si
496 1049 688 1107 sacramento
714 1046 786 1108 dato
815 1046 923 1108 oeulos
949 1062 1035 1121 aquae
1056 1045 1124 1105 eius
1145 1038 1332 1121 tetigeriut“
1374 1044 1448 1113 Quae
1469 1061 1522 1104 our
1540 1047 1631 1115 potius

445 1170 502 1229 pro
514 1150 698 1213 Salustianis
718 1151 862 1214 habenda
882 1153 953 1228 sint,
977 1169 1066 1227 quam
1087 1167 1154 1226 oua
1175 1150 1271 1210 multo
1293 1149 1472 1228 diligentius
1491 1152 1569 1228 apud
1581 1150 1632 1210 So·

446 1257 540 1319 linum
562 1277 586 1318 o.
611 1261 656 1319 10.
678 1259 794 1336 seripta
814 1264 893 1335 sunt,
921 1258 1061 1334 equidem
1088 1273 1147 1316 non
1177 1257 1326 1335 intelligo.
1368 1259 1528 1318 Praeterea
1547 1259 1632 1317 verba

446 1368 589 1440 poterant
616 1365 687 1424 addi
715 1381 755 1424 ex
784 1365 893 1425 eodem
919 1362 1052 1426 isidoro:
1094 1363 1145 1439 „ln
1175 1381 1213 1423 ea
1234 1381 1332 1439 neque
1354 1381 1484 1442 serpens
1505 1365 1632 1442 gignitur,

445 1487 544 1547 neque
563 1472 668 1548 lupus,
696 1472 754 1531 sed
774 1469 907 1550 solifuga
927 1475 1051 1545 tantum,
1073 1471 1183 1530 animal
1205 1470 1354 1546 exiguum,
1378 1470 1549 1530 hominibus
1568 1486 1632 1547 per-

445 1569 621 1638 niciosum.“
650 1593 716 1654 quaa
736 1579 781 1637 ita
802 1576 926 1654 supplet
946 1575 1083 1637 Solinus:
1118 1575 1198 1654 „Sed
1220 1578 1302 1652 quod
1323 1577 1394 1636 aliis
1415 1577 1495 1637 loeis
1509 1593 1632 1653 serpens,

446 1682 506 1742 boo
519 1682 653 1761 solifuga
660 1683 767 1743 Sardis
781 1685 880 1760 agris;
894 1683 1007 1744 animal
1022 1683 1221 1761 perexiguum
1237 1684 1398 1759 simileque
1408 1684 1529 1742 araneis
1539 1683 1633 1768 torma,

448 1788 582 1866 solifuga
603 1790 694 1866 diota,
716 1790 798 1867 quod
818 1790 916 1852 solem
937 1789 1043 1868 fugiat
1087 1789 1119 1849 ln
1139 1789 1276 1849 metallis
1302 1791 1488 1866 argentariis
1517 1789 1634 1866 plurima

446 1897 508 1968 est;
538 1911 607 1954 nam
634 1897 734 1956 solum
767 1897 845 1956 illud
873 1897 995 1974 argenti
1023 1897 1112 1957 dives
1140 1898 1205 1971 est;
1234 1895 1376 1956 ooouliim
1404 1899 1508 1973 reptat
1532 1903 1563 1954 et
1586 1911 1634 1972 per

446 2001 678 2078 imprudentiam
701 2002 974 2080 supersedentibus
995 2006 1115 2080 pestem
1136 1997 1239 2064 iaeit.“

527 2105 636 2167 itidem
656 2108 696 2168 de
716 2108 821 2168 Insula
834 2107 960 2169 Corsioa
980 2107 1074 2169 multa
1096 2125 1135 2168 ex
1152 2107 1286 2169 Salustio
1304 2125 1462 2186 expressa,
1483 2125 1547 2184 qna
1560 2109 1629 2186 apud

447 2212 598 2274 isidorum
612 2233 674 2274 ιιι.
688 2216 716 2275 6.
730 2215 873 2292 leguntur
890 2219 923 2276 et
934 2215 974 2275 ad
988 2213 1095 2291 fragm.
1110 2217 1136 2274 b.
1151 2219 1178 2274 5.
1199 2214 1266 2275 Lib.
1281 2233 1312 2274 m
1326 2215 1509 2274 illustranda
1522 2215 1633 2275 iaciunt
1751 2241 1752 2298 p

527 2320 732 2398 Augustiuum
753 2337 888 2398 quoque,
912 2337 980 2382 oum
1004 2320 1164 2398 plurimum
1189 2321 1323 2382 Salustio
1353 2321 1506 2396 tribuerit,
1535 2322 1634 2398 sapius
1751 2299 1752 2352 3

448 2445 538 2504 quam
559 2444 627 2488 eum
648 2433 805 2488 auotorem
825 2427 945 2504 laudet,
969 2427 1067 2486 verba
1088 2427 1154 2486 eius
1175 2429 1383 2505 expressisse,
1411 2444 1499 2487 nemo
1525 2428 1634 2502 estqui
1751 2441 1752 2480 1

446 2533 576 2610 neseiat;
605 2534 715 2611 quibus
742 2533 864 2609 quidem
890 2533 969 2594 lonis
997 2550 1035 2594 ea
1056 2534 1283 2595 adnumeranda
1311 2552 1383 2595 esse
1411 2536 1554 2595 videntur
1576 2549 1634 2609 qua
1751 2527 1752 2530 ’

446 2640 498 2700 lib.
521 2659 563 2699 m.
587 2658 612 2700 o.
634 2644 682 2702 27.
704 2641 861 2720 leguntur:
888 2639 965 2718 „lllo
989 2640 1073 2700 bello
1096 2641 1234 2701 blasiano
1257 2646 1349 2717 atque
1371 2635 1508 2718 Syllano,
1529 2657 1633 2716 exeep-

446 2746 487 2806 tis
508 2746 566 2823 bis,
590 2747 642 2824 qui
662 2747 740 2808 ioris
761 2747 791 2808 in
814 2747 882 2806 acie
902 2747 1087 2823 oeciderunt,
1113 2747 1142 2806 in
1166 2747 1234 2824 ipsa
1255 2763 1376 2823 quoque
1390 2747 1467 2807 urbe
1482 2745 1633 2806 cadaveri·

446 2853 504 2914 bus
525 2854 595 2930 vioi,
615 2854 735 2932 plateae,
757 2853 835 2929 tora,
856 2853 986 2930 theatra,
1007 2853 1121 2929 templa
1134 2854 1285 2931 eompleta
1306 2857 1388 2930 suut;
1410 2857 1443 2914 ut
1456 2853 1579 2913 dit'rioile
1592 2854 1634 2911 in·

448 2960 610 3036 ornaretur,
638 2961 759 3036 quando
781 2961 916 3020 victores
940 2960 1010 3038 plus
1031 2959 1169 3020 tenerum
1198 2960 1362 3036 ediderint,
1388 2963 1486 3020 utrum
1508 2962 1589 3037 prius
1608 2959 1636 3018 ot

448 3065 616 3141 vinoeront,
638 3084 675 3125 an
696 3070 815 3144 postea,
837 3067 908 3143 quia
929 3067 1092 3128 vicissent:
1114 3065 1186 3128 Cum
1207 3069 1336 3145 primum
1354 3068 1487 3127 victoria
1502 3067 1635 3138 Mamaos,

448 3173 569 3248 quando
591 3173 630 3233 do
651 3174 744 3234 exilio
767 3191 801 3234 se
822 3174 890 3252 ipse
911 3175 1055 3251 restituit,
1083 3175 1221 3253 exeeptis
1245 3175 1361 3252 passim
1383 3189 1635 3249 quaquaversum

448 3278 583 3340 oaedibus
604 3278 705 3356 laetis,
727 3283 818 3358 caput
839 3279 960 3341 Ootavii
990 3280 1126 3341 consulis
1155 3281 1323 3358 poneretur
1343 3281 1374 3339 in
1395 3281 1517 3354 rostris,
1542 3278 1637 3338 Cesar

447 3391 480 3445 et
493 3384 628 3446 Fimbria
648 3387 679 3446 in
699 3387 841 3448 domibus
863 3387 1090 3448 truoidarentur
1111 3387 1185 3464 suis,
1207 3389 1267 3447 duo
1283 3385 1388 3446 Crassi
1408 3391 1498 3464 pater
1517 3389 1549 3446 et
1562 3386 1635 3445 lilios

447 3493 478 3552 in
499 3497 667 3571 conspeetu
686 3497 789 3554 mutuo
810 3496 1025 3570 mactarentur,
1054 3495 1169 3554 Bobius
1195 3497 1227 3554 at
1246 3493 1433 3554 Numitorius
1456 3509 1531 3552 uneo
1553 3491 1637 3552 tracti

446 3599 564 3676 sparsis
584 3600 757 3662 visceribus
778 3600 949 3676 interirent,
972 3600 1095 3663 Catulus
1112 3601 1222 3662 hausto
1238 3616 1408 3660 venenose
1428 3600 1564 3659 manibus
1580 3597 1636 3656 iui-

446 3707 591 3767 mioorum
606 3707 811 3784 subtraberet,
824 3709 951 3784 Merula,
966 3707 1074 3768 flamen
1082 3706 1190 3783 Dialis,
1211 3707 1350 3785 precisis
1370 3707 1459 3766 venis
1479 3705 1637 3765 lovietiam

447 3829 503 3874 suo
525 3815 670 3891 sangnine
691 3813 804 3874 litaret
846 3815 879 3874 lo
900 3814 998 3891 ipsius
1018 3816 1119 3874 autom
1146 3813 1237 3874 Marii
1258 3814 1357 3873 oeulis
1383 3813 1526 3894 continno
1546 3811 1636 3871 inrio-

447 3921 568 3994 baniur,
586 3920 696 3996 quibus
718 3921 920 3982 salutantibus
939 3922 1097 3982 dexteram
1119 3922 1283 3998 porrigere
1303 3912 1481 3980 uoluisset.“

527 4025 590 4085 Sed
617 4031 649 4086 ut
669 4026 764 4086 multa
793 4027 856 4088 alia
881 4027 1031 4089 eiusmodi
1060 4029 1131 4088 looa
1152 4026 1286 4087 inveniri
1306 4044 1401 4104 posse
1423 4025 1571 4102 existimo,
1597 4025 1637 4083 ita

446 4135 512 4195 bae
532 4135 574 4196 ad
586 4133 789 4196 Salustianam
811 4137 981 4197 orationem
1001 4135 1215 4196 illustrandam
1237 4152 1297 4195 non
1314 4133 1439 4194 multum
1452 4133 1555 4194 faeere
1568 4149 1636 4192 con-

446 4244 516 4319 stat,
538 4247 569 4303 et
589 4243 672 4319 qnod
691 4243 800 4303 horum
820 4243 969 4304 librorum
995 4247 1200 4321 argumentum
1224 4243 1342 4317 attinet,
1365 4241 1396 4300 id
1419 4241 1522 4301 multis
1544 4239 1635 4340 serip-

445 4354 542 4409 torum
559 4349 743 4410 testimoniis
756 4352 815 4410 iam
829 4349 906 4410 satis
916 4355 1054 4427 apertum
1069 4356 1126 4424 est,
1148 4355 1181 4412 ut
1196 4350 1285 4427 plura
1301 4351 1418 4410 addere
1432 4366 1490 4410 oon
1506 4365 1580 4426 opus
1591 4347 1635 4406 sit.

875 4675 1188 4720 *-
