3648 5596
442 637 513 705 232

443 889 451 904 .
479 890 487 903 .
516 890 523 904 .
552 889 560 904 .
587 838 623 904 in
650 858 767 927 campo
793 838 872 905 satie
900 885 1167 904 ........
1195 857 1255 902 nos
1273 834 1423 904 aediliciis
1450 888 1643 904 ......

444 1014 634 1030 ......
663 973 695 1031 et
721 972 790 1031 tum
816 972 946 1031 matura
971 963 1007 1030 in
1032 963 1122 1052 apris
1148 970 1243 1030 erant
1268 964 1414 1030 autumni
1439 965 1610 1053 [nimenta.

516 1085 581 1154 Sed
611 1085 644 1154 in
677 1089 792 1156 nostris
822 1109 908 1156 nono
934 1085 987 1155 die
1018 1085 1115 1177 gnari
1148 1109 1189 1154 ex
1224 1084 1301 1176 lupe
1330 1087 1557 1178 finitumorum
1595 1086 1649 1155 lu-

440 1206 558 1298 gitioos
582 1211 756 1279 ndvemme
787 1261 1237 1278 .............
1266 1208 1420 1278 omnibus
1448 1261 1455 1276 .
1484 1263 1492 1278 .
1520 1263 1529 1277 .

516 1331 576 1400 75.
602 1333 646 1400 Et
663 1333 778 1401 eodem
797 1346 944 1425 tempore
962 1331 1121 1402 Lentulus
1139 1331 1263 1423 duplici
1289 1332 1361 1401 acie
1387 1333 1496 1402 locum
1522 1332 1649 1402 editum

441 1455 546 1526 multo
573 1457 734 1548 sanguine
760 1480 896 1527 suorum
922 1455 1115 1536 defendens,
1151 1467 1326 1549 postquam
1353 1480 1396 1525 ex
1421 1457 1560 1526 sarcinis
1586 1479 1650 1549 pa-

442 1578 631 1648 ludamenta
655 1591 763 1650 astare
782 1592 814 1650 et
835 1581 970 1652 delectae
989 1580 1139 1651 cohortes
1157 1581 1307 1673 intellegi
1325 1603 1466 1672 crepere.
1501 1583 1560 1651 76.
1585 1583 1650 1650 Sa-

442 1704 559 1773 lustius
580 1728 682 1774 vanos
699 1707 831 1776 Mauros
855 1717 886 1776 et
903 1707 1030 1776 seroces
1048 1706 1219 1775 Dalmatas
1237 1705 1357 1796 pulsat.
1397 1707 1456 1774 77.
1482 1705 1536 1774 Illi
1552 1705 1650 1774 tertio

442 1849 556 1896 mense
589 1851 770 1920 pervenere
802 1830 836 1898 in
868 1831 1007 1900 Pontum
1044 1831 1148 1899 multo
1176 1830 1317 1900 celerius
1346 1852 1403 1922 spe
1437 1828 1649 1900 Mithridatis.

443 1951 502 2020 78.
516 1952 621 2043 Equis
631 1952 771 2021 etarmis
780 1952 955 2023 decoribus
968 1954 1086 2023 cultus.
1109 1955 1167 2023 79.
1181 1954 1370 2023 Dedecores
1381 1953 1544 2046 inultique
1554 1965 1651 2045 terga

442 2075 484 2145 ab
502 2075 649 2146 hostibus
667 2077 889 2146 caedebantur.
917 2076 975 2148 80.
995 2078 1116 2149 Contra
1134 2078 1191 2147 ille
1210 2078 1296 2148 calvi
1311 2089 1401 2147 ratus
1414 2078 1533 2171 qaaerit
1551 2079 1649 2159 extis,

443 2224 522 2269 num
548 2200 677 2270 somnio
708 2202 960 2292 portenderetur
990 2202 1174 2272 thesaurus.
1227 2203 1286 2272 8l.
1325 2203 1421 2271 Parte
1454 2214 1649 2294 consumpta

441 2324 571 2418 reliqua
597 2324 794 2394 cadaverum
821 2325 862 2394 ad
888 2325 1135 2395 diuturnitatem
1160 2349 1238 2395 usus
1263 2326 1430 2395 sallerent.
1474 2327 1531 2396 82.
1564 2327 1650 2396 Nam

442 2449 538 2517 tertia
564 2460 641 2520 tunc
668 2462 738 2520 erat
763 2462 795 2520 et
820 2451 961 2522 sublima
988 2451 1110 2521 nebula
1136 2453 1254 2522 caelum
1276 2452 1482 2522 obscurabat.
1515 2451 1572 2521 83.
1590 2453 1652 2520 ln-

443 2596 525 2663 gens
552 2573 621 2664 ipse
649 2575 767 2644 virium
793 2586 893 2669 atque
920 2576 1035 2645 animi.
1080 2574 1139 2646 Sd.
1171 2577 1297 2644 Locum
1324 2575 1465 2656 nullum,
1492 2576 1555 2643 nisi
1581 2597 1652 2667 quo

443 2697 560 2766 armati
587 2698 789 2780 institissent,
826 2699 903 2792 ipsis
934 2710 1039 2768 tutum
1074 2701 1156 2769 lore.
1210 2699 1268 2770 85.
1302 2699 1491 2792 (lustrisque
1522 2698 1653 2768 collatis

444 2843 553 2913 pugna
581 2833 691 2891 tamen
712 2823 849 2915 ingenio
867 2823 931 2893 loci
952 2823 1202 2916 prohibebatur.
1247 2824 1305 2894 86.
1333 2823 1509 2916 Staphylus
1525 2823 1654 2915 primus

443 2946 554 3014 docuit
570 2947 684 3017 vinum
703 2970 791 3040 aqua
804 2947 949 3016 misceri.
985 2947 1044 3017 87.
1070 2950 1163 3018 lllore
1182 2947 1338 3018 humanae
1352 2948 1516 3039 cupidinis
1533 2947 1655 3037 ignara

443 3070 587 3140 visundi.
631 3072 689 3142 88.
716 3071 862 3165 Pyrrhus
888 3073 1105 3164 interemptus
1131 3073 1192 3142 luit
1217 3073 1251 3142 in
1277 3072 1348 3143 aede
1373 3072 1490 3142 Dianae
1516 3095 1535 3140 a
1564 3093 1655 3164 qna-

444 3194 520 3264 dam
545 3195 697 3266 muliere.
747 3197 805 3266 89.
841 3199 931 3266 lnter
963 3219 1079 3266 recens
1114 3197 1254 3267 domitos
1283 3175 1412 3266 lsauros
1445 3196 1653 3286 Pisidasque.

445 3438 491 3494 75.
513 3435 589 3495 Non.
612 3440 679 3496 538.
702 3440 748 3496 32.
771 3443 863 3497 oetnrt
883 3440 933 3498 vel
956 3442 1049 3498 astare·
1066 3437 1162 3498 Codd.
1183 3439 1285 3498 lectio.
1305 3438 1398 3514 vulgo
1417 3437 1522 3496 Metotr'
1541 3452 1654 3496 emen·

445 3543 527 3618 dant,
548 3545 659 3619 quibus
680 3563 740 3606 non
761 3546 851 3606 locus
874 3551 930 3607 est.
971 3548 1201 3622 Paludamenta,
1221 3551 1347 3607 anctore
1361 3546 1502 3606 Varrone
1523 3561 1576 3602 vn.
1601 3545 1654 3602 37.

444 3653 515 3710 sunt
527 3649 661 3728 insignia
677 3655 770 3728 atque
785 3657 962 3714 ornamenta
975 3653 1128 3713 militaria.
1151 3653 1226 3714 ldeo
1242 3655 1284 3713 ad
1294 3653 1409 3713 bellum
1424 3668 1490 3711 oum
1507 3651 1573 3710 exit
1590 3649 1656 3709 im-

444 3765 571 3836 perator
584 3777 621 3820 ac
630 3761 760 3822 lictores
772 3766 926 3822 mutarunt
938 3767 1057 3822 vestem
1071 3767 1102 3822 et
1116 3763 1203 3838 signa
1214 3763 1412 3836 incinuerunt.
1425 3757 1591 3838 paludatus
1600 3755 1657 3815 di-

445 3866 525 3925 oitur
543 3865 705 3943 proticisci.
739 3867 786 3926 76.
802 3867 978 3927 Tertullian.
986 3869 1025 3927 de
1034 3869 1133 3927 anima
1148 3885 1173 3927 c.
1182 3869 1229 3927 26.
1267 3869 1314 3926 77.
1329 3867 1382 3928 Ar.
1394 3884 1418 3925 s.
1432 3884 1460 3922 v.
1478 3867 1525 3922 cit.
1538 3879 1569 3938 p.
1582 3862 1656 3920 221.

445 3975 492 4034 78.
515 3974 562 4032 79.
584 3974 682 4033 Prisc.
705 3975 734 4033 6.
755 3975 782 4032 9.
805 3975 872 4033 256.
897 3975 976 4034 multi
994 3973 1087 4035 Codd.
1109 3975 1211 4035 lectio.
1232 3974 1314 4034 multi
1334 3972 1417 4034 haud
1438 3971 1530 4030 dubie
1548 3968 1656 4029 corri-

443 4077 582 4156 gendum.
621 4081 668 4138 86.
687 4078 768 4139 idem
784 4082 811 4138 8.
829 4082 875 4139 lt.
892 4082 961 4139 615.
976 4079 1050 4140 Non.
1068 4083 1093 4139 7.
1117 4079 1248 4158 Eutych.
1263 4097 1292 4156 p.
1309 4080 1397 4140 2186.
1422 4079 1469 4137 81,
1484 4074 1583 4135 Prisc.
1601 4075 1656 4132 16.

444 4187 472 4244 9.
500 4188 568 4245 614.
618 4189 666 4246 82.
688 4187 764 4246 Non.
790 4189 858 4248 689.
887 4189 914 4247 8.
942 4195 1026 4248 terren
1051 4187 1140 4249 Goth.
1188 4192 1235 4249 83.
1263 4190 1317 4248 Ar.
1345 4207 1369 4248 s.
1397 4206 1426 4246 v.
1451 4190 1507 4262 inp.
1529 4202 1558 4261 p.
1581 4185 1656 4244 236.

444 4294 493 4352 86.
515 4292 596 4352 idem
613 4311 637 4352 s.
653 4312 680 4350 v.
695 4297 760 4352 tort.
775 4311 804 4370 p.
827 4294 895 4353 237.
928 4296 977 4353 85.
992 4293 1068 4354 Non.
1084 4296 1152 4354 223.
1168 4297 1195 4354 l.
1238 4295 1287 4354 86.
1308 4291 1384 4353 Caso.
1400 4290 1491 4368 Apul.
1509 4292 1548 4350 de
1564 4289 1657 4349 Orth.

442 4397 471 4468 S.
495 4400 541 4457 12.
564 4397 627 4469 (2).
671 4399 818 4460 876611.
847 4402 876 4462 9.
905 4403 951 4459 12.
979 4403 1026 4460 22.
1069 4404 1118 4463 88.
1140 4399 1216 4461 Caec.
1242 4401 1334 4478 Apul.
1363 4398 1403 4460 de
1430 4399 1516 4458 Orth.
1544 4395 1573 4467 S.
1604 4399 1656 4457 16.

442 4503 530 4564 Serv.
558 4505 634 4565 Aen.
663 4525 693 4564 n.
722 4506 791 4564 noe.
844 4504 1002 4582 „Pyrrhus
1031 4525 1048 4567 a
1079 4509 1186 4568 colore
1216 4524 1311 4567 comae
1337 4507 1438 4566 dictus
1463 4505 1515 4581 qni
1540 4502 1658 4564 Latine

443 4609 583 4687 Byr-rbus
610 4610 781 4681 (Burrhus)
810 4613 934 4687 dicitur;
964 4617 1006 4674 ita
1036 4619 1067 4674 et
1097 4608 1276 4674 Salustius.“
1324 4616 1370 4674 89.
1395 4615 1447 4673 Ar.
1471 4631 1494 4670 s.
1517 4630 1544 4668 v.
1566 4615 1657 4669 inter.

442 4734 470 4793 p.
493 4719 560 4778 288.
