3576 5602
1284 665 1357 732 iffi

140 859 310 931 auctores,
349 850 433 922 iuter
463 875 547 946 quos
580 857 624 924 Μ.
652 857 768 940 Varro,
806 860 1015 930 monimentis
1049 861 1116 932 suis
1142 871 1257 932 testata
1283 883 1357 934 esse

141 975 333 1046 voluerunt.
383 977 492 1061 Quem
518 979 642 1050 centies
668 993 700 1052 et
724 982 825 1052 vicies
859 983 894 1053 in
921 985 1026 1054 aciem
1052 985 1261 1056 descendisse
1287 998 1357 1057 ha-

141 1097 239 1178 dent,
267 1149 304 1167 ..
331 1123 391 1170 sex
416 1111 448 1170 et
473 1103 607 1194 triginta
634 1105 739 1197 spolia
766 1129 808 1175 ex
839 1106 931 1178 hoste
956 1109 1121 1190 retulisse,
1152 1132 1294 1201 quorum
1320 1112 1354 1182 in

142 1248 288 1298 numero
305 1240 377 1298 octo
399 1230 499 1300 luisse
523 1253 598 1301 cum
622 1231 742 1323 quibus
764 1231 968 1325 inspectante
991 1247 1132 1328 utroque
1149 1236 1299 1306 exercitu
1312 1225 1356 1306 ex

140 1352 379 1442 provocatione
402 1353 606 1436 dimicasset;
650 1354 726 1426 XIV

142 1475 235 1544 cives
268 1499 310 1546 ex
338 1479 449 1549 media
479 1491 584 1548 morte
614 1490 722 1574 raptos
773 1481 880 1551 Varro
891 1481 1021 1575 scripsit
1038 1481 1155 1552 Sitium
1174 1484 1353 1554 Dentatum

142 1622 306 1682 servasse,
338 1602 486 1696 quinque
508 1615 541 1674 et
564 1607 622 1676 XL
651 1606 726 1676 vul·
777 1605 901 1674 centies
925 1614 958 1674 et
979 1604 1080 1676 vicies
1101 1626 1266 1698 pugnasse
1283 1606 1355 1676 sin·

142 1745 227 1792 nera
252 1737 385 1815 pectore
411 1729 598 1822 excepisse,
630 1741 724 1821 tergo
776 1727 884 1818 gulari
899 1730 1093 1809 certamine;
1112 1731 1282 1800 cicatrices
1292 1731 1354 1802 ba-

142 1848 354 1920 cicatricibus
375 1873 497 1932 vacuo;
525 1874 643 1922 novem
664 1854 726 1923 tri-
774 1851 854 1922 bere
868 1864 1003 1923 econtra
1019 1854 1239 1946 quadraginta
1252 1855 1354 1946 quin-

147 1972 322 2065 umphales
349 1974 585 2067 imperatorum
608 2000 724 2047 currus
774 1997 852 2065 que,
878 1988 950 2068 post
967 1987 1096 2070 tergum
1116 1980 1263 2059 nullam;
1295 2001 1353 2049 co-

141 2109 293 2168 secutom
313 2150 321 2168 .
342 2151 350 2166 .
368 2099 643 2171 Praelerebautur
661 2123 723 2172 ao·
773 2120 873 2170 renas
887 2102 1054 2194 accepisse
1068 2105 1185 2183 XXVI,
1204 2103 1351 2174 armillas

141 2244 220 2292 reae
238 2245 381 2292 coronae
394 2235 480 2303 octo,
498 2225 620 2294 civicae
636 2226 721 2304 XIV,
773 2221 870 2303 CXL.
890 2237 923 2293 et
940 2226 1036 2295 istum
1054 2226 1199 2319 primum
1219 2249 1350 2298 sacrum

141 2349 290 2419 murales
312 2360 387 2428 tres,
407 2349 621 2420 obsidionalis
639 2371 717 2428 nna,
773 2348 888 2418 fecisse
897 2351 1005 2420 Marti.
1020 2352 1206 2421 Planciudes
1214 2351 1353 2442 Fulgen-

140 2481 275 2563 torques
310 2471 522 2552 CLXXXIII,
569 2473 721 2544 armillae
771 2473 950 2566 ttaeacpos.
961 2497 1051 2544 serm.
1070 2489 1136 2546 oct.
1148 2499 1182 2566 p.
1195 2473 1280 2556 560,
1291 2472 1350 2546 33.

141 2595 240 2674 CLX,
275 2595 387 2666 hastae
413 2598 530 2675 xvtu,
561 2595 720 2689 phalerae

140 2722 244 2791 XXV.
294 2721 434 2792 Valerius
467 2723 635 2792 Maximus
661 2720 695 2804 3,
727 2721 763 2802 2,
796 2720 856 2795 24.
971 2723 1030 2795 d8.
1062 2725 1349 2818 Hippocrates...

140 2871 217 2918 eum
243 2848 357 2918 luisset
382 2871 453 2918 mos
478 2849 634 2920 liberatos
659 2847 784 2918 morbis
816 2849 961 2920 scribere
995 2851 1181 2942 intemplo
1207 2845 1351 2933 [Aescu-

140 2970 236 3065 lapii]
271 2975 351 3067 quid
384 2975 580 3045 auxiliatum
615 2986 708 3056 esset,
749 2986 783 3046 ut
815 2987 927 3068 postea
958 2975 1138 3046 similitudo
1163 2973 1349 3067 proliceret,

139 3100 353 3193 exscripsisse
370 3125 409 3170 ea
426 3101 566 3172 traditur
583 3112 694 3196 atque,
723 3113 758 3172 ut
776 3104 882 3172 Varro
904 3102 991 3193 apud
1005 3125 1066 3170 nos
1084 3101 1198 3178 credit.
1226 3101 1350 3192 templo

140 3236 287 3296 cremato
304 3226 484 3297 instituisse
501 3225 700 3296 medicinam
724 3225 821 3304 hanc,
848 3249 935 3319 quae
962 3227 1081 3296 clinice
1100 3237 1245 3296 vocatur.
1279 3226 1351 3295 Pli-

139 3351 213 3420 m'us
246 3365 313 3420 aot.
341 3352 413 3421 hist.
439 3349 499 3432 29,
530 3350 561 3432 1,
587 3347 622 3422 4.
733 3351 793 3420 49.
828 3350 1026 3443 Euripidem
1047 3401 1053 3418 .
1075 3402 1083 3418 .
1103 3352 1150 3422 Μ.
1167 3352 1274 3421 Varro
1292 3350 1349 3430 ait,

139 3497 214 3544 cum
241 3475 389 3568 quinque
415 3487 447 3545 et
472 3476 679 3568 septuaginta
707 3473 896 3566 ¹tragoedias
922 3475 1101 3565 scripserit,
1138 3474 1172 3542 in
1199 3474 1349 3567 quinque

138 3600 216 3669 solis
242 3600 376 3682 vicisse,
415 3623 490 3670 cum
522 3623 599 3670 eum
625 3623 724 3692 saepe
753 3599 925 3669 vincerent
949 3597 1076 3691 aliquot
1106 3609 1222 3692 poetae
1250 3599 1349 3691 igna-

138 3725 274 3796 vissimi.
315 3726 435 3795 Gallico
455 3724 513 3805 17,
526 3722 562 3806 4,
581 3725 615 3794 3.
718 3725 777 3794 50.
805 3723 964 3793 Phidias.
985 3776 993 3792 .
1012 3725 1216 3794 Alcamenen
1243 3722 1349 3794 Athe·

138 3849 288 3918 niensem
315 3900 323 3918 .
350 3901 358 3916 .
389 3848 535 3919 docuit.
563 3899 571 3917 .
597 3899 606 3928 ‚
633 3847 782 3919 eiusdem
818 3846 1000 3939 discipulus
1034 3845 1097 3915 luit
1129 3845 1347 3936 Agoracritus

138 3974 253 4044 Parius
280 4025 288 4042 .
315 4026 323 4042 .
350 3973 526 4044 Certavere
564 3983 675 4043 nutem
708 3972 793 4042 inter
828 3995 863 4040 se
899 3971 999 4041 ambo
1033 3969 1186 4061 discipuli
1218 3971 1348 4040 Venere

138 4099 301 4180 facienda,
328 4099 472 4192 vicitque
494 4099 692 4170 Alcamenes
719 4121 784 4168 non
810 4122 911 4190 opere
937 4098 995 4168 sed
1021 4097 1160 4167 civitatis
1182 4094 1348 4186 suffragiis

138 4237 253 4294 contra
277 4225 493 4318 peregrinum
528 4245 589 4294 suu
624 4223 772 4292 laventis.
825 4223 939 4306 Quare
964 4221 1179 4314 Agoracritus
1206 4242 1245 4288 ea
1270 4219 1347 4309 lege

136 4349 267 4438 signnm
295 4371 390 4417 suum
417 4347 603 4418 vendidisse
629 4346 771 4416 traditur
800 4369 842 4416 ne
867 4345 1009 4416 Athenis
1041 4355 1136 4423 esset,
1172 4355 1204 4412 et
1229 4343 1347 4436 appel·

136 4473 221 4542 lasse
239 4476 422 4554 Nemesim
451 4475 483 4543 id
501 4475 643 4567 positum
671 4484 720 4542 est
746 4472 958 4542 Rhamnunte
985 4493 1072 4564 pago
1089 4469 1230 4550 Atticae,
1257 4467 1346 4562 quod

135 4597 243 4668 Varro
268 4599 422 4669 omnibus
448 4598 552 4690 signis
579 4597 744 4691 praetulit.
797 4598 922 4667 Plinius
944 4610 1008 4665 aot.
1037 4597 1110 4665 hist.
1135 4592 1194 4674 36,
1222 4593 1257 4675 5,
1288 4591 1347 4663 17.

136 4721 195 4791 51.
232 4724 276 4793 Μ.
309 4723 454 4795 blanlius
482 4779 488 4793 .
520 4777 527 4791 .
555 4723 724 4792 convictus
757 4735 805 4790 est
837 4721 1010 4790 consilium
1043 4721 1085 4789 de
1118 4741 1221 4810 regno
1246 4741 1346 4789 occu-
