3582 5594
1276 625 1343 711 tos

146 833 252 926 primo
279 833 467 916 industrios,
501 835 675 928 supplices,
707 835 855 905 modicos
880 857 961 917 esse,
993 835 1068 906 dein
1095 860 1154 929 per
1179 840 1344 930 ignaviam

145 970 177 1026 et
192 957 383 1050 superbiam
401 969 529 1029 aetatem
550 981 666 1050 agere;
692 957 749 1030 sed
771 959 854 1029 mibi
875 969 990 1030 contra
1015 984 1054 1031 ea
1078 962 1217 1034 videtur.
1260 967 1343 1036 Nam

146 1106 209 1176 quo
235 1081 341 1175 pluris
368 1085 520 1154 universa
544 1107 597 1154 res
623 1084 757 1176 publica
781 1107 883 1176 quam
905 1086 1094 1160 consulatus
1116 1098 1173 1158 aut
1192 1099 1344 1180 praetura,

146 1229 185 1276 eo
216 1205 346 1276 maiore
380 1229 460 1276 cura
493 1207 586 1276 illam
619 1207 841 1279 administrari
873 1231 975 1300 quam
1010 1209 1082 1279 baec
1113 1212 1179 1304 peti
1211 1211 1344 1284 debere.

146 1335 260 1424 Neque
286 1353 340 1400 me
367 1330 462 1412 lallit,
494 1341 655 1424 quantum
680 1355 757 1402 cum
782 1354 939 1403 maxumo
965 1343 1072 1404 vestro
1097 1335 1259 1406 beneficio
1285 1361 1346 1407 ne-

147 1456 226 1547 gotii
252 1457 445 1528 sustineam.
483 1458 613 1529 bellum
640 1459 896 1550 parare,‚simul
921 1469 954 1529 et
972 1460 1090 1531 aerario
1115 1484 1261 1552 parcere,
1287 1486 1346 1532 co-

87 1613 90 1620 ’
147 1604 223 1674 gere
257 1583 301 1654 ad
331 1583 481 1654 militiam
514 1608 587 1666 eos,
626 1607 709 1678 quos
740 1585 825 1654 nolis
856 1584 1041 1668 offendere,
1080 1587 1170 1656 domi
1199 1587 1346 1678 lorisque

147 1708 258 1777 omnia
284 1729 414 1788 curare,
440 1719 472 1776 et
497 1730 535 1776 ea
557 1729 656 1800 agere
678 1709 766 1778 inter
782 1708 919 1791 invidos,
945 1711 1158 1792 occursantis,
1184 1709 1346 1790 factiosos,

146 1829 315 1923 opinione,
341 1831 497 1914 Quirites,
524 1831 672 1924 asperius
690 1843 748 1901 est.
790 1832 842 1904 Ad
859 1831 934 1914 hoc,
960 1832 1017 1901 alii
1034 1831 1062 1901 si
1080 1831 1262 1924 deliquere,
1288 1857 1347 1902 ve·

148 1966 196 2024 tus
228 1953 394 2034 nobilitas,
428 1954 593 2024 maiorum
625 1954 722 2025 tortia
751 1955 846 2038 lacta,
884 1966 1099 2046 cognatorum
1131 1965 1163 2024 et
1187 1954 1346 2026 adfinium

149 2103 238 2172 opes,
265 2080 379 2150 multae
400 2081 572 2163 clientelae,
598 2080 711 2151 omnia
733 2079 803 2150 baec
829 2080 983 2173 praesidio
1005 2080 1141 2151 adsunt:
1173 2078 1257 2148 mibi
1274 2101 1347 2170 spes

148 2225 260 2272 omnes
286 2203 321 2271 in
347 2213 469 2272 memet
494 2204 575 2285 sitae,
609 2227 691 2296 quas
717 2226 850 2274 necesse
881 2215 930 2272 est
957 2205 1076 2274 virtute
1102 2214 1135 2273 et
1160 2201 1348 2282 innocentia

148 2327 258 2410 tutari;
299 2351 377 2398 nam
406 2328 474 2397 alia
504 2327 636 2398 infirma
669 2339 754 2399 sunt.
807 2330 849 2399 Et
878 2327 959 2396 illud
986 2326 1155 2416 intellego,
1190 2324 1346 2407 Quirites,

148 2452 294 2522 omnium
321 2477 379 2523 ora
412 2453 446 2523 in
478 2476 530 2524 me
560 2475 719 2524 convorsa
749 2476 838 2523 esse:
877 2477 989 2546 aequos
1015 2454 1185 2546 bonosque
1219 2453 1346 2521 lavere:

149 2579 271 2671 quippe
288 2601 364 2648 mea
380 2578 552 2648 benefacta
567 2578 617 2650 rei
634 2577 776 2671 publicu
793 2578 989 2671 procedunt;
1016 2576 1220 2647 nobilitatem
1238 2577 1347 2646 locum

149 2702 324 2773 invadendi
349 2725 510 2796 quaerere.
550 2703 626 2786 Quo
652 2703 733 2773 mibi
758 2703 869 2773 acrius
894 2701 1108 2772 adnitendum
1131 2710 1190 2780 est,
1218 2699 1264 2769 uti
1287 2723 1349 2768 ne-

149 2852 211 2920 que
245 2853 302 2900 vos
333 2830 508 2922 capiamini
544 2841 577 2900 et
605 2829 654 2900 illi
687 2830 805 2900 frustra
831 2828 905 2898 sint.
954 2830 1001 2897 lta
1035 2827 1076 2898 ad
1109 2825 1171 2896 boc
1201 2825 1347 2896 aetatisa

149 2955 288 3045 pueritia
318 2955 375 3036 lui,
411 2954 458 3024 uti
483 2955 590 3024 omnis
616 2954 747 3025 labores
779 2966 811 3024 et
844 2953 991 3046 pericula
1016 2962 1171 3023 consueta
1196 2950 1347 3020 babeam.

150 3077 230 3161 Quae
257 3091 333 3150 ante
359 3092 466 3153 vestra
493 3083 656 3154 beneficia
682 3083 824 3174 gratuito
856 3082 1031 3162 faciebam,
1067 3103 1104 3150 ea
1141 3079 1188 3148 uti
1215 3088 1349 3170 accepta

149 3203 302 3274 mercede
328 3205 493 3286 deseram,
528 3229 594 3274 non
622 3216 671 3275 est
695 3205 881 3287 consilium,
916 3203 1073 3287 Quirites.
1120 3202 1188 3273 lllis
1214 3200 1349 3270 difficile

150 3339 198 3396 est
222 3329 255 3397 in
285 3332 499 3422 potestatibus
522 3343 720 3424 temperare,
746 3331 802 3424 qui
827 3355 885 3423 per
906 3331 1120 3400 ambitionem
1140 3350 1211 3397 sese
1229 3327 1349 3420 probos

149 3454 364 3536 simulavere;
390 3455 485 3538 mibi,
512 3456 568 3549 qui
594 3479 727 3525 omnem
754 3465 880 3526 aetctem
908 3454 942 3523 in
969 3453 1112 3548 optumis
1137 3452 1261 3522 artibus
1283 3450 1349 3540 egi,

149 3579 344 3651 benefacere
376 3582 441 3652 iam
476 3606 518 3652 ex
550 3581 786 3652 consuetudine
819 3582 852 3650 in
885 3591 1036 3651 naturam
1068 3580 1174 3649 vortit.
1218 3577 1349 3646 Bellum

149 3727 202 3774 rue
229 3728 347 3796 gerere
373 3729 447 3776 cum
475 3706 635 3797 lugurtba
659 3705 813 3785 iussistis;
839 3725 939 3796 quam
966 3725 1036 3771 rem
1063 3701 1218 3771 nobilitas
1243 3722 1350 3791 aeger·

149 3853 244 3898 rume
262 3829 346 3898 tulit.
390 3829 523 3912 Quaeso,
551 3839 700 3922 reputate
726 3851 802 3898 cum
828 3826 948 3896 animis
970 3825 1095 3906 vestris,
1123 3847 1202 3894 num
1220 3833 1351 3894 mutare

151 3951 181 4019 id
208 3951 328 4020 melius
353 3953 403 4022 sit.
457 3953 490 4022 Si
518 3975 617 4044 quem
644 3975 687 4020 ex
713 3951 771 4020 illo
803 3949 903 4042 globo
933 3947 1111 4018 nobilitatis
1140 3946 1180 4015 ad
1208 3947 1271 4016 boc
1296 3954 1352 4016 aut

150 4074 240 4144 aliud
278 4077 341 4145 talc
371 4077 541 4168 negotium
573 4075 718 4157 mittatis,
757 4074 926 4145 bominem
956 4072 1074 4141 veteris
1109 4071 1269 4162 prosapiae
1295 4081 1351 4138 aut

149 4201 330 4270 multarum
357 4201 541 4292 imaginum
568 4209 601 4268 et
625 4200 749 4270 nullius
780 4197 953 4292 stipendii:
992 4195 1118 4266 scilicet
1143 4205 1177 4264 ut
1202 4195 1235 4263 in
1262 4204 1350 4262 tanta

149 4348 197 4406 re,
224 4327 360 4416 ignarus
384 4325 544 4406 omnium,
573 4324 723 4418 trepidet,
750 4323 892 4404 festinet,
918 4331 1026 4391 sumat
1050 4320 1196 4413 aliquem
1223 4341 1265 4385 ex
1289 4339 1351 4409 po-

149 4451 229 4543 pulo
261 4451 455 4520 monitorem
487 4449 588 4518 officii
620 4449 682 4518 sui.
733 4450 781 4519 lta
807 4448 1004 4540 plerumque
1030 4429 1149 4522 evenit,
1190 4454 1224 4512 ut
1251 4463 1351 4533 quem

151 4599 209 4644 vus
228 4575 392 4666 imperare
411 4574 559 4654 iussistis,
587 4574 612 4642 is
631 4569 726 4660 [sibi]
745 4573 978 4664 imperatorem
997 4570 1098 4638 alium
1118 4577 1254 4659 quierat.
1289 4567 1351 4636 At-

150 4724 215 4792 que
247 4719 311 4790 cgo
341 4701 423 4782 scio,
461 4698 624 4782 Quirites,
666 4696 740 4790 qui,
781 4706 953 4789 postquam
981 4691 1134 4762 consules
1159 4689 1238 4758 lacti
1264 4699 1349 4770 suut,
