3526 5604
426 605 498 677 300

423 803 608 874 Priscianus
629 803 686 886 10,
707 802 740 886 1,
759 802 794 876 3.
893 805 953 875 23.
980 807 1055 876 Piso
1076 806 1181 896 Frugi
1207 806 1241 876 in
1259 808 1291 876 ll
1307 806 1497 876 annalium:
1522 805 1616 898 quod-

424 950 568 1021 cumque
597 928 800 1020 deliquisset,
836 929 1074 1022 ignosciturum
1113 927 1311 999 affirmabat.
1360 930 1542 1000 Priscianus
1568 929 1614 1010 10,

425 1048 460 1134 3,
489 1050 545 1123 18.
648 1051 706 1121 25.
733 1053 832 1144 Apud
849 1053 1003 1123 Pisonem
1026 1054 1059 1122 in
1078 1053 1225 1123 secundo
1243 1053 1413 1123 annalium
1432 1055 1530 1125 verba
1545 1053 1615 1124 baec

425 1186 520 1246 suot:
551 1179 590 1246 L.
617 1176 835 1270 Tarquinium
861 1177 1025 1269 collegam
1051 1201 1160 1260 suum,
1186 1177 1266 1270 quia
1291 1178 1473 1270 Tarquinio
1496 1178 1617 1247 nomine

425 1309 521 1382 esset,
554 1313 714 1382 metuere,
749 1325 891 1394 eumque
915 1313 988 1371 orat
1016 1302 1063 1371 uti
1089 1325 1149 1372 sua
1176 1303 1346 1372 voluntate
1379 1304 1485 1372 Roma
1512 1302 1618 1370 incon·

424 1424 538 1494 tendat
571 1420 689 1509 [Romo
714 1425 895 1512 coucedot‘l]
929 1425 1050 1496 Gellius
1076 1423 1133 1505 15,
1160 1423 1221 1507 29,
1247 1426 1283 1497 2.
1391 1427 1451 1495 20.
1485 1427 1618 1496 Cloeliae
1741 1457 1742 1498 ;

425 1559 566 1618 statuam
592 1561 780 1641 equestrem
808 1601 873 1618 ...
901 1549 1043 1641 primam
1069 1571 1145 1618 cum
1171 1548 1305 1619 Coclitis
1330 1548 1463 1641 publice
1488 1549 1619 1619 dicatam
1741 1559 1742 1564 ’

428 1671 640 1753 crediderim,
670 1724 735 1742 ...
762 1673 828 1742 nisi
847 1673 994 1744 Cloeliae
1020 1695 1153 1765 quoque
1171 1673 1245 1742 Piso
1271 1672 1413 1742 traderet
1439 1674 1480 1743 ab
1506 1673 1543 1742 iis
1566 1697 1620 1766 po-

424 1795 531 1879 sitam,
563 1796 623 1890 qui
648 1820 716 1866 una
740 1785 871 1868 obsides
898 1799 1045 1879 luissent,
1078 1797 1214 1866 redditis
1238 1820 1258 1866 a
1283 1798 1433 1878 Porsina,
1460 1796 1619 1867 bonorem.

425 1921 555 1992 Plinius
583 1935 649 1990 aot.
677 1923 750 1990 bist.
777 1918 837 2004 34,
868 1919 902 2002 6,
929 1921 988 1993 29.
1096 1924 1155 1990 27.
1190 1921 1296 1991 lidem
1321 1944 1461 1992 coronas
1486 1945 1527 1991 ex
1548 1944 1622 1991 auro

428 2044 552 2114 dedere
579 2055 611 2114 et
636 2043 773 2114 civibus.
829 2044 914 2127 Quis
943 2046 1071 2138 primus
1096 2045 1237 2116 donatus
1270 2046 1312 2115 sit
1337 2069 1387 2128 ea,
1430 2069 1496 2115 non
1522 2045 1623 2114 invem

426 2169 593 2262 equidem,
620 2169 694 2261 quis
712 2169 838 2262 primus
856 2169 1027 2240 donaverit
1044 2193 1064 2240 a
1081 2173 1120 2240 L.
1135 2171 1253 2240 Pisone
1272 2171 1420 2241 traditur.
1459 2172 1500 2241 A.
1518 2173 1625 2239 Postu-

425 2293 512 2364 mius
538 2292 678 2363 dictator
696 2293 784 2386 apud
803 2294 912 2363 lacum
930 2294 1099 2386 Regillum
1118 2296 1231 2365 castris
1247 2295 1443 2367 Latinorum
1461 2315 1625 2386 expugna-

425 2419 466 2489 tis
491 2419 534 2500 ei,
569 2417 664 2487 cuius
694 2417 842 2486 maxime
875 2440 977 2510 opera
1008 2428 1103 2511 capta
1135 2430 1254 2500 essent,
1289 2419 1376 2488 banc
1408 2441 1564 2488 eoronam
1587 2439 1626 2485 ex

427 2543 552 2636 praeda
577 2540 678 2611 dedit.
721 2542 847 2610 Plinius
868 2556 935 2612 not.
961 2542 1034 2612 bist.
1054 2539 1113 2624 33,
1135 2542 1170 2626 2,
1194 2540 1253 2614 38.
1352 2543 1412 2613 28.
1439 2545 1477 2612 ln
1496 2543 1627 2611 Sacrum

328 2665 333 2682 “
425 2675 574 2736 montem
599 2664 774 2734 secessisse
801 2718 867 2734 ...
893 2667 944 2735 Ea
970 2665 1175 2758 frequentior
1200 2666 1289 2736 lama
1316 2676 1382 2748 est,
1414 2688 1518 2758 quam
1543 2665 1628 2734 cuius

426 2791 501 2861 Piso
526 2801 640 2860 auctor
666 2801 725 2870 est,
760 2789 793 2858 in
821 2789 1025 2860 Aventinum
1050 2790 1271 2859 secessionem
1304 2791 1425 2858 iactam
1452 2812 1537 2859 esse.
1576 2790 1629 2858 Li·

425 2917 498 2986 eius
518 2913 554 2996 2,
582 2914 641 2997 32,
669 2913 705 2985 3.
810 2914 870 2986 29.
904 2915 989 2984 'ium
1019 2915 1164 3007 primum
1198 2916 1328 2987 bibetis
1363 2915 1507 2986 comitiis
1536 2913 1627 2985 creati

426 3039 551 3110 tribuni
569 3050 660 3122 snnt;
688 3061 828 3108 numero
854 3039 954 3108 etiam
980 3039 1092 3108 addito
1118 3052 1196 3122 tres,
1222 3040 1361 3132 perinde
1382 3063 1420 3109 ac
1448 3039 1515 3109 duo
1541 3049 1628 3108 antea

427 3163 558 3245 fuerint,
586 3165 659 3234 Piso
677 3175 791 3234 auctor
813 3174 871 3231 est.
916 3163 1074 3232 Nominat
1095 3186 1230 3256 qnoque
1253 3163 1401 3233 tribunos
1422 3165 1460 3235 C.
1479 3162 1629 3242 Siccium,

427 3289 467 3357 L.
493 3287 728 3368 Numitorium,
755 3289 800 3358 Μ.
818 3284 1002 3368 Duellium,
1029 3288 1085 3378 Sp.
1112 3285 1254 3368 lcilium,
1280 3288 1320 3356 L.
1336 3286 1542 3357 Maecilium.
1579 3289 1630 3357 Li·

426 3412 499 3480 eius
516 3408 551 3492 2,
566 3407 625 3492 58,
647 3408 665 3479 l
687 3431 733 3500 sq.
834 3409 893 3480 30.
920 3412 971 3478 De
994 3409 1050 3502 Sp
1064 3411 1220 3480 diocliae
1240 3409 1376 3478 Seruilio
1392 3410 1455 3478 Ata
1471 3412 1630 3478 occisoris-

423 3555 488 3624 pro
507 3556 540 3622 ρ.
556 3530 630 3603 200
651 3556 697 3624 sq.
798 3532 857 3602 31.
888 3532 1143 3603 Lectisternium
1165 3542 1243 3603 tunc
1260 3532 1406 3624 primum
1422 3533 1551 3602 Romae
1569 3533 1630 3602 lac-

426 3667 496 3725 tum
515 3666 577 3726 etc.
621 3655 697 3725 Piso
715 3655 884 3726 censorius
912 3656 946 3725 in
972 3657 1150 3726 annalibus
1176 3655 1241 3726 hoc
1264 3656 1361 3725 etiam
1383 3655 1496 3738 adicit,
1524 3657 1629 3734 servis,

427 3801 510 3870 quos
535 3779 569 3848 in
596 3779 736 3850 vinculis
758 3780 884 3849 domini
910 3780 1115 3862 habuissent,
1142 3780 1268 3863 solutis,
1295 3801 1417 3872 magna
1434 3781 1631 3851 aduenarum

427 3903 639 3974 multitudine
656 3904 774 3974 urbem
791 3915 1004 3996 pervagante,
1032 3906 1221 3999 patentibus
1238 3905 1308 3975 dies
1326 3915 1506 3998 noctesque
1532 3903 1631 3975 ianuis

427 4026 602 4097 domorum
637 4038 671 4097 et
707 4028 948 4099 introeuntibus
983 4031 1186 4122 quicumque
1216 4029 1349 4113 vellent,
1388 4031 1563 4100 neminem
1588 4041 1631 4098 ta-

428 4174 505 4220 men
537 4164 596 4223 aut
625 4152 666 4222 de
697 4153 797 4224 rebus
831 4154 918 4224 lucto
952 4154 1071 4225 ablatis
1103 4165 1159 4226 aut
1191 4155 1233 4224 de
1258 4154 1328 4224 ulla
1353 4155 1477 4224 iniuria
1504 4163 1631 4247 accepta

428 4287 646 4369 conquestum
675 4300 765 4360 esse,
802 4301 1007 4372 quamquam
1039 4279 1112 4348 sesti
1146 4278 1217 4349 dies
1246 4278 1382 4371 vinique
1408 4278 1538 4371 largior
1563 4298 1631 4349 usus

427 4401 567 4471 multam
592 4401 761 4472 licentiam
787 4414 885 4495 atque
911 4403 1104 4473 violentiam
1124 4402 1244 4474 all'erre
1262 4404 1417 4473 solerent.
1461 4405 1631 4496 Dionysius

427 4526 536 4595 Helie.
556 4525 630 4596 XII.
656 4528 693 4595 iu
710 4528 860 4620 metretis
885 4529 929 4597 ob
956 4527 1075 4619 Augelo
1096 4529 1200 4611 Maio.
1210 4531 1315 4611 editis,
1340 4552 1423 4598 uouo
1447 4529 1563 4598 collect.
1577 4523 1629 4596 t.2

427 4675 462 4742 p.
487 4643 570 4720 470.
673 4649 732 4720 32.
765 4650 873 4720 Creati
900 4652 1053 4721 consules
1084 4655 1122 4723 L.
1155 4651 1340 4723 Postumius
1379 4651 1428 4721 Ti.
1461 4651 1628 4724 Minucius.
