3702 5600
1370 647 1435 718 571

233 850 301 927 ipso
323 852 470 927 tempore,
491 865 552 924 quo
573 847 736 925 Pompeius
757 849 789 906 in
811 847 958 906 extremis
975 847 1069 906 terrie
1089 845 1205 906 bellum
1225 847 1363 921 gerebat
1384 849 1440 908 etr.

233 956 320 1016 Catil.
346 958 392 1016 39.
428 959 609 1031 „postquam
637 953 690 1013 Gn.
719 952 884 1031 Pompeius
915 952 956 1014 ad
990 953 1103 1014 bellum
1136 954 1318 1014 maritimum
1350 957 1442 1030 atque
1502 947 1506 956 '

232 1063 473 1123 Mithridatleum
493 1064 606 1122 missus
627 1067 684 1137 est,
710 1062 815 1140 plebis
836 1078 914 1139 opes
935 1062 1109 1136 imminute,
1139 1079 1305 1139 pantorum
1325 1065 1439 1140 poten-

232 1169 275 1229 tia
291 1162 417 1228 erevit.“
454 1166 515 1228 Sed
530 1171 638 1228 eontra
651 1169 731 1226 hano
750 1167 918 1244 potentiam
940 1171 1003 1227 tum
1022 1167 1144 1243 quidem
1164 1168 1332 1228 insurrexit
1346 1167 1440 1229 Pom·

231 1277 328 1354 peius,
350 1277 394 1337 ita
413 1281 447 1337 ut
467 1277 567 1335 nimiae
582 1277 649 1336 eius
665 1293 751 1352 opes,
772 1293 849 1352 quas
864 1276 895 1336 iu
911 1276 987 1335 Asia
1004 1275 1068 1336 sibi
1082 1281 1258 1353 paraverat,
1279 1277 1441 1353 plurimum

231 1385 272 1444 ad
295 1388 420 1445 senatus
445 1384 660 1446 auctoritatem
685 1384 919 1444 imminuendam
950 1384 1097 1444 laterent.
1145 1385 1245 1453 Quare
1272 1385 1352 1444 hano
1373 1400 1440 1443 ma·

231 1492 340 1551 teriem
360 1492 502 1570 populari
523 1491 646 1552 luomlue
673 1491 756 1551 hand
783 1490 938 1569 indiguam
963 1491 1092 1566 dixeris,
1125 1491 1156 1550 in
1182 1508 1241 1566 qua
1267 1492 1440 1551 aeeuratius

231 1603 417 1660 versaretur.
455 1599 517 1658 Sed
530 1598 623 1675 plane
640 1597 802 1658 ridioulum
817 1601 876 1671 est,
897 1597 974 1656 talia
994 1597 1182 1658 ooaleoturis
1203 1597 1330 1673 assequi
1347 1597 1439 1673 velle,

231 1725 356 1783 quarum
379 1725 436 1768 una
456 1709 586 1768 alteram
607 1710 738 1783 evertit,
764 1707 951 1768 Niebuhrius
977 1709 1100 1784 quidem
1122 1710 1275 1770 statuerat
1293 1711 1324 1768 et
1345 1708 1439 1768 multo

230 1815 336 1893 plures
350 1815 549 1875 historiarum
568 1815 667 1875 libros
687 1814 786 1874 luisse
808 1816 840 1874 et
860 1817 958 1875 totum
979 1832 1057 1892 opus
1077 1831 1174 1890 usque
1195 1815 1234 1874 ad
1251 1815 1340 1874 linem
1362 1813 1439 1874 belli

230 1939 248 1981 a
278 1921 425 1999 Pompeio
449 1923 478 1981 in
507 1922 584 1981 Asia
610 1923 692 1998 gesti
720 1920 817 1981 luisse
846 1921 1017 1981 deduotum.
1044 1921 1100 1981 eir.
1125 1921 1212 1982 Nieb.
1236 1915 1438 1992 vorlaaled·

231 2026 311 2088 lsler
332 2026 363 2085 T.
388 2045 417 2086 u.
439 2045 467 2104 p.
492 2029 559 2087 395.
594 2025 660 2087 lloo
683 2027 779 2104 igitur
800 2027 899 2088 solum
918 2044 977 2104 pro
999 2031 1087 2087 eerto
1108 2026 1263 2088 affirmare
1285 2027 1367 2104 lieet,
1395 2027 1439 2086 nil

229 2133 268 2192 de
290 2135 421 2195 oonsilio
442 2140 474 2195 et
494 2136 610 2196 ambitu
630 2136 726 2196 totius
747 2137 852 2214 operis
874 2153 931 2195 nos
953 2141 1138 2213 compertum
1160 2136 1285 2209 habere,
1309 2135 1366 2196 sed
1388 2137 1438 2194 vi-

229 2239 295 2299 deri
311 2239 475 2300 Salustium
489 2243 604 2300 tantum
626 2240 787 2300 duodecim
805 2257 904 2300 annos
921 2242 993 2301 inde
1007 2259 1025 2300 a
1039 2240 1157 2319 Lepido
1178 2245 1209 2300 et
1222 2240 1330 2302 Catulo
1347 2239 1438 2300 Coss.

228 2348 376 2406 memoria
404 2352 436 2407 et
461 2347 601 2407 oratione
623 2363 695 2406 esee
714 2346 914 2423 complexum.
942 2345 1004 2406 lam
1027 2349 1124 2405 utrum
1146 2362 1229 2406 mors
1250 2362 1319 2406 eum
1341 2364 1436 2408 oooo-

228 2453 358 2529 paverit,
379 2470 417 2512 au
438 2453 563 2530 lougius
585 2452 640 2513 ille
660 2453 807 2530 progredi
828 2453 972 2528 uoluerit,
997 2454 1059 2513 hoe
1078 2453 1109 2512 ln
1131 2455 1232 2514 medio
1255 2453 1435 2528 relinquen·

229 2559 379 2618 domest.

309 2663 381 2733 Quae
403 2666 526 2742 quidem
547 2667 649 2726 omnia
671 2683 737 2727 eum
758 2666 851 2726 dubia
873 2667 935 2726 siut
955 2670 1048 2742 atque
1070 2667 1196 2743 ineerta,
1219 2669 1316 2728 minos
1339 2667 1431 2727 etlam

229 2769 267 2829 de
288 2770 365 2830 artis
387 2772 555 2846 historiae,
576 2789 667 2848 quam
688 2771 843 2833 Salustius
865 2773 895 2833 iu
917 2773 976 2832 hoo
997 2773 1076 2832 libro
1098 2775 1223 2832 secutus
1246 2789 1316 2832 esee
1339 2775 1431 2834 vide-

228 2880 285 2950 tur,
306 2876 428 2936 ratione
449 2878 543 2936 statui
566 2881 677 2955 potest.
713 2876 780 2938 iloo
802 2877 924 2953 quidem
946 2893 985 2938 ex
1006 2879 1113 2955 paucis
1134 2878 1330 2938 orationibus
1351 2883 1438 2938 reete

228 2984 394 3062 colligitur,
420 2986 560 3062 pressius
588 2986 681 3046 etiam
707 2992 800 3063 atque
826 2986 962 3046 limatius
983 2990 1016 3046 et
1036 2987 1198 3046 sententiis
1219 2987 1360 3046 erebrius
1383 2987 1435 3044 di-

227 3091 316 3151 cendi
336 3108 433 3168 genus
454 3091 561 3168 luisse,
595 3110 654 3169 quo
675 3095 706 3152 in
726 3094 926 3154 historiarum
946 3093 1038 3154 libris
1060 3111 1134 3154 usus
1155 3092 1251 3154 luerit
1272 3093 1433 3154 Salustius.

229 3197 395 3260 Sententia
416 3205 477 3260 tam
491 3217 584 3275 verae,
607 3205 776 3279 tamnovae,
794 3203 940 3261 tamaius
955 3202 1120 3278 pigmentis
1140 3200 1272 3276 lucoque
1287 3201 1435 3274 oratorio,

226 3309 260 3365 ut
279 3310 364 3366 reete
385 3308 550 3368 iudieatum
572 3325 643 3369 osse
664 3310 814 3385 videatur,
841 3309 873 3370 iu
894 3310 1013 3371 inserto
1035 3327 1115 3386 esse,
1137 3311 1339 3370 senteutiaene
1360 3327 1435 3369 rer-

227 3413 275 3472 bie
302 3430 341 3472 an
371 3413 469 3474 verba
495 3415 657 3474 sententiis
682 3415 779 3492 magis
814 3415 1015 3475 illustrentur.
1059 3414 1122 3475 Sed
1152 3423 1184 3474 ut
1210 3417 1304 3476 totius
1330 3415 1436 3493 operis

230 3519 394 3595 dispositio
415 3523 509 3595 atque
530 3536 631 3579 rerum
652 3520 730 3580 ordo
751 3519 952 3597 intelligatur,
977 3521 1107 3597 primum
1127 3521 1232 3581 latera
1253 3521 1308 3581 illa
1329 3524 1435 3582 struo⁴

226 3630 361 3686 turarum
383 3629 416 3686 ot
436 3628 656 3687 sententiarum
670 3628 843 3705 fragmenta
863 3628 895 3687 in
914 3627 1015 3689 libros
1028 3629 1240 3689 distribuenda
1255 3630 1334 3689 sunt.
1361 3628 1434 3696 Qum

227 3733 348 3808 quidem
377 3749 430 3794 ree
458 3735 581 3794 multum
611 3732 800 3794 difficultatis
823 3735 924 3810 habet,
956 3735 1038 3812 quod
1064 3736 1096 3796 in
1123 3737 1256 3796 numeris
1283 3736 1433 3795 librorum

227 3842 356 3901 maxima
385 3845 434 3900 est
462 3840 605 3902 lectionis
632 3843 778 3917 varietas,
812 3843 856 3901 ita
888 3851 920 3903 ut
945 3842 1030 3902 multi
1060 3844 1222 3904 statuerint
1245 3841 1430 3902 testimoniis

226 3951 491 4023 grammaticorum
520 3951 580 4009 luao
607 3951 637 4009 in
665 3968 700 4010 re
725 3951 802 4010 nihil
827 3951 878 4010 vel
905 3967 964 4010 non
990 3951 1113 4011 multum
1134 3968 1206 4012 esse
1233 3951 1434 4012 tribuendum.

226 4051 357 4120 Quorum
378 4064 532 4133 praerepta
554 4057 580 4114 si
607 4057 772 4130 sequimur,
801 4055 834 4114 id
856 4057 996 4132 allicitur,
1023 4063 1053 4116 ut
1075 4057 1158 4116 nullo
1179 4059 1269 4124 ‚eerto
1295 4057 1382 4116 initio
1404 4063 1435 4117 et

224 4159 420 4224 iurrdamento
442 4165 535 4224 totius
558 4165 735 4240 quaestionis
757 4165 800 4226 uti
824 4166 913 4225 nobis
933 4164 1035 4225 lioeat
1075 4163 1136 4224 Sed
1163 4170 1195 4224 ut
1216 4165 1293 4224 satis
1315 4169 1432 4225 eertum

224 4269 275 4342 sit,
306 4286 443 4344 quaenam
464 4273 604 4347 reliquiae
625 4273 753 4350 singulis
774 4274 865 4332 libris
889 4275 951 4333 sint
971 4272 1193 4348 adsoribeudae,
1223 4274 1322 4333 maior
1342 4273 1433 4332 etiam

225 4373 392 4435 difficultas
421 4377 491 4436 inde
518 4379 632 4454 oritur,
666 4396 726 4454 quo
758 4379 866 4440 ordine
892 4380 954 4439 illae
985 4380 1203 4456 componendae
1234 4379 1303 4438 siut.
1345 4376 1433 4446 Quod

225 4481 345 4556 quidem
368 4486 464 4542 totum
486 4484 515 4542 in
537 4485 630 4544 meris
650 4489 795 4546 versatur
823 4488 1015 4560 oouieoturis,
1045 4488 1088 4548 ita
1115 4491 1149 4546 ut
1169 4501 1229 4562 quo
1251 4485 1350 4545 maior
1370 4483 1433 4542 ali-

224 4589 311 4648 euius
332 4589 361 4648 in
383 4589 441 4648 hae
463 4607 498 4648 re
520 4591 562 4650 sit
583 4591 777 4667 eonlldeutia,
804 4609 842 4654 eo
864 4596 980 4655 maiore
1001 4595 1123 4654 labatur
1144 4609 1259 4654 errore.
1295 4591 1330 4650 ld
1349 4591 1432 4667 quod

224 4712 321 4772 nuper
343 4697 529 4756 intellectum
552 4704 609 4770 est,
639 4715 705 4758 oum
733 4700 824 4759 homo
848 4701 927 4760 male
950 4701 1076 4761 sedulus
1101 4718 1140 4760 ex
1162 4700 1267 4776 paneis
1290 4698 1432 4773 reliquiis
