3582 5594
476 617 546 687 102

474 815 642 908 ginienses
667 823 743 884 anto
767 823 896 908 tempus
921 811 1019 883 domo
1043 813 1219 906 digressos,
1255 813 1451 886 conturbare
1485 835 1573 883 rem:
1614 812 1677 881 de-

475 939 576 1033 nique
601 938 712 1009 omnia
737 939 838 1010 malle
863 959 965 1031 mam
989 937 1067 1008 victi
1092 939 1197 1008 abire.
1245 939 1311 1009 Sed
1344 961 1420 1010 cum
1445 939 1538 1008 ueni
1573 937 1678 1008 aliam

476 1063 709 1146 conditionem,
740 1063 967 1133 tantummodo
999 1085 1139 1157 equam,
1171 1072 1332 1155 peterent,
1368 1061 1475 1133 Graeci
1506 1061 1678 1156 optionem

477 1185 799 1278 Carthaginiensium
829 1188 965 1268 iaciunt,
1001 1197 1036 1257 ut
1060 1187 1114 1257 vel
1138 1187 1201 1270 illi,
1236 1210 1320 1282 quos
1354 1187 1429 1257 finis
1459 1187 1584 1280 populo
1616 1209 1680 1256 suo

478 1321 639 1406 peterent,
678 1311 724 1382 ihi
758 1311 823 1381 vivi
855 1311 1094 1392 obruerentnr;
1135 1313 1189 1382 vel
1221 1312 1337 1382 eadem
1370 1311 1558 1382 conditione
1592 1333 1679 1391 sese,

478 1457 579 1528 quem
605 1435 639 1504 in
665 1437 775 1506 locum
792 1435 926 1515 vellent,
951 1457 1173 1530 processuros.
1216 1435 1367 1516 Philaeni,
1394 1435 1582 1506 conditione
1599 1457 1681 1527 pro-

480 1561 567 1641 bata,
593 1583 694 1652 seque
719 1561 887 1653 vitamque
912 1582 1004 1631 sunm
1030 1562 1079 1631 rei
1105 1559 1246 1654 puhlicae
1272 1561 1519 1640 condonaverc;
1546 1559 1593 1628 ita
1612 1559 1680 1628 vivi

480 1683 602 1755 ohruti.
640 1683 931 1776 Carthaginienses
956 1685 991 1754 in
1017 1707 1058 1754 co
1080 1684 1154 1754 loco
1166 1683 1323 1754 Philaenis
1342 1683 1498 1754 iratrihus
1510 1705 1586 1753 anas
1598 1705 1682 1752 con-

481 1831 652 1880 secravere
662 1809 786 1902 aliique
799 1809 864 1879 illis
876 1809 967 1880 domi
978 1810 1120 1882 honores
1138 1805 1286 1879 instituti.
1310 1810 1407 1879 Nune
1424 1808 1466 1877 ad
1481 1828 1554 1877 rem
1567 1805 1681 1876 redeo.

556 1955 661 2002 cxxx.
711 1933 871 2025 Iugurtha
902 1944 1074 2029 postquam
1106 1934 1227 2005 amissa
1257 1932 1362 2004 Thala
1395 1931 1481 2002 nihil
1512 1932 1590 2000 satis
1621 1931 1683 2000 lir-

483 2079 575 2126 mum
601 2067 714 2126 contra
728 2057 899 2127 hletellum
925 2067 1027 2150 putat,
1052 2083 1114 2152 per
1129 2080 1267 2151 magnas
1283 2057 1475 2130 solitudines
1501 2077 1577 2126 cum
1595 2079 1683 2148 pau-

484 2180 532 2250 cis
556 2181 720 2274 proiectus
745 2182 895 2274 pervenit
918 2183 960 2252 ad
987 2183 1141 2265 Gaetulos,
1168 2205 1272 2274 genus
1298 2182 1468 2252 hominum
1495 2181 1603 2250 lerum
1630 2179 1684 2249 in·

485 2305 677 2398 cultumque
702 2315 734 2374 et
758 2328 799 2376 eo
824 2316 973 2400 tempore
998 2306 1151 2398 ignarum
1181 2307 1324 2377 nominis
1351 2305 1504 2376 Romani.
1555 2307 1684 2376 Eorum

485 2427 728 2499 multitudinem
764 2429 798 2498 in
829 2451 934 2500 nuum
963 2430 1052 2521 cogit
1077 2452 1115 2500 ac
1140 2431 1299 2524 paulatim
1324 2429 1527 2500 consuefacit
1551 2429 1684 2498 ordines

486 2552 621 2635 hahere,
646 2553 742 2644 signa
766 2553 872 2650 sequi,
907 2554 1083 2647 imperium
1108 2553 1295 2637 ohservare,
1329 2555 1409 2627 item
1434 2553 1501 2624 alia
1525 2551 1685 2622 militaria

487 2677 607 2747 facere.
658 2678 820 2748 Praeterea
852 2678 941 2770 regis
966 2677 1088 2748 Bocchi
1121 2701 1304 2773 proxumos
1337 2679 1466 2771 maguis
1491 2676 1686 2748 muncrihus

488 2811 521 2870 et
544 2800 723 2871 maioribus
748 2802 916 2896 promissis
942 2802 982 2873 ad
1008 2803 1152 2873 studium
1177 2803 1228 2873 sui
1253 2803 1422 2896 perducit;
1455 2802 1528 2896 quis
1553 2801 1687 2871 adinto-

488 2924 579 2995 rihus
604 2948 719 3017 regem
745 2948 919 3019 aggressus
943 2927 1094 3020 impellit,
1119 2927 1167 2997 uti
1191 2928 1349 2998 advorsus
1373 2928 1539 2996 Romanos
1559 2926 1686 2997 bellum

489 3050 635 3144 incipiat.
677 3051 715 3120 ld
741 3073 781 3120 ea
806 3052 912 3142 gratia
937 3051 1066 3121 facilius
1090 3025 1293 3143 proniusque
1318 3048 1391 3132 luit,
1422 3049 1511 3142 quod
1536 3050 1687 3121 Bocchus

489 3174 584 3246 initio
610 3174 748 3246 huiusce
773 3173 853 3246 belli
879 3174 1004 3266 legatos
1036 3175 1176 3244 Romam
1200 3174 1345 3258 miserat,
1380 3174 1486 3244 ludus
1512 3185 1545 3244 et
1569 3174 1690 3244 amici·

489 3299 570 3369 tiam
593 3299 747 3392 petitum:
781 3321 881 3393 quam
901 3321 973 3369 rem
1001 3298 1299 3392 oportunissumam
1324 3299 1455 3391 incepto
1480 3298 1570 3367 hello
1588 3298 1689 3392 pauci

490 3422 740 3515 impediverant,
775 3424 854 3493 caeci
878 3423 1027 3504 avaritia,
1064 3423 1137 3516 quis
1162 3424 1274 3493 omnia
1299 3422 1438 3493 honesta
1462 3432 1562 3515 atquc
1587 3420 1689 3491 inho-

490 3556 582 3616 nesta
608 3547 848 3618 venderemus
873 3559 955 3618 erat.
1006 3549 1114 3620 Etiam
1144 3558 1243 3618 antea
1267 3546 1435 3638 iugurtha
1461 3546 1529 3616 iilia
1555 3547 1689 3616 Boccho

490 3681 658 3764 nupserat.
712 3672 836 3742 Verum
868 3694 908 3742 ea
938 3670 1146 3742 necessitudo
1180 3671 1266 3764 apud
1300 3670 1461 3741 Numidas
1489 3671 1690 3762 Maurosque

491 3796 573 3865 levis
596 3797 738 3876 ducitur,
775 3797 854 3890 quia
878 3795 1014 3888 singuli,
1046 3817 1107 3888 pro
1132 3794 1249 3888 opibus
1274 3795 1427 3889 quisque,
1455 3815 1555 3887 quam
1581 3793 1690 3886 pluri-

491 3941 563 3990 mas
587 3943 721 4003 uxores,
747 3921 849 3992 denas
874 3920 945 4002 alii,
971 3920 1027 3992 alii
1053 3920 1165 4013 plures
1190 3918 1325 4001 hahent,
1351 3918 1410 3988 scd
1431 3940 1528 4011 reges
1549 3941 1590 3988 eo
1616 3940 1692 3987 am·

491 4045 589 4138 plius.
643 4046 692 4116 lta
716 4044 846 4114 animus
871 4043 1081 4116 multitudine
1109 4041 1320 4122 distrahitur:
1360 4042 1487 4113 nullam
1512 4062 1574 4135 pro
1601 4041 1693 4111 socia

491 4170 634 4241 ohtinet:
660 4169 783 4262 pariter
804 4189 921 4239 omnes
944 4167 1026 4238 viles
1050 4178 1136 4240 suut.

566 4317 683 4366 cxxxi.
733 4294 837 4386 lgitur
862 4294 896 4364 in
921 4293 1032 4364 locum
1056 4293 1216 4365 ambobus
1240 4291 1396 4386 placitum
1422 4289 1586 4360 exercitus
1610 4313 1694 4361 con·

491 4419 638 4490 veniunt.
689 4418 739 4491 lbi
764 4418 830 4488 lide
864 4418 938 4489 data
971 4430 1003 4490 et
1034 4428 1169 4510 accepta
1198 4416 1358 4509 Iugurtha
1382 4414 1507 4488 Bocchi
1540 4415 1693 4486 animum

493 4543 641 4614 oratione
666 4543 831 4616 accendit:
863 4545 1029 4614 Romanos
1055 4544 1204 4626 iniustos,
1230 4542 1395 4636 profunda
1420 4539 1571 4624 avaritia,
1600 4563 1693 4610 com-

492 4673 603 4746 munis
628 4671 777 4742 omnium
802 4669 905 4742 hostis
930 4691 1020 4748 esse;
1061 4669 1212 4740 eumdem
1245 4668 1320 4737 illos
1350 4689 1484 4738 causam
1509 4664 1590 4735 helli
1617 4685 1692 4734 cnm
