<?xml version="1.0" encoding="UTF-8"?>
<!DOCTYPE html PUBLIC "-//W3C//DTD XHTML 1.0 Transitional//EN"
    "http://www.w3.org/TR/xhtml1/DTD/xhtml1-transitional.dtd">
<html xmlns="http://www.w3.org/1999/xhtml" xml:lang="en" lang="en">
 <head>
  <title>
</title>
<meta http-equiv="Content-Type" content="text/html;charset=utf-8" />
  <meta name='ocr-system' content='tesseract 3.04.00' />
  <meta name='ocr-capabilities' content='ocr_page ocr_carea ocr_par ocr_line ocrx_word'/>
</head>
<body>
  <div class='ocr_page' id='page_1' title='image "./gaisalustiicris00rothgoog_0225.png"; bbox 0 0 3554 5600; ppageno 0'>
   <div class='ocr_carea' id='block_1_1' title="bbox 440 652 508 722">
    <p class='ocr_par' dir='ltr' id='par_1_1' title="bbox 440 652 508 722">
     <span class='ocr_line' id='line_1_1' title="bbox 440 652 508 722; baseline 0.044 -3"><span class='ocrx_word' id='word_1_1' title='bbox 440 652 508 722; x_wconf 86' lang='grc'><strong>188</strong></span> 
     </span>
    </p>
   </div>
   <div class='ocr_carea' id='block_1_2' title="bbox 435 853 1646 1076">
    <p class='ocr_par' dir='ltr' id='par_1_2' title="bbox 435 853 1646 1076">
     <span class='ocr_line' id='line_1_2' title="bbox 435 853 1645 951; baseline 0.003 -26"><span class='ocrx_word' id='word_1_2' title='bbox 435 855 503 925; x_wconf 85' lang='lat' dir='ltr'><strong>silli</strong></span> <span class='ocrx_word' id='word_1_3' title='bbox 528 853 612 924; x_wconf 88' lang='lat' dir='ltr'><strong>ratio</strong></span> <span class='ocrx_word' id='word_1_4' title='bbox 638 855 818 948; x_wconf 83' lang='lat' dir='ltr'><strong>suffragata</strong></span> <span class='ocrx_word' id='word_1_5' title='bbox 844 867 903 926; x_wconf 90' lang='lat' dir='ltr'><strong>est.</strong></span> <span class='ocrx_word' id='word_1_6' title='bbox 952 857 1060 940; x_wconf 81' lang='lat' dir='ltr'><strong>Quam</strong></span> <span class='ocrx_word' id='word_1_7' title='bbox 1087 859 1130 928; x_wconf 90' lang='lat' dir='ltr'><strong>ita</strong></span> <span class='ocrx_word' id='word_1_8' title='bbox 1158 881 1290 930; x_wconf 88' lang='lat' dir='ltr'><strong>servare</strong></span> <span class='ocrx_word' id='word_1_9' title='bbox 1316 871 1453 951; x_wconf 89' lang='lat' dir='ltr'><strong>poterat,</strong></span> <span class='ocrx_word' id='word_1_10' title='bbox 1490 861 1517 929; x_wconf 93' lang='lat' dir='ltr'><strong>si</strong></span> <span class='ocrx_word' id='word_1_11' title='bbox 1545 861 1645 929; x_wconf 92' lang='lat' dir='ltr'><strong>modo</strong></span> 
     </span>
     <span class='ocr_line' id='line_1_3' title="bbox 437 979 1646 1076; baseline 0.004 -28"><span class='ocrx_word' id='word_1_12' title='bbox 437 979 472 1049; x_wconf 94' lang='lat' dir='ltr'><strong>in</strong></span> <span class='ocrx_word' id='word_1_13' title='bbox 497 981 637 1050; x_wconf 89' lang='lat' dir='ltr'><strong>statione</strong></span> <span class='ocrx_word' id='word_1_14' title='bbox 662 980 888 1050; x_wconf 73' lang='lat' dir='ltr'><strong>continuisset.</strong></span> <span class='ocrx_word' id='word_1_15' title='bbox 931 982 1088 1052; x_wconf 88' lang='lat' dir='ltr'><strong>Terentio</strong></span> <span class='ocrx_word' id='word_1_16' title='bbox 1110 983 1253 1053; x_wconf 89' lang='lat' dir='ltr'><strong>Varroni</strong></span> <span class='ocrx_word' id='word_1_17' title='bbox 1278 984 1516 1076; x_wconf 89' lang='lat' dir='ltr'><strong>sempiternum</strong></span> <span class='ocrx_word' id='word_1_18' title='bbox 1542 984 1646 1054; x_wconf 89' lang='lat' dir='ltr'><strong>dede-</strong></span> 
     </span>
    </p>
   </div>
   <div class='ocr_carea' id='block_1_3' title="bbox 436 1106 1647 1203">
    <p class='ocr_par' dir='ltr' id='par_1_3' title="bbox 436 1106 1647 1203">
     <span class='ocr_line' id='line_1_4' title="bbox 436 1106 1647 1203; baseline 0.003 -30"><span class='ocrx_word' id='word_1_19' title='bbox 436 1126 497 1174; x_wconf 91' lang='lat' dir='ltr'><strong>cus</strong></span> <span class='ocrx_word' id='word_1_20' title='bbox 520 1115 620 1199; x_wconf 87' lang='lat' dir='ltr'><strong>atque</strong></span> <span class='ocrx_word' id='word_1_21' title='bbox 645 1106 832 1177; x_wconf 79' lang='lat' dir='ltr'><strong>immortale</strong></span> <span class='ocrx_word' id='word_1_22' title='bbox 858 1118 1112 1178; x_wconf 89' lang='lat' dir='ltr'><strong>monumentum</strong></span> <span class='ocrx_word' id='word_1_23' title='bbox 1143 1118 1241 1180; x_wconf 89' lang='lat' dir='ltr'><strong>erunt</strong></span> <span class='ocrx_word' id='word_1_24' title='bbox 1265 1109 1439 1201; x_wconf 78' lang='lat' dir='ltr'><strong>flagitiosae</strong></span> <span class='ocrx_word' id='word_1_25' title='bbox 1466 1110 1647 1203; x_wconf 89' lang='lat' dir='ltr'><strong>turpitudi-</strong></span> 
     </span>
    </p>
   </div>
   <div class='ocr_carea' id='block_1_4' title="bbox 438 1229 1663 4808">
    <p class='ocr_par' dir='ltr' id='par_1_4' title="bbox 438 1229 1649 1702">
     <span class='ocr_line' id='line_1_5' title="bbox 438 1229 1648 1327; baseline 0.003 -29"><span class='ocrx_word' id='word_1_26' title='bbox 438 1230 490 1298; x_wconf 90' lang='lat' dir='ltr'><strong>nis</strong></span> <span class='ocrx_word' id='word_1_27' title='bbox 515 1229 632 1302; x_wconf 76' lang='lat' dir='ltr'><strong>deletae</strong></span> <span class='ocrx_word' id='word_1_28' title='bbox 658 1231 700 1303; x_wconf 92' lang='lat' dir='ltr'><strong>ad</strong></span> <span class='ocrx_word' id='word_1_29' title='bbox 718 1232 849 1303; x_wconf 86' lang='lat' dir='ltr'><strong>Cannas</strong></span> <span class='ocrx_word' id='word_1_30' title='bbox 875 1233 1058 1302; x_wconf 79' lang='lat' dir='ltr'><strong>temeritate</strong></span> <span class='ocrx_word' id='word_1_31' title='bbox 1084 1257 1143 1303; x_wconf 90' lang='lat' dir='ltr'><strong>sua</strong></span> <span class='ocrx_word' id='word_1_32' title='bbox 1169 1234 1402 1327; x_wconf 79' lang='lat' dir='ltr'><strong>pulcherrimae</strong></span> <span class='ocrx_word' id='word_1_33' title='bbox 1420 1234 1648 1304; x_wconf 85' lang='lat' dir='ltr'><strong>Romanorum</strong></span> 
     </span>
     <span class='ocr_line' id='line_1_6' title="bbox 439 1354 1647 1451; baseline 0.002 -27"><span class='ocrx_word' id='word_1_34' title='bbox 439 1354 601 1446; x_wconf 82' lang='lat' dir='ltr'><strong>legiones,</strong></span> <span class='ocrx_word' id='word_1_35' title='bbox 641 1378 716 1447; x_wconf 81' lang='lat' dir='ltr'><strong>qnae</strong></span> <span class='ocrx_word' id='word_1_36' title='bbox 751 1367 888 1425; x_wconf 76' lang='lat' dir='ltr'><strong>servata</strong></span> <span class='ocrx_word' id='word_1_37' title='bbox 920 1355 1200 1448; x_wconf 87' lang='lat' dir='ltr'><strong>periculosissimo</strong></span> <span class='ocrx_word' id='word_1_38' title='bbox 1234 1367 1383 1451; x_wconf 85' lang='lat' dir='ltr'><strong>tempore</strong></span> <span class='ocrx_word' id='word_1_39' title='bbox 1421 1359 1469 1427; x_wconf 92' lang='lat' dir='ltr'><strong>rei</strong></span> <span class='ocrx_word' id='word_1_40' title='bbox 1503 1359 1647 1451; x_wconf 72' lang='lat' dir='ltr'><strong>publica</strong></span> 
     </span>
     <span class='ocr_line' id='line_1_7' title="bbox 439 1479 1649 1575; baseline -0.002 -24"><span class='ocrx_word' id='word_1_41' title='bbox 439 1483 510 1551; x_wconf 88' lang='lat' dir='ltr'><strong>sinc</strong></span> <span class='ocrx_word' id='word_1_42' title='bbox 535 1479 637 1550; x_wconf 90' lang='lat' dir='ltr'><strong>dubio</strong></span> <span class='ocrx_word' id='word_1_43' title='bbox 666 1479 813 1560; x_wconf 84' lang='lat' dir='ltr'><strong>inissent,</strong></span> <span class='ocrx_word' id='word_1_44' title='bbox 848 1489 882 1549; x_wconf 90' lang='lat' dir='ltr'><strong>ct</strong></span> <span class='ocrx_word' id='word_1_45' title='bbox 907 1481 1012 1551; x_wconf 87' lang='lat' dir='ltr'><strong>robur</strong></span> <span class='ocrx_word' id='word_1_46' title='bbox 1037 1481 1196 1552; x_wconf 84' lang='lat' dir='ltr'><strong>eximium</strong></span> <span class='ocrx_word' id='word_1_47' title='bbox 1222 1482 1456 1575; x_wconf 79' lang='lat' dir='ltr'><strong>pulcherrima</strong></span> <span class='ocrx_word' id='word_1_48' title='bbox 1483 1483 1585 1563; x_wconf 87' lang='lat' dir='ltr'><strong>urbis,</strong></span> <span class='ocrx_word' id='word_1_49' title='bbox 1616 1492 1649 1550; x_wconf 92' lang='lat' dir='ltr'><strong>et</strong></span> 
     </span>
     <span class='ocr_line' id='line_1_8' title="bbox 440 1605 1648 1702; baseline -0.004 -25"><span class='ocrx_word' id='word_1_50' title='bbox 440 1617 636 1702; x_wconf 87' lang='lat' dir='ltr'><strong>perpetuum</strong></span> <span class='ocrx_word' id='word_1_51' title='bbox 663 1605 763 1676; x_wconf 91' lang='lat' dir='ltr'><strong>decus</strong></span> <span class='ocrx_word' id='word_1_52' title='bbox 790 1608 972 1677; x_wconf 90' lang='lat' dir='ltr'><strong>consularis</strong></span> <span class='ocrx_word' id='word_1_53' title='bbox 998 1607 1181 1700; x_wconf 74' lang='lat' dir='ltr'><strong>prudentia</strong></span> <span class='ocrx_word' id='word_1_54' title='bbox 1207 1609 1457 1702; x_wconf 75' lang='lat' dir='ltr'><strong>disciplineque</strong></span> <span class='ocrx_word' id='word_1_55' title='bbox 1482 1606 1648 1677; x_wconf 87' lang='lat' dir='ltr'><strong>militaris.</strong></span> 
     </span>
    </p>

    <p class='ocr_par' dir='ltr' id='par_1_5' title="bbox 441 1731 1663 4808">
     <span class='ocr_line' id='line_1_9' title="bbox 514 1731 1651 1824; baseline -0.002 -24"><span class='ocrx_word' id='word_1_56' title='bbox 514 1753 586 1801; x_wconf 83' lang='lat' dir='ltr'><strong>xrv.</strong></span> <span class='ocrx_word' id='word_1_57' title='bbox 637 1731 738 1800; x_wconf 88' lang='lat' dir='ltr'><strong>llecte</strong></span> <span class='ocrx_word' id='word_1_58' title='bbox 765 1732 877 1824; x_wconf 90' lang='lat' dir='ltr'><strong>itaque</strong></span> <span class='ocrx_word' id='word_1_59' title='bbox 906 1733 1047 1802; x_wconf 88' lang='lat' dir='ltr'><strong>maiores</strong></span> <span class='ocrx_word' id='word_1_60' title='bbox 1082 1733 1183 1802; x_wconf 84' lang='lat' dir='ltr'><strong>nostri</strong></span> <span class='ocrx_word' id='word_1_61' title='bbox 1218 1733 1355 1803; x_wconf 91' lang='lat' dir='ltr'><strong>summis</strong></span> <span class='ocrx_word' id='word_1_62' title='bbox 1387 1732 1540 1803; x_wconf 89' lang='lat' dir='ltr'><strong>laudibus</strong></span> <span class='ocrx_word' id='word_1_63' title='bbox 1565 1731 1651 1800; x_wconf 87' lang='lat' dir='ltr'><strong>elle-</strong></span> 
     </span>
     <span class='ocr_line' id='line_1_10' title="bbox 441 1850 1652 1950; baseline -0.004 -23"><span class='ocrx_word' id='word_1_64' title='bbox 441 1855 537 1927; x_wconf 87' lang='lat' dir='ltr'><strong>rendi</strong></span> <span class='ocrx_word' id='word_1_65' title='bbox 563 1867 652 1937; x_wconf 89' lang='lat' dir='ltr'><strong>sunt,</strong></span> <span class='ocrx_word' id='word_1_66' title='bbox 679 1857 737 1949; x_wconf 94' lang='lat' dir='ltr'><strong>qui</strong></span> <span class='ocrx_word' id='word_1_67' title='bbox 764 1857 842 1950; x_wconf 91' lang='lat' dir='ltr'><strong>Spu.</strong></span> <span class='ocrx_word' id='word_1_68' title='bbox 862 1856 1011 1936; x_wconf 85' lang='lat' dir='ltr'><strong>Melinm,</strong></span> <span class='ocrx_word' id='word_1_69' title='bbox 1039 1856 1218 1936; x_wconf 81' lang='lat' dir='ltr'><strong>Gracchos,</strong></span> <span class='ocrx_word' id='word_1_70' title='bbox 1247 1857 1303 1948; x_wconf 95' lang='lat' dir='ltr'><strong>qni</strong></span> <span class='ocrx_word' id='word_1_71' title='bbox 1329 1850 1493 1928; x_wconf 75' lang='lat' dir='ltr'><strong>Manlium</strong></span> <span class='ocrx_word' id='word_1_72' title='bbox 1515 1855 1652 1947; x_wconf 84' lang='lat' dir='ltr'><strong>Capito-</strong></span> 
     </span>
     <span class='ocr_line' id='line_1_11' title="bbox 443 1979 1652 2073; baseline -0.005 -23"><span class='ocrx_word' id='word_1_73' title='bbox 443 1981 563 2061; x_wconf 90' lang='lat' dir='ltr'><strong>linum,</strong></span> <span class='ocrx_word' id='word_1_74' title='bbox 589 1980 647 2073; x_wconf 92' lang='lat' dir='ltr'><strong>qui</strong></span> <span class='ocrx_word' id='word_1_75' title='bbox 672 1981 832 2060; x_wconf 86' lang='lat' dir='ltr'><strong>Drusum,</strong></span> <span class='ocrx_word' id='word_1_76' title='bbox 868 1981 924 2071; x_wconf 94' lang='lat' dir='ltr'><strong>qui</strong></span> <span class='ocrx_word' id='word_1_77' title='bbox 952 1980 1179 2063; x_wconf 82' lang='lat' dir='ltr'><strong>Saluminum,</strong></span> <span class='ocrx_word' id='word_1_78' title='bbox 1213 1980 1408 2050; x_wconf 83' lang='lat' dir='ltr'><strong>fortissimos</strong></span> <span class='ocrx_word' id='word_1_79' title='bbox 1434 1979 1587 2049; x_wconf 89' lang='lat' dir='ltr'><strong>homines</strong></span> <span class='ocrx_word' id='word_1_80' title='bbox 1617 1987 1652 2044; x_wconf 91' lang='lat' dir='ltr'><strong>et</strong></span> 
     </span>
     <span class='ocr_line' id='line_1_12' title="bbox 442 2101 1653 2199; baseline -0.007 -22"><span class='ocrx_word' id='word_1_81' title='bbox 442 2107 492 2178; x_wconf 90' lang='lat' dir='ltr'><strong>rei</strong></span> <span class='ocrx_word' id='word_1_82' title='bbox 519 2105 660 2199; x_wconf 75' lang='lat' dir='ltr'><strong>publice</strong></span> <span class='ocrx_word' id='word_1_83' title='bbox 685 2127 914 2198; x_wconf 72' lang='lat' dir='ltr'><strong>sepenumero</strong></span> <span class='ocrx_word' id='word_1_84' title='bbox 939 2128 1006 2175; x_wconf 93' lang='lat' dir='ltr'><strong>non</strong></span> <span class='ocrx_word' id='word_1_85' title='bbox 1033 2104 1244 2177; x_wconf 82' lang='lat' dir='ltr'><strong>mediocriter</strong></span> <span class='ocrx_word' id='word_1_86' title='bbox 1264 2105 1452 2198; x_wconf 86' lang='lat' dir='ltr'><strong>opitulatos,</strong></span> <span class='ocrx_word' id='word_1_87' title='bbox 1480 2101 1567 2197; x_wconf 94' lang='lat' dir='ltr'><strong>quod</strong></span> <span class='ocrx_word' id='word_1_88' title='bbox 1591 2101 1653 2170; x_wconf 91' lang='lat' dir='ltr'><strong>de-</strong></span> 
     </span>
     <span class='ocr_line' id='line_1_13' title="bbox 443 2227 1653 2323; baseline -0.005 -23"><span class='ocrx_word' id='word_1_89' title='bbox 443 2232 610 2302; x_wconf 83' lang='lat' dir='ltr'><strong>venissent</strong></span> <span class='ocrx_word' id='word_1_90' title='bbox 635 2231 668 2298; x_wconf 93' lang='lat' dir='ltr'><strong>in</strong></span> <span class='ocrx_word' id='word_1_91' title='bbox 695 2231 854 2300; x_wconf 83' lang='lat' dir='ltr'><strong>allectatae</strong></span> <span class='ocrx_word' id='word_1_92' title='bbox 880 2228 1062 2323; x_wconf 79' lang='lat' dir='ltr'><strong>tyrannidis</strong></span> <span class='ocrx_word' id='word_1_93' title='bbox 1080 2230 1315 2323; x_wconf 85' lang='lat' dir='ltr'><strong>suspicionem,</strong></span> <span class='ocrx_word' id='word_1_94' title='bbox 1342 2238 1446 2298; x_wconf 89' lang='lat' dir='ltr'><strong>morte</strong></span> <span class='ocrx_word' id='word_1_95' title='bbox 1464 2227 1653 2299; x_wconf 88' lang='lat' dir='ltr'><strong>multandos</strong></span> 
     </span>
     <span class='ocr_line' id='line_1_14' title="bbox 444 2350 1653 2448; baseline -0.005 -22"><span class='ocrx_word' id='word_1_96' title='bbox 444 2379 516 2426; x_wconf 89' lang='lat' dir='ltr'><strong>esse</strong></span> <span class='ocrx_word' id='word_1_97' title='bbox 542 2367 751 2448; x_wconf 86' lang='lat' dir='ltr'><strong>putaverunt.</strong></span> <span class='ocrx_word' id='word_1_98' title='bbox 796 2357 865 2426; x_wconf 87' lang='lat' dir='ltr'><strong>Nec</strong></span> <span class='ocrx_word' id='word_1_99' title='bbox 896 2355 975 2446; x_wconf 90' lang='lat' dir='ltr'><strong>Spu.</strong></span> <span class='ocrx_word' id='word_1_100' title='bbox 999 2354 1102 2425; x_wconf 87' lang='lat' dir='ltr'><strong>lllelio</strong></span> <span class='ocrx_word' id='word_1_101' title='bbox 1134 2355 1226 2424; x_wconf 83' lang='lat' dir='ltr'><strong>lavor</strong></span> <span class='ocrx_word' id='word_1_102' title='bbox 1251 2351 1473 2444; x_wconf 87' lang='lat' dir='ltr'><strong>amplissimus</strong></span> <span class='ocrx_word' id='word_1_103' title='bbox 1499 2350 1653 2428; x_wconf 82' lang='lat' dir='ltr'><strong>civitatis,</strong></span> 
     </span>
     <span class='ocr_line' id='line_1_15' title="bbox 444 2475 1657 2570; baseline -0.003 -22"><span class='ocrx_word' id='word_1_104' title='bbox 444 2501 507 2549; x_wconf 88' lang='lat' dir='ltr'><strong>nec</strong></span> <span class='ocrx_word' id='word_1_105' title='bbox 533 2478 690 2550; x_wconf 87' lang='lat' dir='ltr'><strong>Gracchis</strong></span> <span class='ocrx_word' id='word_1_106' title='bbox 717 2479 767 2549; x_wconf 87' lang='lat' dir='ltr'><strong>avi</strong></span> <span class='ocrx_word' id='word_1_107' title='bbox 802 2478 853 2547; x_wconf 92' lang='lat' dir='ltr'><strong>sui</strong></span> <span class='ocrx_word' id='word_1_108' title='bbox 879 2477 1042 2570; x_wconf 87' lang='lat' dir='ltr'><strong>Scipionis</strong></span> <span class='ocrx_word' id='word_1_109' title='bbox 1075 2477 1247 2547; x_wconf 88' lang='lat' dir='ltr'><strong>clarissimi</strong></span> <span class='ocrx_word' id='word_1_110' title='bbox 1279 2475 1342 2546; x_wconf 88' lang='lat' dir='ltr'><strong>viri</strong></span> <span class='ocrx_word' id='word_1_111' title='bbox 1371 2475 1551 2555; x_wconf 88' lang='lat' dir='ltr'><strong>memoria,</strong></span> <span class='ocrx_word' id='word_1_112' title='bbox 1591 2497 1657 2544; x_wconf 93' lang='lat' dir='ltr'><strong>nec</strong></span> 
     </span>
     <span class='ocr_line' id='line_1_16' title="bbox 444 2599 1657 2693; baseline -0.007 -18"><span class='ocrx_word' id='word_1_113' title='bbox 444 2603 571 2676; x_wconf 87' lang='lat' dir='ltr'><strong>lllanlio</strong></span> <span class='ocrx_word' id='word_1_114' title='bbox 597 2600 816 2672; x_wconf 84' lang='lat' dir='ltr'><strong>celeberrima</strong></span> <span class='ocrx_word' id='word_1_115' title='bbox 842 2601 950 2692; x_wconf 85' lang='lat' dir='ltr'><strong>gloria</strong></span> <span class='ocrx_word' id='word_1_116' title='bbox 976 2600 1130 2693; x_wconf 87' lang='lat' dir='ltr'><strong>Capitolii</strong></span> <span class='ocrx_word' id='word_1_117' title='bbox 1157 2599 1299 2680; x_wconf 87' lang='lat' dir='ltr'><strong>liberati,</strong></span> <span class='ocrx_word' id='word_1_118' title='bbox 1334 2621 1394 2669; x_wconf 89' lang='lat' dir='ltr'><strong>nec</strong></span> <span class='ocrx_word' id='word_1_119' title='bbox 1418 2600 1530 2669; x_wconf 86' lang='lat' dir='ltr'><strong>Druso</strong></span> <span class='ocrx_word' id='word_1_120' title='bbox 1555 2620 1657 2667; x_wconf 90' lang='lat' dir='ltr'><strong>sanc-</strong></span> 
     </span>
     <span class='ocr_line' id='line_1_17' title="bbox 444 2721 1658 2814; baseline -0.007 -16"><span class='ocrx_word' id='word_1_121' title='bbox 444 2728 564 2798; x_wconf 88' lang='lat' dir='ltr'><strong>tissimi</strong></span> <span class='ocrx_word' id='word_1_122' title='bbox 589 2727 641 2798; x_wconf 90' lang='lat' dir='ltr'><strong>sui</strong></span> <span class='ocrx_word' id='word_1_123' title='bbox 665 2729 816 2807; x_wconf 86' lang='lat' dir='ltr'><strong>Penates,</strong></span> <span class='ocrx_word' id='word_1_124' title='bbox 854 2748 915 2795; x_wconf 86' lang='lat' dir='ltr'><strong>nec</strong></span> <span class='ocrx_word' id='word_1_125' title='bbox 945 2725 1124 2795; x_wconf 88' lang='lat' dir='ltr'><strong>Saturnino</strong></span> <span class='ocrx_word' id='word_1_126' title='bbox 1158 2726 1209 2796; x_wconf 88' lang='lat' dir='ltr'><strong>ius</strong></span> <span class='ocrx_word' id='word_1_127' title='bbox 1243 2733 1458 2795; x_wconf 77' lang='lat' dir='ltr'><strong>sacrosancta</strong></span> <span class='ocrx_word' id='word_1_128' title='bbox 1485 2721 1658 2814; x_wconf 84' lang='lat' dir='ltr'><strong>dignitatis</strong></span> 
     </span>
     <span class='ocr_line' id='line_1_18' title="bbox 446 2848 1658 2941; baseline -0.006 -19"><span class='ocrx_word' id='word_1_129' title='bbox 446 2852 605 2922; x_wconf 84' lang='lat' dir='ltr'><strong>auxiliata</strong></span> <span class='ocrx_word' id='word_1_130' title='bbox 638 2861 725 2921; x_wconf 90' lang='lat' dir='ltr'><strong>sunt.</strong></span> <span class='ocrx_word' id='word_1_131' title='bbox 775 2849 863 2931; x_wconf 90' lang='lat' dir='ltr'><strong>Quid</strong></span> <span class='ocrx_word' id='word_1_132' title='bbox 891 2849 959 2919; x_wconf 81' lang='lat' dir='ltr'><strong>ital</strong></span> <span class='ocrx_word' id='word_1_133' title='bbox 1002 2849 1081 2941; x_wconf 88' lang='lat' dir='ltr'><strong>qnia</strong></span> <span class='ocrx_word' id='word_1_134' title='bbox 1111 2871 1227 2918; x_wconf 86' lang='lat' dir='ltr'><strong>necem</strong></span> <span class='ocrx_word' id='word_1_135' title='bbox 1260 2869 1442 2940; x_wconf 87' lang='lat' dir='ltr'><strong>paucorum</strong></span> <span class='ocrx_word' id='word_1_136' title='bbox 1474 2857 1533 2916; x_wconf 89' lang='lat' dir='ltr'><strong>ant</strong></span> <span class='ocrx_word' id='word_1_137' title='bbox 1557 2848 1658 2916; x_wconf 91' lang='lat' dir='ltr'><strong>unios</strong></span> 
     </span>
     <span class='ocr_line' id='line_1_19' title="bbox 447 2973 1658 3066; baseline -0.002 -21"><span class='ocrx_word' id='word_1_138' title='bbox 447 2975 593 3046; x_wconf 80' lang='lat' dir='ltr'><strong>hominis</strong></span> <span class='ocrx_word' id='word_1_139' title='bbox 619 2975 798 3045; x_wconf 85' lang='lat' dir='ltr'><strong>calamitati</strong></span> <span class='ocrx_word' id='word_1_140' title='bbox 825 2973 967 3066; x_wconf 78' lang='lat' dir='ltr'><strong>publica</strong></span> <span class='ocrx_word' id='word_1_141' title='bbox 992 2973 1137 3042; x_wconf 89' lang='lat' dir='ltr'><strong>maiores</strong></span> <span class='ocrx_word' id='word_1_142' title='bbox 1164 2973 1266 3044; x_wconf 92' lang='lat' dir='ltr'><strong>nostri</strong></span> <span class='ocrx_word' id='word_1_143' title='bbox 1291 2995 1423 3066; x_wconf 88' lang='lat' dir='ltr'><strong>semper</strong></span> <span class='ocrx_word' id='word_1_144' title='bbox 1445 2984 1658 3065; x_wconf 88' lang='lat' dir='ltr'><strong>anteponen-</strong></span> 
     </span>
     <span class='ocr_line' id='line_1_20' title="bbox 446 3096 1657 3191; baseline -0.003 -21"><span class='ocrx_word' id='word_1_145' title='bbox 446 3100 525 3170; x_wconf 92' lang='lat' dir='ltr'><strong>dam</strong></span> <span class='ocrx_word' id='word_1_146' title='bbox 551 3121 622 3168; x_wconf 91' lang='lat' dir='ltr'><strong>essc</strong></span> <span class='ocrx_word' id='word_1_147' title='bbox 648 3109 859 3191; x_wconf 87' lang='lat' dir='ltr'><strong>putaverunt.</strong></span> <span class='ocrx_word' id='word_1_148' title='bbox 902 3096 1014 3180; x_wconf 76' lang='lat' dir='ltr'><strong>Ouidi</strong></span> <span class='ocrx_word' id='word_1_149' title='bbox 1048 3120 1153 3188; x_wconf 85' lang='lat' dir='ltr'><strong>genus</strong></span> <span class='ocrx_word' id='word_1_150' title='bbox 1176 3097 1379 3168; x_wconf 88' lang='lat' dir='ltr'><strong>crudelitatis</strong></span> <span class='ocrx_word' id='word_1_151' title='bbox 1403 3097 1564 3166; x_wconf 85' lang='lat' dir='ltr'><strong>eximium</strong></span> <span class='ocrx_word' id='word_1_152' title='bbox 1590 3119 1657 3166; x_wconf 92' lang='lat' dir='ltr'><strong>non</strong></span> 
     </span>
     <span class='ocr_line' id='line_1_21' title="bbox 447 3221 1659 3316; baseline -0.002 -23"><span class='ocrx_word' id='word_1_153' title='bbox 447 3234 524 3294; x_wconf 90' lang='lat' dir='ltr'><strong>sunt</strong></span> <span class='ocrx_word' id='word_1_154' title='bbox 549 3223 708 3304; x_wconf 87' lang='lat' dir='ltr'><strong>arbitrati,</strong></span> <span class='ocrx_word' id='word_1_155' title='bbox 746 3222 833 3293; x_wconf 88' lang='lat' dir='ltr'><strong>cives</strong></span> <span class='ocrx_word' id='word_1_156' title='bbox 860 3245 916 3290; x_wconf 87' lang='lat' dir='ltr'><strong>eos</strong></span> <span class='ocrx_word' id='word_1_157' title='bbox 937 3222 1103 3315; x_wconf 88' lang='lat' dir='ltr'><strong>perimere</strong></span> <span class='ocrx_word' id='word_1_158' title='bbox 1128 3223 1332 3316; x_wconf 87' lang='lat' dir='ltr'><strong>summisque</strong></span> <span class='ocrx_word' id='word_1_159' title='bbox 1355 3221 1506 3313; x_wconf 86' lang='lat' dir='ltr'><strong>affligere</strong></span> <span class='ocrx_word' id='word_1_160' title='bbox 1527 3221 1659 3315; x_wconf 90' lang='lat' dir='ltr'><strong>suppli-</strong></span> 
     </span>
     <span class='ocr_line' id='line_1_22' title="bbox 447 3345 1658 3442; baseline -0.002 -24"><span class='ocrx_word' id='word_1_161' title='bbox 447 3348 519 3429; x_wconf 86' lang='lat' dir='ltr'><strong>ciis,</strong></span> <span class='ocrx_word' id='word_1_162' title='bbox 545 3370 687 3442; x_wconf 91' lang='lat' dir='ltr'><strong>qnorum</strong></span> <span class='ocrx_word' id='word_1_163' title='bbox 706 3347 740 3416; x_wconf 90' lang='lat' dir='ltr'><strong>in</strong></span> <span class='ocrx_word' id='word_1_164' title='bbox 757 3369 828 3415; x_wconf 90' lang='lat' dir='ltr'><strong>rem</strong></span> <span class='ocrx_word' id='word_1_165' title='bbox 847 3346 1016 3438; x_wconf 89' lang='lat' dir='ltr'><strong>publicum</strong></span> <span class='ocrx_word' id='word_1_166' title='bbox 1033 3369 1180 3440; x_wconf 82' lang='lat' dir='ltr'><strong>persaepe</strong></span> <span class='ocrx_word' id='word_1_167' title='bbox 1207 3347 1390 3418; x_wconf 91' lang='lat' dir='ltr'><strong>clarissima</strong></span> <span class='ocrx_word' id='word_1_168' title='bbox 1415 3345 1658 3417; x_wconf 85' lang='lat' dir='ltr'><strong>beneficiorum</strong></span> 
     </span>
     <span class='ocr_line' id='line_1_23' title="bbox 448 3463 1659 3565; baseline -0.005 -21"><span class='ocrx_word' id='word_1_169' title='bbox 448 3495 573 3565; x_wconf 82' lang='lat' dir='ltr'><strong>genera</strong></span> <span class='ocrx_word' id='word_1_170' title='bbox 596 3473 803 3543; x_wconf 74' lang='lat' dir='ltr'><strong>extitissent?</strong></span> <span class='ocrx_word' id='word_1_171' title='bbox 836 3472 986 3543; x_wconf 80' lang='lat' dir='ltr'><strong>Minime.</strong></span> <span class='ocrx_word' id='word_1_172' title='bbox 1022 3470 1112 3553; x_wconf 90' lang='lat' dir='ltr'><strong>Quid</strong></span> <span class='ocrx_word' id='word_1_173' title='bbox 1130 3472 1194 3542; x_wconf 83' lang='lat' dir='ltr'><strong>ital</strong></span> <span class='ocrx_word' id='word_1_174' title='bbox 1229 3473 1308 3565; x_wconf 89' lang='lat' dir='ltr'><strong>quia</strong></span> <span class='ocrx_word' id='word_1_175' title='bbox 1333 3463 1463 3543; x_wconf 75' lang='lat' dir='ltr'><strong>nullum</strong></span> <span class='ocrx_word' id='word_1_176' title='bbox 1486 3471 1565 3541; x_wconf 89' lang='lat' dir='ltr'><strong>satis</strong></span> <span class='ocrx_word' id='word_1_177' title='bbox 1583 3471 1659 3560; x_wconf 84' lang='lat' dir='ltr'><strong>dig-</strong></span> 
     </span>
     <span class='ocr_line' id='line_1_24' title="bbox 449 3595 1660 3690; baseline -0.005 -22"><span class='ocrx_word' id='word_1_178' title='bbox 449 3621 530 3668; x_wconf 92' lang='lat' dir='ltr'><strong>num</strong></span> <span class='ocrx_word' id='word_1_179' title='bbox 556 3598 710 3690; x_wconf 88' lang='lat' dir='ltr'><strong>supplicii</strong></span> <span class='ocrx_word' id='word_1_180' title='bbox 742 3619 847 3690; x_wconf 84' lang='lat' dir='ltr'><strong>genus</strong></span> <span class='ocrx_word' id='word_1_181' title='bbox 881 3596 914 3664; x_wconf 92' lang='lat' dir='ltr'><strong>in</strong></span> <span class='ocrx_word' id='word_1_182' title='bbox 941 3619 998 3666; x_wconf 88' lang='lat' dir='ltr'><strong>eos</strong></span> <span class='ocrx_word' id='word_1_183' title='bbox 1023 3597 1174 3667; x_wconf 87' lang='lat' dir='ltr'><strong>consumi</strong></span> <span class='ocrx_word' id='word_1_184' title='bbox 1200 3619 1294 3690; x_wconf 89' lang='lat' dir='ltr'><strong>posse</strong></span> <span class='ocrx_word' id='word_1_185' title='bbox 1320 3597 1561 3690; x_wconf 88' lang='lat' dir='ltr'><strong>opinabantur,</strong></span> <span class='ocrx_word' id='word_1_186' title='bbox 1601 3595 1660 3687; x_wconf 95' lang='lat' dir='ltr'><strong>qni</strong></span> 
     </span>
     <span class='ocr_line' id='line_1_25' title="bbox 449 3719 1661 3814; baseline -0.002 -23"><span class='ocrx_word' id='word_1_187' title='bbox 449 3721 564 3814; x_wconf 80' lang='lat' dir='ltr'><strong>patriae</strong></span> <span class='ocrx_word' id='word_1_188' title='bbox 599 3742 667 3791; x_wconf 83' lang='lat' dir='ltr'><strong>suae</strong></span> <span class='ocrx_word' id='word_1_189' title='bbox 694 3721 879 3791; x_wconf 89' lang='lat' dir='ltr'><strong>libertatem</strong></span> <span class='ocrx_word' id='word_1_190' title='bbox 905 3721 1094 3814; x_wconf 88' lang='lat' dir='ltr'><strong>opprimere</strong></span> <span class='ocrx_word' id='word_1_191' title='bbox 1126 3719 1331 3790; x_wconf 89' lang='lat' dir='ltr'><strong>statuissent:</strong></span> <span class='ocrx_word' id='word_1_192' title='bbox 1372 3744 1434 3791; x_wconf 86' lang='lat' dir='ltr'><strong>nec</strong></span> <span class='ocrx_word' id='word_1_193' title='bbox 1464 3719 1541 3790; x_wconf 91' lang='lat' dir='ltr'><strong>illos</strong></span> <span class='ocrx_word' id='word_1_194' title='bbox 1571 3719 1661 3789; x_wconf 87' lang='lat' dir='ltr'><strong>cives</strong></span> 
     </span>
     <span class='ocr_line' id='line_1_26' title="bbox 451 3843 1663 3938; baseline -0.003 -23"><span class='ocrx_word' id='word_1_195' title='bbox 451 3867 521 3916; x_wconf 89' lang='lat' dir='ltr'><strong>esse</strong></span> <span class='ocrx_word' id='word_1_196' title='bbox 540 3844 779 3927; x_wconf 86' lang='lat' dir='ltr'><strong>iudicaverunt,</strong></span> <span class='ocrx_word' id='word_1_197' title='bbox 806 3867 889 3938; x_wconf 92' lang='lat' dir='ltr'><strong>qnos</strong></span> <span class='ocrx_word' id='word_1_198' title='bbox 915 3846 1074 3915; x_wconf 88' lang='lat' dir='ltr'><strong>abiecisse</strong></span> <span class='ocrx_word' id='word_1_199' title='bbox 1100 3843 1264 3916; x_wconf 83' lang='lat' dir='ltr'><strong>rationem</strong></span> <span class='ocrx_word' id='word_1_200' title='bbox 1289 3845 1407 3937; x_wconf 84' lang='lat' dir='ltr'><strong>patriae</strong></span> <span class='ocrx_word' id='word_1_201' title='bbox 1432 3843 1580 3914; x_wconf 83' lang='lat' dir='ltr'><strong>caritatis</strong></span> <span class='ocrx_word' id='word_1_202' title='bbox 1606 3845 1663 3911; x_wconf 93' lang='lat' dir='ltr'><strong>in-</strong></span> 
     </span>
     <span class='ocr_line' id='line_1_27' title="bbox 450 3967 1660 4060; baseline -0.002 -22"><span class='ocrx_word' id='word_1_203' title='bbox 450 3981 632 4040; x_wconf 91' lang='lat' dir='ltr'><strong>tuerentur.</strong></span> <span class='ocrx_word' id='word_1_204' title='bbox 675 3971 718 4040; x_wconf 81' lang='lat' dir='ltr'><strong>At</strong></span> <span class='ocrx_word' id='word_1_205' title='bbox 743 3979 858 4038; x_wconf 91' lang='lat' dir='ltr'><strong>contra</strong></span> <span class='ocrx_word' id='word_1_206' title='bbox 885 3991 951 4050; x_wconf 90' lang='lat' dir='ltr'><strong>eos,</strong></span> <span class='ocrx_word' id='word_1_207' title='bbox 988 3969 1046 4060; x_wconf 91' lang='lat' dir='ltr'><strong>qni</strong></span> <span class='ocrx_word' id='word_1_208' title='bbox 1072 3969 1153 4038; x_wconf 90' lang='lat' dir='ltr'><strong>tales</strong></span> <span class='ocrx_word' id='word_1_209' title='bbox 1178 3969 1432 4050; x_wconf 87' lang='lat' dir='ltr'><strong>interemissent,</strong></span> <span class='ocrx_word' id='word_1_210' title='bbox 1466 3990 1535 4038; x_wconf 92' lang='lat' dir='ltr'><strong>non</strong></span> <span class='ocrx_word' id='word_1_211' title='bbox 1560 3967 1660 4036; x_wconf 92' lang='lat' dir='ltr'><strong>modo</strong></span> 
     </span>
     <span class='ocr_line' id='line_1_28' title="bbox 450 4091 1662 4187; baseline -0.003 -23"><span class='ocrx_word' id='word_1_212' title='bbox 450 4093 518 4164; x_wconf 95' lang='lat' dir='ltr'><strong>dici</strong></span> <span class='ocrx_word' id='word_1_213' title='bbox 542 4104 642 4187; x_wconf 90' lang='lat' dir='ltr'><strong>atque</strong></span> <span class='ocrx_word' id='word_1_214' title='bbox 669 4092 830 4186; x_wconf 89' lang='lat' dir='ltr'><strong>appellari</strong></span> <span class='ocrx_word' id='word_1_215' title='bbox 857 4092 955 4175; x_wconf 80' lang='lat' dir='ltr'><strong>cives,</strong></span> <span class='ocrx_word' id='word_1_216' title='bbox 991 4103 1027 4164; x_wconf 93' lang='lat' dir='ltr'><strong>ut</strong></span> <span class='ocrx_word' id='word_1_217' title='bbox 1053 4103 1171 4176; x_wconf 84' lang='lat' dir='ltr'><strong>essent,</strong></span> <span class='ocrx_word' id='word_1_218' title='bbox 1198 4092 1394 4175; x_wconf 88' lang='lat' dir='ltr'><strong>statuebant,</strong></span> <span class='ocrx_word' id='word_1_219' title='bbox 1424 4092 1482 4160; x_wconf 89' lang='lat' dir='ltr'><strong>sed</strong></span> <span class='ocrx_word' id='word_1_220' title='bbox 1507 4091 1662 4162; x_wconf 87' lang='lat' dir='ltr'><strong>afficien-</strong></span> 
     </span>
     <span class='ocr_line' id='line_1_29' title="bbox 451 4216 1660 4311; baseline -0.002 -22"><span class='ocrx_word' id='word_1_221' title='bbox 451 4219 510 4289; x_wconf 91' lang='lat' dir='ltr'><strong>dos</strong></span> <span class='ocrx_word' id='word_1_222' title='bbox 536 4219 607 4288; x_wconf 86' lang='lat' dir='ltr'><strong>lore</strong></span> <span class='ocrx_word' id='word_1_223' title='bbox 633 4217 874 4288; x_wconf 85' lang='lat' dir='ltr'><strong>immortalibus</strong></span> <span class='ocrx_word' id='word_1_224' title='bbox 900 4218 995 4288; x_wconf 88' lang='lat' dir='ltr'><strong>donis</strong></span> <span class='ocrx_word' id='word_1_225' title='bbox 1023 4241 1063 4288; x_wconf 91' lang='lat' dir='ltr'><strong>ac</strong></span> <span class='ocrx_word' id='word_1_226' title='bbox 1092 4218 1301 4311; x_wconf 84' lang='lat' dir='ltr'><strong>sempitemae</strong></span> <span class='ocrx_word' id='word_1_227' title='bbox 1327 4216 1502 4288; x_wconf 89' lang='lat' dir='ltr'><strong>hominum</strong></span> <span class='ocrx_word' id='word_1_228' title='bbox 1529 4239 1660 4286; x_wconf 88' lang='lat' dir='ltr'><strong>memo·</strong></span> 
     </span>
     <span class='ocr_line' id='line_1_30' title="bbox 451 4341 1660 4436; baseline -0.002 -23"><span class='ocrx_word' id='word_1_229' title='bbox 451 4343 511 4414; x_wconf 81' lang='lat' dir='ltr'><strong>riae</strong></span> <span class='ocrx_word' id='word_1_230' title='bbox 546 4341 798 4414; x_wconf 86' lang='lat' dir='ltr'><strong>consecrandos.</strong></span> <span class='ocrx_word' id='word_1_231' title='bbox 855 4341 944 4423; x_wconf 90' lang='lat' dir='ltr'><strong>Quid</strong></span> <span class='ocrx_word' id='word_1_232' title='bbox 979 4341 1068 4410; x_wconf 90' lang='lat' dir='ltr'><strong>enim</strong></span> <span class='ocrx_word' id='word_1_233' title='bbox 1099 4353 1206 4436; x_wconf 90' lang='lat' dir='ltr'><strong>potest</strong></span> <span class='ocrx_word' id='word_1_234' title='bbox 1243 4343 1412 4433; x_wconf 83' lang='lat' dir='ltr'><strong>indignius</strong></span> <span class='ocrx_word' id='word_1_235' title='bbox 1442 4341 1521 4422; x_wconf 91' lang='lat' dir='ltr'><strong>dici,</strong></span> <span class='ocrx_word' id='word_1_236' title='bbox 1560 4365 1660 4435; x_wconf 89' lang='lat' dir='ltr'><strong>qnam</strong></span> 
     </span>
     <span class='ocr_line' id='line_1_31' title="bbox 451 4466 1660 4561; baseline -0.004 -23"><span class='ocrx_word' id='word_1_237' title='bbox 451 4467 552 4538; x_wconf 67' lang='lat' dir='ltr'><strong>sitam</strong></span> <span class='ocrx_word' id='word_1_238' title='bbox 580 4490 598 4537; x_wconf 86' lang='lat' dir='ltr'><strong>a</strong></span> <span class='ocrx_word' id='word_1_239' title='bbox 625 4468 733 4561; x_wconf 91' lang='lat' dir='ltr'><strong>patria</strong></span> <span class='ocrx_word' id='word_1_240' title='bbox 759 4475 944 4558; x_wconf 88' lang='lat' dir='ltr'><strong>susceptam</strong></span> <span class='ocrx_word' id='word_1_241' title='bbox 971 4466 1011 4535; x_wconf 93' lang='lat' dir='ltr'><strong>ad</strong></span> <span class='ocrx_word' id='word_1_242' title='bbox 1040 4466 1129 4537; x_wconf 89' lang='lat' dir='ltr'><strong>illius</strong></span> <span class='ocrx_word' id='word_1_243' title='bbox 1162 4467 1342 4560; x_wconf 89' lang='lat' dir='ltr'><strong>perniciem</strong></span> <span class='ocrx_word' id='word_1_244' title='bbox 1371 4467 1660 4558; x_wconf 85' lang='lat' dir='ltr'><strong>calamitatemque</strong></span> 
     </span>
     <span class='ocr_line' id='line_1_32' title="bbox 453 4589 1660 4684; baseline -0.002 -25"><span class='ocrx_word' id='word_1_245' title='bbox 453 4591 629 4661; x_wconf 81' lang='lat' dir='ltr'><strong>confer-rel</strong></span> <span class='ocrx_word' id='word_1_246' title='bbox 666 4589 744 4682; x_wconf 94' lang='lat' dir='ltr'><strong>quid</strong></span> <span class='ocrx_word' id='word_1_247' title='bbox 772 4589 852 4680; x_wconf 82' lang='lat' dir='ltr'><strong>fingi</strong></span> <span class='ocrx_word' id='word_1_248' title='bbox 879 4590 1081 4670; x_wconf 85' lang='lat' dir='ltr'><strong>sceleratius,</strong></span> <span class='ocrx_word' id='word_1_249' title='bbox 1108 4613 1209 4684; x_wconf 90' lang='lat' dir='ltr'><strong>quam</strong></span> <span class='ocrx_word' id='word_1_250' title='bbox 1233 4612 1348 4672; x_wconf 82' lang='lat' dir='ltr'><strong>eorum</strong></span> <span class='ocrx_word' id='word_1_251' title='bbox 1376 4610 1490 4681; x_wconf 87' lang='lat' dir='ltr'><strong>poenas</strong></span> <span class='ocrx_word' id='word_1_252' title='bbox 1517 4613 1558 4658; x_wconf 90' lang='lat' dir='ltr'><strong>ac</strong></span> <span class='ocrx_word' id='word_1_253' title='bbox 1586 4611 1660 4657; x_wconf 89' lang='lat' dir='ltr'><strong>cru-</strong></span> 
     </span>
     <span class='ocr_line' id='line_1_33' title="bbox 454 4713 1657 4808; baseline -0.005 -23"><span class='ocrx_word' id='word_1_254' title='bbox 454 4715 658 4786; x_wconf 87' lang='lat' dir='ltr'><strong>delissimam</strong></span> <span class='ocrx_word' id='word_1_255' title='bbox 693 4715 882 4784; x_wconf 85' lang='lat' dir='ltr'><strong>servitutem</strong></span> <span class='ocrx_word' id='word_1_256' title='bbox 916 4713 1121 4803; x_wconf 80' lang='lat' dir='ltr'><strong>excogitare,</strong></span> <span class='ocrx_word' id='word_1_257' title='bbox 1159 4737 1242 4808; x_wconf 88' lang='lat' dir='ltr'><strong>qnos</strong></span> <span class='ocrx_word' id='word_1_258' title='bbox 1273 4713 1390 4782; x_wconf 86' lang='lat' dir='ltr'><strong>iisdem</strong></span> <span class='ocrx_word' id='word_1_259' title='bbox 1425 4715 1592 4784; x_wconf 83' lang='lat' dir='ltr'><strong>moenihns</strong></span> <span class='ocrx_word' id='word_1_260' title='bbox 1623 4733 1657 4781; x_wconf 86' lang='lat' dir='ltr'><strong>ac</strong></span> 
     </span>
    </p>
   </div>
   <div class='ocr_carea' id='block_1_5' title="bbox 0 0 1805 5600">
    <p class='ocr_par' dir='ltr' id='par_1_6' title="bbox 0 0 1805 5600">
     <span class='ocr_line' id='line_1_34' title="bbox 0 0 1805 5600; baseline 0 0"><span class='ocrx_word' id='word_1_261' title='bbox 0 0 1805 5600; x_wconf 95' lang='lat' dir='ltr'><strong> </strong></span> 
     </span>
    </p>
   </div>
  </div>
 </body>
</html>
