<?xml version="1.0" encoding="UTF-8"?>
<!DOCTYPE html PUBLIC "-//W3C//DTD XHTML 1.0 Transitional//EN"
    "http://www.w3.org/TR/xhtml1/DTD/xhtml1-transitional.dtd">
<html xmlns="http://www.w3.org/1999/xhtml" xml:lang="en" lang="en">
 <head>
  <title>
</title>
<meta http-equiv="Content-Type" content="text/html;charset=utf-8" />
  <meta name='ocr-system' content='tesseract 3.04.00' />
  <meta name='ocr-capabilities' content='ocr_page ocr_carea ocr_par ocr_line ocrx_word'/>
</head>
<body>
  <div class='ocr_page' id='page_1' title='image "./gaisalustiicris00rothgoog_0566.png"; bbox 0 0 3702 5600; ppageno 0'>
   <div class='ocr_carea' id='block_1_1' title="bbox 1362 665 1432 734">
    <p class='ocr_par' dir='ltr' id='par_1_1' title="bbox 1362 665 1432 734">
     <span class='ocr_line' id='line_1_1' title="bbox 1362 665 1432 734; baseline 0.029 -2"><span class='ocrx_word' id='word_1_1' title='bbox 1362 665 1432 734; x_wconf 74' lang='lat'><strong>529</strong></span> 
     </span>
    </p>
   </div>
   <div class='ocr_carea' id='block_1_2' title="bbox 225 859 1435 4868">
    <p class='ocr_par' dir='ltr' id='par_1_2' title="bbox 229 859 1435 1789">
     <span class='ocr_line' id='line_1_2' title="bbox 229 859 1434 935; baseline 0 -15"><span class='ocrx_word' id='word_1_2' title='bbox 229 861 299 920; x_wconf 82' lang='lat' dir='ltr'><strong>tunt</strong></span> <span class='ocrx_word' id='word_1_3' title='bbox 317 861 386 922; x_wconf 74' lang='lat' dir='ltr'><strong>Tur.</strong></span> <span class='ocrx_word' id='word_1_4' title='bbox 408 865 590 920; x_wconf 80' lang='lat' dir='ltr'><strong>inritamento</strong></span> <span class='ocrx_word' id='word_1_5' title='bbox 609 860 678 918; x_wconf 80' lang='lat' dir='ltr'><strong>Par.</strong></span> <span class='ocrx_word' id='word_1_6' title='bbox 700 877 725 918; x_wconf 81' lang='lat' dir='ltr'><strong>u.</strong></span> <span class='ocrx_word' id='word_1_7' title='bbox 748 860 919 935; x_wconf 87' lang='lat' dir='ltr'><strong>dequibus</strong></span> <span class='ocrx_word' id='word_1_8' title='bbox 941 859 1126 919; x_wconf 84' lang='lat' dir='ltr'><strong>lectionibus</strong></span> <span class='ocrx_word' id='word_1_9' title='bbox 1148 859 1214 918; x_wconf 83' lang='lat' dir='ltr'><strong>lraee</strong></span> <span class='ocrx_word' id='word_1_10' title='bbox 1237 859 1434 920; x_wconf 83' lang='lat' dir='ltr'><strong>animadver-</strong></span> 
     </span>
     <span class='ocr_line' id='line_1_3' title="bbox 231 965 1433 1044; baseline -0.002 -16"><span class='ocrx_word' id='word_1_11' title='bbox 231 970 331 1028; x_wconf 88' lang='lat' dir='ltr'><strong>tenda.</strong></span> <span class='ocrx_word' id='word_1_12' title='bbox 372 967 458 1044; x_wconf 79' lang='lat' dir='ltr'><strong>Ltipr</strong></span> <span class='ocrx_word' id='word_1_13' title='bbox 480 969 510 1027; x_wconf 91' lang='lat' dir='ltr'><strong>in</strong></span> <span class='ocrx_word' id='word_1_14' title='bbox 532 966 616 1026; x_wconf 92' lang='lat' dir='ltr'><strong>nullo</strong></span> <span class='ocrx_word' id='word_1_15' title='bbox 636 967 719 1025; x_wconf 88' lang='lat' dir='ltr'><strong>libro</strong></span> <span class='ocrx_word' id='word_1_16' title='bbox 741 965 956 1026; x_wconf 81' lang='lat' dir='ltr'><strong>videturesse</strong></span> <span class='ocrx_word' id='word_1_17' title='bbox 983 982 1177 1043; x_wconf 83' lang='lat' dir='ltr'><strong>expressum,</strong></span> <span class='ocrx_word' id='word_1_18' title='bbox 1211 965 1266 1024; x_wconf 88' lang='lat' dir='ltr'><strong>sed</strong></span> <span class='ocrx_word' id='word_1_19' title='bbox 1294 966 1344 1024; x_wconf 91' lang='lat' dir='ltr'><strong>vel</strong></span> <span class='ocrx_word' id='word_1_20' title='bbox 1366 967 1433 1026; x_wconf 84' lang='lat' dir='ltr'><strong>sine</strong></span> 
     </span>
     <span class='ocr_line' id='line_1_4' title="bbox 229 1057 1432 1150; baseline 0.002 -18"><span class='ocrx_word' id='word_1_21' title='bbox 229 1075 318 1134; x_wconf 89' lang='lat' dir='ltr'><strong>libris</strong></span> <span class='ocrx_word' id='word_1_22' title='bbox 341 1076 566 1135; x_wconf 84' lang='lat' dir='ltr'><strong>emendandum.</strong></span> <span class='ocrx_word' id='word_1_23' title='bbox 601 1074 636 1133; x_wconf 92' lang='lat' dir='ltr'><strong>ln</strong></span> <span class='ocrx_word' id='word_1_24' title='bbox 660 1090 787 1148; x_wconf 71' lang='lat' dir='ltr'><strong>repens,</strong></span> <span class='ocrx_word' id='word_1_25' title='bbox 812 1074 895 1148; x_wconf 88' lang='lat' dir='ltr'><strong>quod</strong></span> <span class='ocrx_word' id='word_1_26' title='bbox 916 1075 992 1134; x_wconf 91' lang='lat' dir='ltr'><strong>satis</strong></span> <span class='ocrx_word' id='word_1_27' title='bbox 1014 1057 1144 1150; x_wconf 72' lang='lat' dir='ltr'><strong>constat,</strong></span> <span class='ocrx_word' id='word_1_28' title='bbox 1171 1090 1269 1150; x_wconf 86' lang='lat' dir='ltr'><strong>genus</strong></span> <span class='ocrx_word' id='word_1_29' title='bbox 1296 1073 1432 1149; x_wconf 79' lang='lat' dir='ltr'><strong>lluctuet3</strong></span> 
     </span>
     <span class='ocr_line' id='line_1_5' title="bbox 229 1179 1434 1258; baseline -0.001 -19"><span class='ocrx_word' id='word_1_30' title='bbox 229 1185 330 1256; x_wconf 81' lang='lat' dir='ltr'><strong>poetae</strong></span> <span class='ocrx_word' id='word_1_31' title='bbox 352 1181 418 1240; x_wconf 87' lang='lat' dir='ltr'><strong>fere</strong></span> <span class='ocrx_word' id='word_1_32' title='bbox 440 1181 617 1256; x_wconf 85' lang='lat' dir='ltr'><strong>masculino,</strong></span> <span class='ocrx_word' id='word_1_33' title='bbox 639 1181 795 1258; x_wconf 89' lang='lat' dir='ltr'><strong>pedestris</strong></span> <span class='ocrx_word' id='word_1_34' title='bbox 816 1181 967 1240; x_wconf 91' lang='lat' dir='ltr'><strong>orationis</strong></span> <span class='ocrx_word' id='word_1_35' title='bbox 986 1182 1154 1258; x_wconf 77' lang='lat' dir='ltr'><strong>scriptores</strong></span> <span class='ocrx_word' id='word_1_36' title='bbox 1175 1179 1320 1239; x_wconf 78' lang='lat' dir='ltr'><strong>feminino</strong></span> <span class='ocrx_word' id='word_1_37' title='bbox 1343 1185 1434 1241; x_wconf 92' lang='lat' dir='ltr'><strong>utun-</strong></span> 
     </span>
     <span class='ocr_line' id='line_1_6' title="bbox 230 1286 1433 1364; baseline 0 -18"><span class='ocrx_word' id='word_1_38' title='bbox 230 1289 288 1346; x_wconf 88' lang='lat' dir='ltr'><strong>tur.</strong></span> <span class='ocrx_word' id='word_1_39' title='bbox 320 1287 382 1346; x_wconf 91' lang='lat' dir='ltr'><strong>Sed</strong></span> <span class='ocrx_word' id='word_1_40' title='bbox 410 1292 517 1347; x_wconf 87' lang='lat' dir='ltr'><strong>nostro</strong></span> <span class='ocrx_word' id='word_1_41' title='bbox 543 1288 612 1347; x_wconf 91' lang='lat' dir='ltr'><strong>loeo</strong></span> <span class='ocrx_word' id='word_1_42' title='bbox 639 1304 706 1347; x_wconf 91' lang='lat' dir='ltr'><strong>cum</strong></span> <span class='ocrx_word' id='word_1_43' title='bbox 727 1286 798 1346; x_wconf 89' lang='lat' dir='ltr'><strong>Bas.</strong></span> <span class='ocrx_word' id='word_1_44' title='bbox 819 1305 865 1363; x_wconf 93' lang='lat' dir='ltr'><strong>pr.</strong></span> <span class='ocrx_word' id='word_1_45' title='bbox 887 1305 924 1346; x_wconf 93' lang='grc' dir='ltr'><strong>ιιι.</strong></span> <span class='ocrx_word' id='word_1_46' title='bbox 946 1305 1068 1364; x_wconf 79' lang='lat' dir='ltr'><strong>quorum</strong></span> <span class='ocrx_word' id='word_1_47' title='bbox 1090 1287 1247 1363; x_wconf 71' lang='lat' dir='ltr'><strong>exhibeat,</strong></span> <span class='ocrx_word' id='word_1_48' title='bbox 1268 1291 1300 1346; x_wconf 92' lang='lat' dir='ltr'><strong>et</strong></span> <span class='ocrx_word' id='word_1_49' title='bbox 1320 1286 1388 1346; x_wconf 88' lang='lat' dir='ltr'><strong>Par.</strong></span> <span class='ocrx_word' id='word_1_50' title='bbox 1407 1305 1433 1346; x_wconf 81' lang='lat' dir='ltr'><strong>z·</strong></span> 
     </span>
     <span class='ocr_line' id='line_1_7' title="bbox 231 1393 1434 1472; baseline 0 -19"><span class='ocrx_word' id='word_1_51' title='bbox 231 1395 358 1453; x_wconf 87' lang='lat' dir='ltr'><strong>eandem</strong></span> <span class='ocrx_word' id='word_1_52' title='bbox 388 1394 516 1454; x_wconf 82' lang='lat' dir='ltr'><strong>termam</strong></span> <span class='ocrx_word' id='word_1_53' title='bbox 543 1411 599 1472; x_wconf 93' lang='lat' dir='ltr'><strong>per</strong></span> <span class='ocrx_word' id='word_1_54' title='bbox 625 1393 882 1469; x_wconf 81' lang='lat' dir='ltr'>emendationem,</span> <span class='ocrx_word' id='word_1_55' title='bbox 911 1394 1107 1453; x_wconf 83' lang='lat' dir='ltr'><strong>masculinum</strong></span> <span class='ocrx_word' id='word_1_56' title='bbox 1134 1410 1191 1470; x_wconf 93' lang='lat' dir='ltr'><strong>pro</strong></span> <span class='ocrx_word' id='word_1_57' title='bbox 1218 1394 1434 1471; x_wconf 68' lang='lat' dir='ltr'><strong>praestantiore</strong></span> 
     </span>
     <span class='ocr_line' id='line_1_8' title="bbox 230 1497 1434 1576; baseline -0.003 -16"><span class='ocrx_word' id='word_1_58' title='bbox 230 1500 329 1560; x_wconf 81' lang='lat' dir='ltr'><strong>torma</strong></span> <span class='ocrx_word' id='word_1_59' title='bbox 357 1499 537 1559; x_wconf 86' lang='lat' dir='ltr'><strong>habendum.</strong></span> <span class='ocrx_word' id='word_1_60' title='bbox 569 1500 693 1576; x_wconf 72' lang='lat' dir='ltr'><strong>agebunt</strong></span> <span class='ocrx_word' id='word_1_61' title='bbox 716 1499 912 1559; x_wconf 80' lang='lat' dir='ltr'><strong>librariorum</strong></span> <span class='ocrx_word' id='word_1_62' title='bbox 940 1500 1095 1558; x_wconf 90' lang='lat' dir='ltr'><strong>inventum</strong></span> <span class='ocrx_word' id='word_1_63' title='bbox 1123 1516 1195 1558; x_wconf 86' lang='lat' dir='ltr'><strong>esse</strong></span> <span class='ocrx_word' id='word_1_64' title='bbox 1216 1498 1348 1573; x_wconf 86' lang='lat' dir='ltr'><strong>videtur,</strong></span> <span class='ocrx_word' id='word_1_65' title='bbox 1382 1497 1434 1573; x_wconf 89' lang='lat' dir='ltr'><strong>qui</strong></span> 
     </span>
     <span class='ocr_line' id='line_1_9' title="bbox 230 1604 1435 1684; baseline -0.002 -18"><span class='ocrx_word' id='word_1_66' title='bbox 230 1609 427 1684; x_wconf 77' lang='lat' dir='ltr'><strong>asperitatem</strong></span> <span class='ocrx_word' id='word_1_67' title='bbox 449 1611 611 1666; x_wconf 74' lang='lat' dir='ltr'><strong>structure</strong></span> <span class='ocrx_word' id='word_1_68' title='bbox 636 1605 748 1682; x_wconf 81' lang='lat' dir='ltr'><strong>plurali</strong></span> <span class='ocrx_word' id='word_1_69' title='bbox 776 1623 901 1666; x_wconf 90' lang='lat' dir='ltr'><strong>numero</strong></span> <span class='ocrx_word' id='word_1_70' title='bbox 926 1605 1019 1665; x_wconf 90' lang='lat' dir='ltr'><strong>leniri</strong></span> <span class='ocrx_word' id='word_1_71' title='bbox 1046 1606 1234 1681; x_wconf 79' lang='lat' dir='ltr'><strong>statuebeut3</strong></span> <span class='ocrx_word' id='word_1_72' title='bbox 1267 1604 1374 1665; x_wconf 85' lang='lat' dir='ltr'><strong>eadem</strong></span> <span class='ocrx_word' id='word_1_73' title='bbox 1394 1604 1435 1664; x_wconf 87' lang='lat' dir='ltr'><strong>de</strong></span> 
     </span>
     <span class='ocr_line' id='line_1_10' title="bbox 230 1713 1049 1789; baseline -0.004 -16"><span class='ocrx_word' id='word_1_74' title='bbox 230 1730 322 1774; x_wconf 83' lang='lat' dir='ltr'><strong>eausa</strong></span> <span class='ocrx_word' id='word_1_75' title='bbox 342 1713 438 1773; x_wconf 89' lang='lat' dir='ltr'><strong>lectio</strong></span> <span class='ocrx_word' id='word_1_76' title='bbox 460 1715 621 1774; x_wconf 78' lang='lat' dir='ltr'><strong>inultorum</strong></span> <span class='ocrx_word' id='word_1_77' title='bbox 641 1713 790 1772; x_wconf 92' lang='lat' dir='ltr'><strong>librorum</strong></span> <span class='ocrx_word' id='word_1_78' title='bbox 812 1713 951 1789; x_wconf 75' lang='lat' dir='ltr'><strong>epotetur</strong></span> <span class='ocrx_word' id='word_1_79' title='bbox 971 1715 1049 1772; x_wconf 87' lang='lat' dir='ltr'><strong>orta.</strong></span> 
     </span>
    </p>

    <p class='ocr_par' dir='ltr' id='par_1_3' title="bbox 229 1817 1435 2324">
     <span class='ocr_line' id='line_1_11' title="bbox 312 1817 1434 1880; baseline -0.004 0"><span class='ocrx_word' id='word_1_80' title='bbox 312 1837 336 1880; x_wconf 92' lang='lat' dir='ltr'><strong>c.</strong></span> <span class='ocrx_word' id='word_1_81' title='bbox 359 1821 406 1880; x_wconf 82' lang='lat'><strong>90.</strong></span> <span class='ocrx_word' id='word_1_82' title='bbox 435 1821 474 1878; x_wconf 74' lang='lat' dir='ltr'><strong>orl</strong></span> <span class='ocrx_word' id='word_1_83' title='bbox 495 1823 602 1880; x_wconf 71' lang='lat' dir='ltr'><strong>ertone</strong></span> <span class='ocrx_word' id='word_1_84' title='bbox 623 1825 783 1878; x_wconf 81' lang='lat' dir='ltr'><strong>ectremum</strong></span> <span class='ocrx_word' id='word_1_85' title='bbox 802 1820 871 1878; x_wconf 89' lang='lat' dir='ltr'><strong>Par.</strong></span> <span class='ocrx_word' id='word_1_86' title='bbox 894 1820 922 1879; x_wconf 89' lang='lat' dir='ltr'><strong>b.</strong></span> <span class='ocrx_word' id='word_1_87' title='bbox 943 1819 1089 1879; x_wconf 81' lang='lat' dir='ltr'><strong>monilium</strong></span> <span class='ocrx_word' id='word_1_88' title='bbox 1110 1819 1178 1878; x_wconf 86' lang='lat' dir='ltr'><strong>Par.</strong></span> <span class='ocrx_word' id='word_1_89' title='bbox 1199 1837 1225 1877; x_wconf 83' lang='lat' dir='ltr'><strong>z.</strong></span> <span class='ocrx_word' id='word_1_90' title='bbox 1252 1817 1308 1878; x_wconf 83' lang='lat' dir='ltr'><strong>serl</strong></span> <span class='ocrx_word' id='word_1_91' title='bbox 1329 1833 1434 1878; x_wconf 92' lang='lat' dir='ltr'><strong>emen-</strong></span> 
     </span>
     <span class='ocr_line' id='line_1_12' title="bbox 231 1927 1435 2005; baseline -0.001 -19"><span class='ocrx_word' id='word_1_92' title='bbox 231 1927 340 1987; x_wconf 86' lang='lat' dir='ltr'><strong>datum.</strong></span> <span class='ocrx_word' id='word_1_93' title='bbox 372 1931 478 1988; x_wconf 84' lang='lat' dir='ltr'><strong>tomuim</strong></span> <span class='ocrx_word' id='word_1_94' title='bbox 504 1927 576 1988; x_wconf 87' lang='lat' dir='ltr'><strong>Bas.</strong></span> <span class='ocrx_word' id='word_1_95' title='bbox 609 1929 671 1988; x_wconf 86' lang='lat' dir='ltr'><strong>Sed</strong></span> <span class='ocrx_word' id='word_1_96' title='bbox 699 1931 805 1988; x_wconf 81' lang='lat' dir='ltr'><strong>Tamum</strong></span> <span class='ocrx_word' id='word_1_97' title='bbox 826 1929 918 2004; x_wconf 87' lang='lat' dir='ltr'><strong>longe</strong></span> <span class='ocrx_word' id='word_1_98' title='bbox 942 1929 1077 2005; x_wconf 83' lang='lat' dir='ltr'><strong>plurimi;</strong></span> <span class='ocrx_word' id='word_1_99' title='bbox 1111 1927 1168 1988; x_wconf 89' lang='lat' dir='ltr'><strong>sed</strong></span> <span class='ocrx_word' id='word_1_100' title='bbox 1196 1928 1223 1987; x_wconf 87' lang='lat' dir='ltr'><strong>si</strong></span> <span class='ocrx_word' id='word_1_101' title='bbox 1252 1944 1357 1986; x_wconf 90' lang='lat' dir='ltr'><strong>verum</strong></span> <span class='ocrx_word' id='word_1_102' title='bbox 1378 1928 1435 2002; x_wconf 88' lang='lat' dir='ltr'><strong>est,</strong></span> 
     </span>
     <span class='ocr_line' id='line_1_13' title="bbox 231 2034 1435 2112; baseline 0.002 -20"><span class='ocrx_word' id='word_1_103' title='bbox 231 2034 313 2109; x_wconf 86' lang='lat' dir='ltr'><strong>quod</strong></span> <span class='ocrx_word' id='word_1_104' title='bbox 345 2035 519 2094; x_wconf 84' lang='lat' dir='ltr'><strong>lilanuertus</strong></span> <span class='ocrx_word' id='word_1_105' title='bbox 552 2036 668 2108; x_wconf 76' lang='lat' dir='ltr'><strong>statuit,</strong></span> <span class='ocrx_word' id='word_1_106' title='bbox 704 2036 786 2094; x_wconf 86' lang='lat' dir='ltr'><strong>haud</strong></span> <span class='ocrx_word' id='word_1_107' title='bbox 816 2034 927 2112; x_wconf 88' lang='lat' dir='ltr'><strong>procul</strong></span> <span class='ocrx_word' id='word_1_108' title='bbox 958 2034 1087 2111; x_wconf 89' lang='lat' dir='ltr'><strong>aSyrti</strong></span> <span class='ocrx_word' id='word_1_109' title='bbox 1115 2036 1235 2095; x_wconf 91' lang='lat' dir='ltr'><strong>minore</strong></span> <span class='ocrx_word' id='word_1_110' title='bbox 1273 2035 1435 2094; x_wconf 86' lang='lat' dir='ltr'><strong>etiamnum</strong></span> 
     </span>
     <span class='ocr_line' id='line_1_14' title="bbox 229 2140 1434 2219; baseline -0.001 -19"><span class='ocrx_word' id='word_1_111' title='bbox 229 2141 359 2200; x_wconf 90' lang='lat' dir='ltr'><strong>rivulum</strong></span> <span class='ocrx_word' id='word_1_112' title='bbox 382 2159 453 2201; x_wconf 86' lang='lat' dir='ltr'><strong>esse</strong></span> <span class='ocrx_word' id='word_1_113' title='bbox 471 2142 594 2203; x_wconf 89' lang='lat' dir='ltr'><strong>nomine</strong></span> <span class='ocrx_word' id='word_1_114' title='bbox 617 2143 723 2216; x_wconf 79' lang='lat' dir='ltr'><strong>Ticini,</strong></span> <span class='ocrx_word' id='word_1_115' title='bbox 748 2142 883 2201; x_wconf 81' lang='lat' dir='ltr'><strong>tortasse</strong></span> <span class='ocrx_word' id='word_1_116' title='bbox 904 2142 1057 2219; x_wconf 88' lang='lat' dir='ltr'><strong>scriptura</strong></span> <span class='ocrx_word' id='word_1_117' title='bbox 1078 2141 1145 2202; x_wconf 89' lang='lat' dir='ltr'><strong>cod.</strong></span> <span class='ocrx_word' id='word_1_118' title='bbox 1160 2140 1231 2201; x_wconf 88' lang='lat' dir='ltr'><strong>Bas.</strong></span> <span class='ocrx_word' id='word_1_119' title='bbox 1253 2159 1341 2218; x_wconf 89' lang='lat' dir='ltr'><strong>quam</strong></span> <span class='ocrx_word' id='word_1_120' title='bbox 1362 2141 1434 2218; x_wconf 92' lang='lat' dir='ltr'><strong>plu-</strong></span> 
     </span>
     <span class='ocr_line' id='line_1_15' title="bbox 229 2249 1003 2324; baseline 0 -18"><span class='ocrx_word' id='word_1_121' title='bbox 229 2249 299 2307; x_wconf 89' lang='lat' dir='ltr'><strong>rimi</strong></span> <span class='ocrx_word' id='word_1_122' title='bbox 320 2249 392 2307; x_wconf 87' lang='lat' dir='ltr'><strong>libri</strong></span> <span class='ocrx_word' id='word_1_123' title='bbox 414 2249 601 2324; x_wconf 59' lang='lat' dir='ltr'><strong>confirmant,</strong></span> <span class='ocrx_word' id='word_1_124' title='bbox 624 2267 683 2308; x_wconf 91' lang='lat' dir='ltr'><strong>nou</strong></span> <span class='ocrx_word' id='word_1_125' title='bbox 706 2249 925 2309; x_wconf 84' lang='lat' dir='ltr'><strong>contemnenda</strong></span> <span class='ocrx_word' id='word_1_126' title='bbox 947 2252 1003 2308; x_wconf 91' lang='lat' dir='ltr'><strong>est.</strong></span> 
     </span>
    </p>

    <p class='ocr_par' dir='ltr' id='par_1_4' title="bbox 225 2355 1435 3714">
     <span class='ocr_line' id='line_1_16' title="bbox 312 2355 1434 2431; baseline 0.001 -18"><span class='ocrx_word' id='word_1_127' title='bbox 312 2371 336 2413; x_wconf 89' lang='lat' dir='ltr'><strong>c.</strong></span> <span class='ocrx_word' id='word_1_128' title='bbox 346 2357 393 2414; x_wconf 85' lang='grc'><strong>91.</strong></span> <span class='ocrx_word' id='word_1_129' title='bbox 406 2358 470 2414; x_wconf 80' lang='lat' dir='ltr'><strong>een</strong></span> <span class='ocrx_word' id='word_1_130' title='bbox 480 2356 822 2414; x_wconf 78' lang='lat' dir='ltr'><strong>turmurdirtrituerut-</strong></span> <span class='ocrx_word' id='word_1_131' title='bbox 834 2355 1434 2431; x_wconf 73' lang='lat' dir='ltr'><strong>effectautrium-ocaru-procumo-</strong></span> 
     </span>
     <span class='ocr_line' id='line_1_17' title="bbox 230 2459 1433 2538; baseline 0 -18"><span class='ocrx_word' id='word_1_132' title='bbox 230 2461 266 2520; x_wconf 86' lang='lat' dir='ltr'><strong>ot</strong></span> <span class='ocrx_word' id='word_1_133' title='bbox 283 2479 354 2520; x_wconf 82' lang='lat' dir='ltr'><strong>cosa</strong></span> <span class='ocrx_word' id='word_1_134' title='bbox 369 2493 406 2502; x_wconf 93' lang='lat'><em>-</em></span> <span class='ocrx_word' id='word_1_135' title='bbox 421 2465 567 2536; x_wconf 82' lang='lat' dir='ltr'><strong>opperitur</strong></span> <span class='ocrx_word' id='word_1_136' title='bbox 582 2491 619 2501; x_wconf 93' lang='lat'><em>-</em></span> <span class='ocrx_word' id='word_1_137' title='bbox 634 2463 808 2522; x_wconf 76' lang='lat' dir='ltr'><strong>cohercitum</strong></span> <span class='ocrx_word' id='word_1_138' title='bbox 828 2459 897 2521; x_wconf 89' lang='lat' dir='ltr'><strong>Bas.</strong></span> <span class='ocrx_word' id='word_1_139' title='bbox 921 2461 1012 2521; x_wconf 89' lang='lat' dir='ltr'><strong>Initio</strong></span> <span class='ocrx_word' id='word_1_140' title='bbox 1034 2462 1126 2536; x_wconf 86' lang='lat' dir='ltr'><strong>igitur</strong></span> <span class='ocrx_word' id='word_1_141' title='bbox 1148 2461 1296 2538; x_wconf 77' lang='lat' dir='ltr'><strong>cuculiter</strong></span> <span class='ocrx_word' id='word_1_142' title='bbox 1316 2461 1346 2520; x_wconf 92' lang='lat' dir='ltr'><strong>in</strong></span> <span class='ocrx_word' id='word_1_143' title='bbox 1364 2462 1433 2520; x_wconf 80' lang='lat' dir='ltr'><strong>Bas.</strong></span> 
     </span>
     <span class='ocr_line' id='line_1_18' title="bbox 230 2567 1435 2646; baseline -0.001 -19"><span class='ocrx_word' id='word_1_144' title='bbox 230 2569 373 2628; x_wconf 84' lang='lat' dir='ltr'><strong>omissum</strong></span> <span class='ocrx_word' id='word_1_145' title='bbox 401 2570 458 2644; x_wconf 89' lang='lat' dir='ltr'><strong>est,</strong></span> <span class='ocrx_word' id='word_1_146' title='bbox 485 2569 568 2628; x_wconf 90' lang='lat' dir='ltr'><strong>cuius</strong></span> <span class='ocrx_word' id='word_1_147' title='bbox 595 2569 641 2627; x_wconf 94' lang='lat' dir='ltr'><strong>rei</strong></span> <span class='ocrx_word' id='word_1_148' title='bbox 663 2569 716 2627; x_wconf 85' lang='lat' dir='ltr'><strong>vix</strong></span> <span class='ocrx_word' id='word_1_149' title='bbox 742 2568 835 2627; x_wconf 92' lang='lat' dir='ltr'><strong>ullam</strong></span> <span class='ocrx_word' id='word_1_150' title='bbox 861 2569 938 2628; x_wconf 85' lang='lat' dir='ltr'><strong>satis</strong></span> <span class='ocrx_word' id='word_1_151' title='bbox 960 2568 1153 2646; x_wconf 84' lang='lat' dir='ltr'><strong>probabilem</strong></span> <span class='ocrx_word' id='word_1_152' title='bbox 1179 2567 1435 2627; x_wconf 83' lang='lat' dir='ltr'><strong>eausamalieras</strong></span> 
     </span>
     <span class='ocr_line' id='line_1_19' title="bbox 230 2673 1435 2752; baseline -0.001 -19"><span class='ocrx_word' id='word_1_153' title='bbox 230 2691 319 2748; x_wconf 88' lang='lat' dir='ltr'><strong>quam</strong></span> <span class='ocrx_word' id='word_1_154' title='bbox 349 2675 470 2734; x_wconf 86' lang='lat' dir='ltr'><strong>librarii</strong></span> <span class='ocrx_word' id='word_1_155' title='bbox 494 2674 721 2750; x_wconf 79' lang='lat' dir='ltr'><strong>negligentiam,</strong></span> <span class='ocrx_word' id='word_1_156' title='bbox 746 2675 807 2734; x_wconf 89' lang='lat' dir='ltr'><strong>nisi</strong></span> <span class='ocrx_word' id='word_1_157' title='bbox 835 2675 903 2750; x_wconf 89' lang='lat' dir='ltr'><strong>quis</strong></span> <span class='ocrx_word' id='word_1_158' title='bbox 930 2679 978 2734; x_wconf 90' lang='lat' dir='ltr'><strong>est</strong></span> <span class='ocrx_word' id='word_1_159' title='bbox 1003 2675 1055 2750; x_wconf 89' lang='lat' dir='ltr'><strong>qui</strong></span> <span class='ocrx_word' id='word_1_160' title='bbox 1081 2675 1161 2734; x_wconf 90' lang='lat' dir='ltr'><strong>hanc</strong></span> <span class='ocrx_word' id='word_1_161' title='bbox 1187 2673 1366 2752; x_wconf 78' lang='lat' dir='ltr'><strong>particulam</strong></span> <span class='ocrx_word' id='word_1_162' title='bbox 1394 2690 1435 2732; x_wconf 88' lang='lat' dir='ltr'><strong>ex</strong></span> 
     </span>
     <span class='ocr_line' id='line_1_20' title="bbox 231 2781 1434 2858; baseline 0.001 -19"><span class='ocrx_word' id='word_1_163' title='bbox 231 2781 319 2840; x_wconf 86' lang='lat' dir='ltr'><strong>Catil.</strong></span> <span class='ocrx_word' id='word_1_164' title='bbox 336 2783 374 2840; x_wconf 84' lang='grc'><strong>56</strong></span> <span class='ocrx_word' id='word_1_165' title='bbox 395 2783 556 2858; x_wconf 90' lang='lat' dir='ltr'><strong>repetitam</strong></span> <span class='ocrx_word' id='word_1_166' title='bbox 578 2784 702 2858; x_wconf 81' lang='lat' dir='ltr'><strong>statuat,</strong></span> <span class='ocrx_word' id='word_1_167' title='bbox 724 2783 777 2841; x_wconf 93' lang='lat' dir='ltr'><strong>ubi</strong></span> <span class='ocrx_word' id='word_1_168' title='bbox 796 2781 903 2840; x_wconf 84' lang='lat' dir='ltr'><strong>eedem</strong></span> <span class='ocrx_word' id='word_1_169' title='bbox 920 2782 1017 2840; x_wconf 90' lang='lat' dir='ltr'><strong>verba</strong></span> <span class='ocrx_word' id='word_1_170' title='bbox 1031 2782 1180 2858; x_wconf 86' lang='lat' dir='ltr'><strong>leguntur.</strong></span> <span class='ocrx_word' id='word_1_171' title='bbox 1203 2781 1246 2840; x_wconf 91' lang='lat' dir='ltr'><strong>ibi</strong></span> <span class='ocrx_word' id='word_1_172' title='bbox 1268 2782 1347 2840; x_wconf 91' lang='lat' dir='ltr'><strong>enim</strong></span> <span class='ocrx_word' id='word_1_173' title='bbox 1368 2798 1434 2840; x_wconf 92' lang='lat' dir='ltr'><strong>cum</strong></span> 
     </span>
     <span class='ocr_line' id='line_1_21' title="bbox 225 2889 1433 2966; baseline 0 -21"><span class='ocrx_word' id='word_1_174' title='bbox 225 2905 282 2962; x_wconf 84' lang='lat' dir='ltr'><strong>per</strong></span> <span class='ocrx_word' id='word_1_175' title='bbox 302 2891 448 2947; x_wconf 82' lang='lat' dir='ltr'><strong>centuriae</strong></span> <span class='ocrx_word' id='word_1_176' title='bbox 469 2896 496 2946; x_wconf 83' lang='lat' dir='ltr'><strong>et</strong></span> <span class='ocrx_word' id='word_1_177' title='bbox 515 2895 624 2948; x_wconf 80' lang='lat' dir='ltr'><strong>mrmue</strong></span> <span class='ocrx_word' id='word_1_178' title='bbox 651 2905 711 2947; x_wconf 92' lang='lat' dir='ltr'><strong>nou</strong></span> <span class='ocrx_word' id='word_1_179' title='bbox 739 2889 873 2948; x_wconf 88' lang='lat' dir='ltr'><strong>additum</strong></span> <span class='ocrx_word' id='word_1_180' title='bbox 896 2893 990 2964; x_wconf 84' lang='lat' dir='ltr'><strong>esset,</strong></span> <span class='ocrx_word' id='word_1_181' title='bbox 1018 2889 1167 2966; x_wconf 79' lang='lat' dir='ltr'><strong>equaliter</strong></span> <span class='ocrx_word' id='word_1_182' title='bbox 1189 2889 1294 2964; x_wconf 86' lang='lat' dir='ltr'><strong>utique</strong></span> <span class='ocrx_word' id='word_1_183' title='bbox 1314 2904 1433 2964; x_wconf 89' lang='lat' dir='ltr'><strong>ponen-</strong></span> 
     </span>
     <span class='ocr_line' id='line_1_22' title="bbox 231 2994 1433 3072; baseline 0.002 -19"><span class='ocrx_word' id='word_1_184' title='bbox 231 2994 299 3053; x_wconf 85' lang='lat' dir='ltr'><strong>dum</strong></span> <span class='ocrx_word' id='word_1_185' title='bbox 321 3003 396 3069; x_wconf 89' lang='lat' dir='ltr'><strong>erat,</strong></span> <span class='ocrx_word' id='word_1_186' title='bbox 419 2999 526 3056; x_wconf 88' lang='lat' dir='ltr'><strong>nostro</strong></span> <span class='ocrx_word' id='word_1_187' title='bbox 547 2997 618 3055; x_wconf 92' lang='lat' dir='ltr'><strong>loco</strong></span> <span class='ocrx_word' id='word_1_188' title='bbox 639 3013 699 3054; x_wconf 92' lang='lat' dir='ltr'><strong>non</strong></span> <span class='ocrx_word' id='word_1_189' title='bbox 720 2995 772 3055; x_wconf 88' lang='lat' dir='ltr'><strong>ita.</strong></span> <span class='ocrx_word' id='word_1_190' title='bbox 793 2996 880 3056; x_wconf 82' lang='lat' dir='ltr'><strong>simul</strong></span> <span class='ocrx_word' id='word_1_191' title='bbox 898 3000 1031 3072; x_wconf 85' lang='lat' dir='ltr'><strong>inopium.</strong></span> <span class='ocrx_word' id='word_1_192' title='bbox 1052 2996 1123 3056; x_wconf 90' lang='lat' dir='ltr'><strong>Bas.</strong></span> <span class='ocrx_word' id='word_1_193' title='bbox 1141 2997 1210 3055; x_wconf 89' lang='lat' dir='ltr'><strong>Par.</strong></span> <span class='ocrx_word' id='word_1_194' title='bbox 1231 2997 1325 3054; x_wconf 87' lang='lat' dir='ltr'><strong>bex.</strong></span> <span class='ocrx_word' id='word_1_195' title='bbox 1339 2995 1433 3072; x_wconf 84' lang='lat' dir='ltr'><strong>vulgo</strong></span> 
     </span>
     <span class='ocr_line' id='line_1_23' title="bbox 230 3103 1434 3180; baseline 0 -20"><span class='ocrx_word' id='word_1_196' title='bbox 230 3108 259 3160; x_wconf 90' lang='lat' dir='ltr'><strong>et</strong></span> <span class='ocrx_word' id='word_1_197' title='bbox 278 3108 348 3162; x_wconf 84' lang='lat' dir='ltr'><strong>ente</strong></span> <span class='ocrx_word' id='word_1_198' title='bbox 370 3107 445 3178; x_wconf 82' lang='lat' dir='ltr'><strong>iuop.</strong></span> <span class='ocrx_word' id='word_1_199' title='bbox 467 3103 608 3180; x_wconf 88' lang='lat' dir='ltr'><strong>positum,</strong></span> <span class='ocrx_word' id='word_1_200' title='bbox 639 3103 720 3177; x_wconf 88' lang='lat' dir='ltr'><strong>quod</strong></span> <span class='ocrx_word' id='word_1_201' title='bbox 742 3119 801 3162; x_wconf 91' lang='lat' dir='ltr'><strong>non</strong></span> <span class='ocrx_word' id='word_1_202' title='bbox 824 3103 914 3163; x_wconf 88' lang='lat' dir='ltr'><strong>modo</strong></span> <span class='ocrx_word' id='word_1_203' title='bbox 936 3121 996 3163; x_wconf 91' lang='lat' dir='ltr'><strong>non</strong></span> <span class='ocrx_word' id='word_1_204' title='bbox 1022 3104 1237 3179; x_wconf 86' lang='lat' dir='ltr'><strong>necessarium,</strong></span> <span class='ocrx_word' id='word_1_205' title='bbox 1265 3103 1322 3161; x_wconf 91' lang='lat' dir='ltr'><strong>sed</strong></span> <span class='ocrx_word' id='word_1_206' title='bbox 1343 3103 1434 3161; x_wconf 87' lang='lat' dir='ltr'><strong>etiam</strong></span> 
     </span>
     <span class='ocr_line' id='line_1_24' title="bbox 231 3208 1434 3288; baseline 0 -20"><span class='ocrx_word' id='word_1_207' title='bbox 231 3208 444 3268; x_wconf 85' lang='lat' dir='ltr'><strong>aSalustiaue</strong></span> <span class='ocrx_word' id='word_1_208' title='bbox 470 3210 607 3269; x_wconf 88' lang='lat' dir='ltr'><strong>oratione</strong></span> <span class='ocrx_word' id='word_1_209' title='bbox 634 3210 775 3284; x_wconf 89' lang='lat' dir='ltr'><strong>alienum,</strong></span> <span class='ocrx_word' id='word_1_210' title='bbox 808 3211 860 3269; x_wconf 91' lang='lat' dir='ltr'><strong>ubi</strong></span> <span class='ocrx_word' id='word_1_211' title='bbox 882 3210 1053 3288; x_wconf 87' lang='lat' dir='ltr'><strong>saepissime</strong></span> <span class='ocrx_word' id='word_1_212' title='bbox 1078 3210 1108 3268; x_wconf 94' lang='lat' dir='ltr'><strong>in</strong></span> <span class='ocrx_word' id='word_1_213' title='bbox 1129 3209 1272 3269; x_wconf 91' lang='lat' dir='ltr'><strong>similium</strong></span> <span class='ocrx_word' id='word_1_214' title='bbox 1296 3211 1434 3286; x_wconf 89' lang='lat' dir='ltr'><strong>particu-</strong></span> 
     </span>
     <span class='ocr_line' id='line_1_25' title="bbox 230 3315 1432 3393; baseline 0 -19"><span class='ocrx_word' id='word_1_215' title='bbox 230 3317 327 3375; x_wconf 92' lang='lat' dir='ltr'><strong>larum</strong></span> <span class='ocrx_word' id='word_1_216' title='bbox 349 3317 573 3392; x_wconf 89' lang='lat' dir='ltr'><strong>compositione</strong></span> <span class='ocrx_word' id='word_1_217' title='bbox 594 3317 739 3375; x_wconf 84' lang='lat' dir='ltr'><strong>variatur.</strong></span> <span class='ocrx_word' id='word_1_218' title='bbox 766 3315 820 3374; x_wconf 86' lang='lat' dir='ltr'><strong>cir.</strong></span> <span class='ocrx_word' id='word_1_219' title='bbox 844 3315 924 3376; x_wconf 84' lang='lat' dir='ltr'><strong>Catil</strong></span> <span class='ocrx_word' id='word_1_220' title='bbox 945 3318 993 3376; x_wconf 81' lang='lat'><strong>28.</strong></span> <span class='ocrx_word' id='word_1_221' title='bbox 1020 3323 1144 3393; x_wconf 77' lang='lat' dir='ltr'><strong>opertere</strong></span> <span class='ocrx_word' id='word_1_222' title='bbox 1164 3315 1251 3376; x_wconf 80' lang='lat' dir='ltr'><strong>simut</strong></span> <span class='ocrx_word' id='word_1_223' title='bbox 1268 3333 1304 3374; x_wconf 85' lang='lat' dir='ltr'><strong>ce</strong></span> <span class='ocrx_word' id='word_1_224' title='bbox 1324 3316 1432 3390; x_wconf 83' lang='lat' dir='ltr'><strong>dolore,</strong></span> 
     </span>
     <span class='ocr_line' id='line_1_26' title="bbox 231 3422 1433 3501; baseline -0.001 -18"><span class='ocrx_word' id='word_1_225' title='bbox 231 3429 263 3483; x_wconf 92' lang='lat' dir='ltr'><strong>et</strong></span> <span class='ocrx_word' id='word_1_226' title='bbox 277 3427 389 3500; x_wconf 73' lang='lat' dir='ltr'><strong>saepius</strong></span> <span class='ocrx_word' id='word_1_227' title='bbox 411 3424 497 3483; x_wconf 69' lang='lat' dir='ltr'><strong>mmet</strong></span> <span class='ocrx_word' id='word_1_228' title='bbox 515 3441 572 3501; x_wconf 94' lang='lat' dir='ltr'><strong>pro</strong></span> <span class='ocrx_word' id='word_1_229' title='bbox 594 3430 628 3498; x_wconf 85' lang='lat' dir='ltr'><strong>et,</strong></span> <span class='ocrx_word' id='word_1_230' title='bbox 650 3439 693 3498; x_wconf 87' lang='lat' dir='ltr'><strong>oc,</strong></span> <span class='ocrx_word' id='word_1_231' title='bbox 714 3430 799 3500; x_wconf 80' lang='lat' dir='ltr'><strong>atquc</strong></span> <span class='ocrx_word' id='word_1_232' title='bbox 817 3423 948 3499; x_wconf 91' lang='lat' dir='ltr'><strong>ponitur.</strong></span> <span class='ocrx_word' id='word_1_233' title='bbox 967 3422 1022 3481; x_wconf 88' lang='lat' dir='ltr'><strong>cfr.</strong></span> <span class='ocrx_word' id='word_1_234' title='bbox 1037 3422 1125 3481; x_wconf 79' lang='lat' dir='ltr'><strong>Catil.</strong></span> <span class='ocrx_word' id='word_1_235' title='bbox 1142 3424 1188 3480; x_wconf 77' lang='lat'><strong>17.</strong></span> <span class='ocrx_word' id='word_1_236' title='bbox 1205 3423 1251 3482; x_wconf 81' lang='lat'><strong>19.</strong></span> <span class='ocrx_word' id='word_1_237' title='bbox 1267 3424 1313 3481; x_wconf 82' lang='lat'><strong>20.</strong></span> <span class='ocrx_word' id='word_1_238' title='bbox 1329 3423 1391 3499; x_wconf 91' lang='lat' dir='ltr'><strong>lug.</strong></span> <span class='ocrx_word' id='word_1_239' title='bbox 1406 3425 1433 3482; x_wconf 77' lang='lat' dir='ltr'><strong>t.</strong></span> 
     </span>
     <span class='ocr_line' id='line_1_27' title="bbox 231 3530 1434 3607; baseline -0.001 -17"><span class='ocrx_word' id='word_1_240' title='bbox 231 3535 339 3590; x_wconf 90' lang='lat' dir='ltr'><strong>contra</strong></span> <span class='ocrx_word' id='word_1_241' title='bbox 368 3531 531 3590; x_wconf 87' lang='lat' dir='ltr'><strong>verborum</strong></span> <span class='ocrx_word' id='word_1_242' title='bbox 553 3530 630 3590; x_wconf 91' lang='lat' dir='ltr'><strong>ordo</strong></span> <span class='ocrx_word' id='word_1_243' title='bbox 659 3547 797 3588; x_wconf 76' lang='lat' dir='ltr'><strong>rnacumc</strong></span> <span class='ocrx_word' id='word_1_244' title='bbox 824 3533 867 3588; x_wconf 84' lang='lat' dir='ltr'><strong>cia</strong></span> <span class='ocrx_word' id='word_1_245' title='bbox 892 3530 993 3606; x_wconf 74' lang='lat' dir='ltr'><strong>effectu</strong></span> <span class='ocrx_word' id='word_1_246' title='bbox 1021 3533 1127 3589; x_wconf 81' lang='lat' dir='ltr'><strong>utrium</strong></span> <span class='ocrx_word' id='word_1_247' title='bbox 1156 3530 1244 3588; x_wconf 87' lang='lat' dir='ltr'><strong>nimis</strong></span> <span class='ocrx_word' id='word_1_248' title='bbox 1270 3531 1434 3607; x_wconf 83' lang='lat' dir='ltr'><strong>evulgari</strong></span> 
     </span>
     <span class='ocr_line' id='line_1_28' title="bbox 230 3639 1105 3714; baseline -0.003 -15"><span class='ocrx_word' id='word_1_249' title='bbox 230 3639 357 3714; x_wconf 87' lang='lat' dir='ltr'><strong>recedit,</strong></span> <span class='ocrx_word' id='word_1_250' title='bbox 379 3656 467 3713; x_wconf 86' lang='lat' dir='ltr'><strong>quam</strong></span> <span class='ocrx_word' id='word_1_251' title='bbox 488 3643 521 3698; x_wconf 90' lang='lat' dir='ltr'><strong>ut</strong></span> <span class='ocrx_word' id='word_1_252' title='bbox 541 3639 661 3698; x_wconf 88' lang='lat' dir='ltr'><strong>librarii</strong></span> <span class='ocrx_word' id='word_1_253' title='bbox 683 3639 839 3698; x_wconf 88' lang='lat' dir='ltr'><strong>inventum</strong></span> <span class='ocrx_word' id='word_1_254' title='bbox 861 3655 930 3698; x_wconf 91' lang='lat' dir='ltr'><strong>esse</strong></span> <span class='ocrx_word' id='word_1_255' title='bbox 951 3639 1105 3698; x_wconf 89' lang='lat' dir='ltr'><strong>videatur.</strong></span> 
     </span>
    </p>

    <p class='ocr_par' dir='ltr' id='par_1_5' title="bbox 226 3745 1434 4780">
     <span class='ocr_line' id='line_1_29' title="bbox 312 3745 1433 3822; baseline -0.003 -16"><span class='ocrx_word' id='word_1_256' title='bbox 312 3763 338 3806; x_wconf 91' lang='lat' dir='ltr'><strong>c.</strong></span> <span class='ocrx_word' id='word_1_257' title='bbox 360 3749 407 3806; x_wconf 80' lang='lat'><strong>92.</strong></span> <span class='ocrx_word' id='word_1_258' title='bbox 434 3749 546 3822; x_wconf 70' lang='lat' dir='ltr'><strong>peregit</strong></span> <span class='ocrx_word' id='word_1_259' title='bbox 561 3747 673 3805; x_wconf 83' lang='lat' dir='ltr'><strong>Marius</strong></span> <span class='ocrx_word' id='word_1_260' title='bbox 689 3775 725 3785; x_wconf 87' lang='lat'><em>-</em></span> <span class='ocrx_word' id='word_1_261' title='bbox 740 3746 840 3806; x_wconf 79' lang='lat' dir='ltr'><strong>celum</strong></span> <span class='ocrx_word' id='word_1_262' title='bbox 858 3778 895 3789; x_wconf 91' lang='lat'>-</span> <span class='ocrx_word' id='word_1_263' title='bbox 909 3746 981 3804; x_wconf 84' lang='lat' dir='ltr'><strong>teme</strong></span> <span class='ocrx_word' id='word_1_264' title='bbox 1001 3762 1038 3804; x_wconf 87' lang='lat' dir='ltr'><strong>eu</strong></span> <span class='ocrx_word' id='word_1_265' title='bbox 1057 3763 1106 3804; x_wconf 83' lang='lat' dir='ltr'><strong>rer</strong></span> <span class='ocrx_word' id='word_1_266' title='bbox 1127 3745 1175 3804; x_wconf 84' lang='lat' dir='ltr'><strong>ubi</strong></span> <span class='ocrx_word' id='word_1_267' title='bbox 1189 3749 1281 3805; x_wconf 84' lang='lat' dir='ltr'><strong>euenit</strong></span> <span class='ocrx_word' id='word_1_268' title='bbox 1295 3745 1433 3819; x_wconf 87' lang='lat' dir='ltr'><strong>-pluro</strong></span> 
     </span>
     <span class='ocr_line' id='line_1_30' title="bbox 226 3852 1433 3929; baseline -0.002 -17"><span class='ocrx_word' id='word_1_269' title='bbox 226 3861 347 3929; x_wconf 84' lang='lat' dir='ltr'><strong>propter</strong></span> <span class='ocrx_word' id='word_1_270' title='bbox 362 3855 446 3928; x_wconf 81' lang='lat' dir='ltr'><strong>Cape.</strong></span> <span class='ocrx_word' id='word_1_271' title='bbox 468 3887 496 3896; x_wconf 77' lang='lat'><em>-</em></span> <span class='ocrx_word' id='word_1_272' title='bbox 512 3854 652 3913; x_wconf 82' lang='lat' dir='ltr'><strong>comburit</strong></span> <span class='ocrx_word' id='word_1_273' title='bbox 665 3853 695 3911; x_wconf 90' lang='lat' dir='ltr'><strong>in</strong></span> <span class='ocrx_word' id='word_1_274' title='bbox 709 3870 802 3929; x_wconf 82' lang='lat' dir='ltr'><strong>marg.</strong></span> <span class='ocrx_word' id='word_1_275' title='bbox 817 3852 852 3912; x_wconf 89' lang='lat' dir='ltr'><strong>ot.</strong></span> <span class='ocrx_word' id='word_1_276' title='bbox 867 3856 1025 3926; x_wconf 83' lang='lat' dir='ltr'><strong>corrumpit</strong></span> <span class='ocrx_word' id='word_1_277' title='bbox 1040 3885 1072 3895; x_wconf 89' lang='lat'>-</span> <span class='ocrx_word' id='word_1_278' title='bbox 1091 3852 1193 3911; x_wconf 82' lang='lat' dir='ltr'><strong>etuttie</strong></span> <span class='ocrx_word' id='word_1_279' title='bbox 1211 3891 1240 3900; x_wconf 85' lang='lat'>-</span> <span class='ocrx_word' id='word_1_280' title='bbox 1251 3854 1382 3927; x_wconf 75' lang='lat' dir='ltr'><strong>precise</strong></span> <span class='ocrx_word' id='word_1_281' title='bbox 1392 3881 1433 3892; x_wconf 91' lang='lat'>-</span> 
     </span>
     <span class='ocr_line' id='line_1_31' title="bbox 230 3956 1432 4036; baseline -0.002 -18"><span class='ocrx_word' id='word_1_282' title='bbox 230 3977 294 4018; x_wconf 88' lang='lat' dir='ltr'><strong>cum</strong></span> <span class='ocrx_word' id='word_1_283' title='bbox 314 3959 358 4018; x_wconf 81' lang='lat' dir='ltr'><strong>toe</strong></span> <span class='ocrx_word' id='word_1_284' title='bbox 376 3959 465 4034; x_wconf 79' lang='lat' dir='ltr'><strong>poeto</strong></span> <span class='ocrx_word' id='word_1_285' title='bbox 487 3989 523 4001; x_wconf 85' lang='lat'><strong>-—</strong></span> <span class='ocrx_word' id='word_1_286' title='bbox 546 3976 638 4036; x_wconf 81' lang='lat' dir='ltr'><strong>meque</strong></span> <span class='ocrx_word' id='word_1_287' title='bbox 664 3976 751 4034; x_wconf 82' lang='lat' dir='ltr'><strong>opere</strong></span> <span class='ocrx_word' id='word_1_288' title='bbox 771 3958 840 4016; x_wconf 90' lang='lat' dir='ltr'><strong>Bas.</strong></span> <span class='ocrx_word' id='word_1_289' title='bbox 864 3958 956 4017; x_wconf 85' lang='lat' dir='ltr'><strong>Initio</strong></span> <span class='ocrx_word' id='word_1_290' title='bbox 982 3958 1108 4016; x_wconf 91' lang='lat' dir='ltr'><strong>verbum</strong></span> <span class='ocrx_word' id='word_1_291' title='bbox 1136 3956 1222 4015; x_wconf 92' lang='lat' dir='ltr'><strong>multi</strong></span> <span class='ocrx_word' id='word_1_292' title='bbox 1245 3957 1317 4016; x_wconf 88' lang='lat' dir='ltr'><strong>libri</strong></span> <span class='ocrx_word' id='word_1_293' title='bbox 1339 3957 1432 4016; x_wconf 83' lang='lat' dir='ltr'><strong>omit—</strong></span> 
     </span>
     <span class='ocr_line' id='line_1_32' title="bbox 231 4063 1434 4140; baseline -0.001 -16"><span class='ocrx_word' id='word_1_294' title='bbox 231 4069 296 4124; x_wconf 90' lang='lat' dir='ltr'><strong>tunt</strong></span> <span class='ocrx_word' id='word_1_295' title='bbox 317 4065 407 4124; x_wconf 82' lang='lat' dir='ltr'><strong>Fatr.</strong></span> <span class='ocrx_word' id='word_1_296' title='bbox 426 4070 451 4124; x_wconf 87' lang='lat'><strong>1.</strong></span> <span class='ocrx_word' id='word_1_297' title='bbox 475 4065 572 4124; x_wconf 86' lang='lat' dir='ltr'><strong>Gueli.</strong></span> <span class='ocrx_word' id='word_1_298' title='bbox 591 4071 616 4124; x_wconf 87' lang='lat' dir='ltr'><strong>l.</strong></span> <span class='ocrx_word' id='word_1_299' title='bbox 639 4065 708 4125; x_wconf 91' lang='lat' dir='ltr'><strong>Seu.</strong></span> <span class='ocrx_word' id='word_1_300' title='bbox 730 4068 757 4124; x_wconf 80' lang='lat'><strong>2.</strong></span> <span class='ocrx_word' id='word_1_301' title='bbox 779 4065 887 4124; x_wconf 87' lang='lat' dir='ltr'><strong>iieuss.</strong></span> <span class='ocrx_word' id='word_1_302' title='bbox 909 4064 1018 4123; x_wconf 86' lang='lat' dir='ltr'><strong>Nazar.</strong></span> <span class='ocrx_word' id='word_1_303' title='bbox 1035 4063 1208 4122; x_wconf 86' lang='lat' dir='ltr'><strong>Commelin.</strong></span> <span class='ocrx_word' id='word_1_304' title='bbox 1231 4063 1285 4122; x_wconf 91' lang='lat' dir='ltr'><strong>alii</strong></span> <span class='ocrx_word' id='word_1_305' title='bbox 1299 4067 1365 4140; x_wconf 72' lang='lat' dir='ltr'><strong>epm</strong></span> <span class='ocrx_word' id='word_1_306' title='bbox 1388 4065 1434 4123; x_wconf 93' lang='lat' dir='ltr'><strong>sic</strong></span> 
     </span>
     <span class='ocr_line' id='line_1_33' title="bbox 230 4169 1432 4248; baseline -0.001 -18"><span class='ocrx_word' id='word_1_307' title='bbox 230 4173 298 4231; x_wconf 90' lang='lat' dir='ltr'><strong>Vin.</strong></span> <span class='ocrx_word' id='word_1_308' title='bbox 317 4175 341 4230; x_wconf 94' lang='lat'><strong>1.</strong></span> <span class='ocrx_word' id='word_1_309' title='bbox 363 4172 476 4232; x_wconf 90' lang='lat' dir='ltr'><strong>Vratis.</strong></span> <span class='ocrx_word' id='word_1_310' title='bbox 502 4176 526 4232; x_wconf 90' lang='lat'><strong>1.</strong></span> <span class='ocrx_word' id='word_1_311' title='bbox 545 4176 663 4248; x_wconf 75' lang='lat' dir='ltr'><strong>peragit</strong></span> <span class='ocrx_word' id='word_1_312' title='bbox 677 4171 776 4231; x_wconf 86' lang='lat' dir='ltr'><strong>Gueli.</strong></span> <span class='ocrx_word' id='word_1_313' title='bbox 798 4173 826 4230; x_wconf 84' lang='lat'><strong>2.</strong></span> <span class='ocrx_word' id='word_1_314' title='bbox 846 4172 926 4247; x_wconf 76' lang='lat' dir='ltr'><strong>fecit,</strong></span> <span class='ocrx_word' id='word_1_315' title='bbox 948 4173 1038 4246; x_wconf 76' lang='lat' dir='ltr'><strong>percit</strong></span> <span class='ocrx_word' id='word_1_316' title='bbox 1057 4169 1118 4228; x_wconf 89' lang='lat' dir='ltr'><strong>alii.</strong></span> <span class='ocrx_word' id='word_1_317' title='bbox 1141 4169 1195 4228; x_wconf 86' lang='lat' dir='ltr'><strong>sed</strong></span> <span class='ocrx_word' id='word_1_318' title='bbox 1210 4174 1322 4245; x_wconf 72' lang='lat' dir='ltr'><strong>peregit</strong></span> <span class='ocrx_word' id='word_1_319' title='bbox 1340 4170 1432 4244; x_wconf 86' lang='lat' dir='ltr'><strong>longe</strong></span> 
     </span>
     <span class='ocr_line' id='line_1_34' title="bbox 231 4275 1433 4356; baseline -0.003 -18"><span class='ocrx_word' id='word_1_320' title='bbox 231 4279 355 4356; x_wconf 89' lang='lat' dir='ltr'><strong>plurimi</strong></span> <span class='ocrx_word' id='word_1_321' title='bbox 377 4281 469 4338; x_wconf 88' lang='lat' dir='ltr'><strong>etex</strong></span> <span class='ocrx_word' id='word_1_322' title='bbox 496 4279 613 4337; x_wconf 84' lang='lat' dir='ltr'><strong>nostris</strong></span> <span class='ocrx_word' id='word_1_323' title='bbox 634 4277 703 4336; x_wconf 89' lang='lat' dir='ltr'><strong>Par.</strong></span> <span class='ocrx_word' id='word_1_324' title='bbox 731 4278 842 4336; x_wconf 87' lang='lat' dir='ltr'><strong>bcxz.</strong></span> <span class='ocrx_word' id='word_1_325' title='bbox 868 4275 953 4334; x_wconf 89' lang='lat' dir='ltr'><strong>Unde</strong></span> <span class='ocrx_word' id='word_1_326' title='bbox 980 4276 1067 4334; x_wconf 87' lang='lat' dir='ltr'><strong>varia</strong></span> <span class='ocrx_word' id='word_1_327' title='bbox 1089 4275 1290 4351; x_wconf 85' lang='lat' dir='ltr'><strong>interpretum</strong></span> <span class='ocrx_word' id='word_1_328' title='bbox 1310 4275 1433 4334; x_wconf 88' lang='lat' dir='ltr'><strong>iudicia.</strong></span> 
     </span>
     <span class='ocr_line' id='line_1_35' title="bbox 233 4382 1431 4445; baseline -0.003 -2"><span class='ocrx_word' id='word_1_329' title='bbox 233 4384 379 4445; x_wconf 88' lang='lat' dir='ltr'><strong>Gruterus</strong></span> <span class='ocrx_word' id='word_1_330' title='bbox 411 4384 557 4444; x_wconf 90' lang='lat' dir='ltr'><strong>coniecit:</strong></span> <span class='ocrx_word' id='word_1_331' title='bbox 597 4383 715 4442; x_wconf 86' lang='lat' dir='ltr'><strong>Putrutu</strong></span> <span class='ocrx_word' id='word_1_332' title='bbox 744 4390 822 4442; x_wconf 84' lang='lat' dir='ltr'><strong>tuoto</strong></span> <span class='ocrx_word' id='word_1_333' title='bbox 851 4401 885 4441; x_wconf 81' lang='lat' dir='ltr'><strong>re</strong></span> <span class='ocrx_word' id='word_1_334' title='bbox 911 4387 974 4441; x_wconf 84' lang='lat' dir='ltr'><strong>rime</strong></span> <span class='ocrx_word' id='word_1_335' title='bbox 1003 4382 1064 4442; x_wconf 87' lang='lat' dir='ltr'><strong>utto</strong></span> <span class='ocrx_word' id='word_1_336' title='bbox 1096 4398 1216 4440; x_wconf 80' lang='lat' dir='ltr'><strong>errorum</strong></span> <span class='ocrx_word' id='word_1_337' title='bbox 1246 4383 1431 4440; x_wconf 81' lang='lat' dir='ltr'><strong>incommodo.</strong></span> 
     </span>
     <span class='ocr_line' id='line_1_36' title="bbox 231 4489 1432 4568; baseline -0.004 -17"><span class='ocrx_word' id='word_1_338' title='bbox 231 4493 393 4553; x_wconf 84' lang='lat' dir='ltr'><strong>Wassius:</strong></span> <span class='ocrx_word' id='word_1_339' title='bbox 420 4494 596 4553; x_wconf 81' lang='lat' dir='ltr'><strong>incommodo</strong></span> <span class='ocrx_word' id='word_1_340' title='bbox 615 4497 754 4568; x_wconf 79' lang='lat' dir='ltr'><strong>petrucit3</strong></span> <span class='ocrx_word' id='word_1_341' title='bbox 777 4491 858 4566; x_wconf 90' lang='lat' dir='ltr'><strong>quod</strong></span> <span class='ocrx_word' id='word_1_342' title='bbox 880 4491 1006 4550; x_wconf 90' lang='lat' dir='ltr'><strong>verbum</strong></span> <span class='ocrx_word' id='word_1_343' title='bbox 1035 4490 1288 4566; x_wconf 85' lang='lat' dir='ltr'><strong>interpretatione</strong></span> <span class='ocrx_word' id='word_1_344' title='bbox 1318 4489 1432 4548; x_wconf 87' lang='lat' dir='ltr'><strong>obseu-</strong></span> 
     </span>
     <span class='ocr_line' id='line_1_37' title="bbox 231 4595 1432 4675; baseline -0.007 -15"><span class='ocrx_word' id='word_1_345' title='bbox 231 4605 328 4660; x_wconf 89' lang='lat' dir='ltr'><strong>ratum</strong></span> <span class='ocrx_word' id='word_1_346' title='bbox 350 4601 571 4675; x_wconf 85' lang='lat' dir='ltr'><strong>arbitrabatur;</strong></span> <span class='ocrx_word' id='word_1_347' title='bbox 603 4599 737 4658; x_wconf 86' lang='lat' dir='ltr'><strong>Curtius:</strong></span> <span class='ocrx_word' id='word_1_348' title='bbox 763 4605 831 4673; x_wconf 82' lang='lat' dir='ltr'><strong>port</strong></span> <span class='ocrx_word' id='word_1_349' title='bbox 852 4605 957 4657; x_wconf 83' lang='lat' dir='ltr'><strong>tontum</strong></span> <span class='ocrx_word' id='word_1_350' title='bbox 982 4615 1043 4656; x_wconf 87' lang='lat' dir='ltr'><strong>rem</strong></span> <span class='ocrx_word' id='word_1_351' title='bbox 1063 4599 1176 4656; x_wconf 78' lang='lat' dir='ltr'><strong>ilarius</strong></span> <span class='ocrx_word' id='word_1_352' title='bbox 1196 4601 1259 4656; x_wconf 82' lang='lat' dir='ltr'><strong>etue</strong></span> <span class='ocrx_word' id='word_1_353' title='bbox 1279 4595 1339 4656; x_wconf 89' lang='lat' dir='ltr'><strong>ullo</strong></span> <span class='ocrx_word' id='word_1_354' title='bbox 1359 4611 1432 4654; x_wconf 85' lang='lat' dir='ltr'><strong>euo-</strong></span> 
     </span>
     <span class='ocr_line' id='line_1_38' title="bbox 231 4700 1432 4780; baseline -0.007 -14"><span class='ocrx_word' id='word_1_355' title='bbox 231 4723 296 4766; x_wconf 87' lang='lat' dir='ltr'><strong>rum</strong></span> <span class='ocrx_word' id='word_1_356' title='bbox 316 4706 501 4766; x_wconf 81' lang='lat' dir='ltr'><strong>incommodo.</strong></span> <span class='ocrx_word' id='word_1_357' title='bbox 532 4704 595 4764; x_wconf 84' lang='lat' dir='ltr'><strong>Sed</strong></span> <span class='ocrx_word' id='word_1_358' title='bbox 615 4722 682 4765; x_wconf 92' lang='lat' dir='ltr'><strong>cum</strong></span> <span class='ocrx_word' id='word_1_359' title='bbox 693 4708 821 4780; x_wconf 81' lang='lat' dir='ltr'><strong>patrarit</strong></span> <span class='ocrx_word' id='word_1_360' title='bbox 837 4705 866 4764; x_wconf 89' lang='lat' dir='ltr'><strong>in</strong></span> <span class='ocrx_word' id='word_1_361' title='bbox 881 4704 946 4763; x_wconf 90' lang='lat' dir='ltr'><strong>Pal.</strong></span> <span class='ocrx_word' id='word_1_362' title='bbox 967 4708 994 4762; x_wconf 80' lang='lat'><strong>2.</strong></span> <span class='ocrx_word' id='word_1_363' title='bbox 1017 4702 1208 4762; x_wconf 86' lang='lat' dir='ltr'><strong>interlineas</strong></span> <span class='ocrx_word' id='word_1_364' title='bbox 1222 4701 1368 4778; x_wconf 91' lang='lat' dir='ltr'><strong>seriptum</strong></span> <span class='ocrx_word' id='word_1_365' title='bbox 1383 4700 1432 4772; x_wconf 73' lang='lat' dir='ltr'><strong>sit</strong></span> 
     </span>
    </p>

    <p class='ocr_par' dir='ltr' id='par_1_6' title="bbox 1212 4812 1250 4868">
     <span class='ocr_line' id='line_1_39' title="bbox 1212 4812 1250 4868; baseline 0 0"><span class='ocrx_word' id='word_1_366' title='bbox 1212 4812 1250 4868; x_wconf 65' lang='grc'><strong>34</strong></span> 
     </span>
    </p>
   </div>
   <div class='ocr_carea' id='block_1_3' title="bbox 0 0 1859 5600">
    <p class='ocr_par' dir='ltr' id='par_1_7' title="bbox 0 0 1859 5600">
     <span class='ocr_line' id='line_1_40' title="bbox 0 0 1859 5600; baseline 0 0"><span class='ocrx_word' id='word_1_367' title='bbox 0 0 1859 5600; x_wconf 95' lang='lat' dir='ltr'><strong> </strong></span> 
     </span>
    </p>
   </div>
  </div>
 </body>
</html>
