3526 5604
457 653 528 726 336

456 877 498 924 ex
532 877 572 924 eo
602 855 714 945 ignem
748 855 919 924 emersisse
952 853 1186 946 llammamque
1222 854 1367 924 lucidam
1406 857 1587 948 prorupisse
1612 857 1639 924 in

455 980 604 1058 caelum3
629 989 699 1048 tum
716 989 804 1049 vates
822 978 1040 1070 respondisse,
1066 1001 1142 1048 cum
1166 977 1219 1048 vir
1244 979 1349 1049 bonus
1371 990 1505 1071 aspectu
1521 980 1640 1070 insignis

455 1103 593 1196 imperio
617 1103 789 1194 potiretur,
815 1102 1041 1194 impendentes
1067 1103 1231 1194 procellas
1257 1103 1299 1172 ab
1326 1104 1408 1172 urbe
1431 1104 1638 1197 depulsurum.

455 1231 552 1298 Hunc
577 1249 612 1296 se
636 1227 744 1319 ipsum
770 1225 870 1296 luisse
895 1225 942 1296 ait
966 1225 1069 1306 Sulla,
1102 1227 1321 1318 conspicuum
1347 1227 1435 1295 enim
1463 1251 1531 1297 esse
1556 1229 1640 1297 rutilo

455 1352 566 1445 capilli
590 1353 712 1433 colore,
739 1373 849 1445 neque
874 1350 1029 1420 virtutem
1061 1352 1169 1420 vereri
1201 1363 1273 1444 post
1304 1361 1410 1421 tantas
1442 1375 1494 1421 res
1524 1365 1640 1444 nmque

453 1477 624 1570 praeclare
658 1485 764 1567 gestas
790 1475 852 1544 sibi
877 1475 1033 1545 tribuere.
1093 1476 1278 1545 Plutarchus
1299 1479 1335 1545 ia
1365 1477 1459 1547 Sulla
1480 1475 1513 1556 6,
1549 1475 1637 1568 tu.

455 1599 489 1670 8.
518 1601 556 1668 ln
583 1599 694 1669 Sullae
723 1597 879 1690 scriptum
909 1595 1045 1666 historia
1075 1597 1236 1678 videmus,
1277 1598 1365 1690 quod
1399 1609 1429 1667 te
1456 1599 1637 1692 inspectante

454 1724 653 1802 factumest,
678 1732 715 1792 ut
739 1743 814 1790 cnm
840 1719 897 1789 ille
923 1719 959 1788 in
984 1743 1066 1810 agro
1090 1721 1219 1790 Nolano
1245 1720 1434 1790 immolaret
1457 1733 1530 1791 ante
1554 1744 1637 1814 prae-

454 1849 584 1930 torium,
618 1848 659 1918 ab
685 1843 799 1915 infima
825 1866 882 1913 ara
908 1843 1017 1913 subito
1042 1845 1159 1935 anguis
1186 1854 1386 1934 emergeret;
1421 1868 1496 1915 com
1519 1845 1634 1938 quidem

454 1972 491 2043 C.
517 1969 702 2042 Postumius
727 1967 895 2059 haruspex
919 1976 1029 2035 oraret
1053 1967 1149 2036 illum
1175 1978 1210 2036 nt
1232 1968 1265 2036 in
1287 1968 1531 2061 expeditionem
1552 1993 1634 2039 exer-

453 2095 553 2166 eitum
575 2097 745 2176 edoceret3
772 2094 804 2163 id
831 2115 905 2163 cum
932 2093 1025 2162 Sulla
1050 2094 1190 2175 lecisset,
1217 2104 1285 2164 tum
1312 2106 1388 2164 ante
1410 2097 1560 2189 oppidum
1576 2097 1633 2165 No-

452 2221 518 2290 lam
543 2217 774 2289 llorentissima
798 2216 995 2286 Samnitium
1022 2225 1126 2286 eastra
1152 2218 1249 2310 cepit.
1295 2219 1402 2288 Cicero
1431 2221 1582 2289 dedicio.
1606 2217 1631 2298 1,

453 2342 512 2426 33,
535 2342 592 2414 72.
628 2341 663 2423 2,
686 2339 745 2423 30,
765 2337 825 2412 65.
926 2339 960 2407 ll.
987 2339 1124 2432 Scripsit
1149 2351 1181 2409 et
1207 2341 1299 2410 Sulla
1324 2340 1465 2411 dictator
1488 2343 1527 2412 alr
1550 2366 1632 2412 exer-

451 2469 517 2538 citu
540 2490 576 2537 se
601 2486 734 2559 quoque
758 2464 917 2533 donatum
943 2459 1083 2546 [corona
1102 2463 1317 2550 obsidionali]
1344 2465 1433 2556 apud
1455 2467 1566 2536 Nolam
1588 2467 1631 2534 le-

450 2603 561 2684 gatum
577 2590 667 2662 bello
684 2589 836 2668 Marsico,
864 2588 963 2681 idque
981 2589 1079 2658 etiam
1106 2589 1140 2657 in
1162 2589 1242 2659 villa
1261 2613 1322 2660 sun
1340 2591 1535 2671 Tusculana,
1559 2614 1629 2684 qrrac

451 2716 512 2788 luit
544 2725 656 2809 postea
694 2713 878 2791 Ciceronis,
923 2711 1039 2804 pinxit.
1091 2713 1217 2782 Plinius
1248 2727 1314 2783 uat.
1340 2715 1414 2784 hist.
1442 2714 1499 2797 22,
1528 2714 1558 2796 6,
1583 2711 1627 2784 12.

454 2845 510 2914 10.
544 2844 616 2935 lpse
642 2839 733 2909 Sulla
765 2839 799 2908 in
833 2838 1080 2908 commentariis
1113 2837 1180 2907 suis
1213 2849 1313 2930 negat
1336 2863 1372 2908 se
1399 2839 1574 2930 confugisse
1595 2835 1629 2906 ad

449 2967 601 3047 Marium,
640 2965 696 3034 sed
723 2963 933 3044 abstractum,
969 2987 1046 3033 cum
1072 2965 1231 3033 sententia
1263 2988 1322 3036 sua
1348 2967 1557 3058 comprobare
1578 2985 1629 3031 no-

450 3093 562 3161 luisset
591 3089 728 3183 Sulpicii
762 3091 863 3180 leges‚
903 3089 1176 3181 compulsumque
1203 3089 1287 3158 inter
1311 3092 1417 3161 nudos
1443 3091 1628 3160 inimicorum

449 3215 576 3307 gladios
608 3215 641 3283 in
667 3214 763 3286 Marii
795 3212 949 3292 domum,
986 3212 1089 3282 donec
1121 3212 1294 3283 obsecutus
1326 3215 1460 3285 illorum
1491 3211 1629 3284 uoluntati

449 3337 571 3407 rediret
595 3337 629 3406 in
656 3337 764 3406 lorum
791 3345 823 3405 et
846 3335 945 3406 ferias
971 3335 1164 3404 remitteret.
1207 3335 1392 3406 Plutarchus
1413 3338 1518 3408 diaria
1534 3335 1585 3416 35,
1603 3333 1628 3404 l.

452 3463 509 3530 11.
541 3462 615 3554 lpse
641 3460 732 3530 Sulla
764 3459 798 3529 in
831 3457 1077 3527 commentariis
1108 3459 1175 3528 suis
1206 3460 1306 3530 relect
1331 3460 1475 3553 primum
1499 3459 1628 3530 omnium

448 3585 493 3656 111.
519 3584 636 3653 Teium
665 3575 844 3670 [Ateinml]
872 3581 905 3650 in
927 3603 1091 3650 summum
1110 3581 1257 3663 enixum,
1285 3605 1361 3652 cnm
1387 3584 1507 3654 leriens
1527 3606 1628 3654 occur·

447 3716 576 3776 rentem
600 3705 663 3776 sihi
687 3705 813 3775 hostem
840 3704 971 3774 obiectu
997 3705 1113 3794 galeae
1144 3727 1258 3774 ensem
1285 3706 1446 3796 fregisset,
1483 3729 1545 3776 non
1569 3727 1628 3774 ces·

448 3831 527 3902 sisse
553 3843 661 3902 umen
683 3833 769 3913 loco,
795 3831 853 3900 sed
874 3831 1030 3900 restitisse
1051 3831 1388 3922 imperterritum...
1416 3832 1557 3905 Athenas
1575 3827 1628 3919 igi·

448 3965 501 4026 tur
526 3955 736 4048 expugnavit,
764 3966 800 4025 ut
826 3956 895 4048 ipse
921 3955 954 4024 iu
975 3954 1219 4024 commentariis
1237 3955 1393 4048 scriptum
1411 3955 1550 4048 reliquit,
1574 3953 1627 4022 Ca·

448 4078 555 4148 lendis
586 4079 722 4148 Martiis.
771 4078 957 4148 Plutarchus
984 4080 1075 4148 Sulla
1110 4075 1166 4149 14.
1270 4083 1326 4149 12.
1358 4082 1465 4174 Prope
1496 4080 1626 4150 Elateam

447 4202 566 4272 collem
591 4211 753 4296 occupant
775 4201 919 4272 emedia
944 4203 1080 4295 planitie
1107 4205 1352 4295 prominentem
1379 4206 1517 4275 fertilem
1541 4201 1626 4272 arbo-

446 4323 604 4416 ribusque
629 4326 805 4407 consitum,
832 4325 873 4395 ad
895 4326 988 4396 cuius
1015 4326 1142 4396 radices
1161 4349 1321 4418 aquarum
1339 4328 1539 4397 abundantia
1558 4334 1625 4394 erat.

445 4447 694 4518 Philoboeotum
725 4449 910 4541 appellant,
950 4449 1087 4542 eiusque
1118 4461 1270 4519 naturam
1302 4473 1341 4519 ac
1377 4451 1475 4520 situm
1505 4421 1625 4519 mirifice

446 4572 558 4642 laudat
575 4574 676 4643 Sulla.
720 4575 906 4643 Plutarchus
926 4574 1017 4643 Sulla
1038 4571 1093 4654 16,
1120 4574 1151 4643 1.
1255 4575 1310 4643 13.
1337 4575 1557 4645 Romanorum
1572 4568 1625 4637 mi·

447 4697 539 4767 litum
565 4699 658 4768 Sulla
684 4699 797 4769 scribit
820 4700 896 4770 XlV
921 4698 1063 4791 primum
1090 4697 1291 4768 desideratos
1318 4697 1429 4780 luisse,
1457 4698 1511 4768 sed
1535 4719 1571 4766 er
1592 4715 1624 4759 eo
