3582 5594
491 669 557 738 lld

485 868 586 940 fidem
612 865 813 959 consumpsi.
858 863 994 957 Reliqui
1019 886 1076 933 vos
1104 863 1192 946 estis,
1233 866 1291 958 qni
1320 866 1384 934 nisi
1408 864 1600 946 subvenitis,
1632 866 1679 936 in·

485 992 552 1063 vito
578 1002 611 1062 et
634 990 834 1084 praedicente
860 1011 925 1070 me,
960 987 1123 1058 exercitus
1152 988 1231 1058 hinc
1263 1001 1296 1060 et
1323 1013 1399 1060 cum
1424 1011 1464 1060 eo
1491 1012 1590 1060 omne
1614 989 1680 1058 hel-

487 1117 556 1186 lum
581 1115 751 1208 Hispania
776 1115 810 1186 in
837 1113 966 1184 ltaliam
992 1113 1284 1204 transgredientur.

964 1425 1209 1438 -.-....-,

838 1651 1029 1738 utatur
1052 1651 1325 1738 lll'lldllldl'ld.

563 1872 637 1941 Rex
652 1867 857 1939 Mithridates
883 1867 956 1959 regi
975 1867 1091 1937 Arsaci
1117 1867 1268 1938 salutem.
1299 1866 1437 1947 Omnes,
1462 1865 1520 1958 qni
1538 1866 1688 1936 secundis

489 1995 589 2067 rehus
598 1995 665 2065 suis
676 1996 718 2066 ad
731 1994 1007 2070 hellisocietatem
1017 2004 1164 2076 orantur,
1178 1992 1387 2064 considerare
1400 1992 1532 2074 dehent,
1550 1995 1690 2066 liceatne

491 2132 559 2192 tum
584 2141 701 2212 pacem
727 2141 848 2211 agere;
875 2118 952 2188 dein
976 2119 1067 2213 quod
1093 2117 1262 2212 quaesitor,
1291 2117 1412 2187 satisne
1438 2117 1542 2210 pium,
1572 2130 1689 2200 tutum,

490 2247 685 2338 gloriosum,
712 2269 754 2316 an
773 2245 966 2316 indecorum
983 2245 1035 2314 sit.
1078 2243 1152 2314 Tihi
1177 2243 1205 2313 si
1230 2253 1389 2336 perpetua
1414 2265 1495 2336 pace
1518 2243 1582 2312 hui
1600 2243 1691 2324 licet,

347 2385 349 2394 '
490 2372 554 2442 nisi
579 2370 689 2442 hostes
713 2369 870 2462 oportuni
894 2380 927 2438 et
950 2367 1194 2449 scelestissumi,
1228 2367 1366 2459 egregia
1387 2367 1486 2447 lama,
1512 2367 1541 2436 si
1566 2369 1692 2438 Roma-

490 2520 551 2566 nos
576 2493 788 2588 oppresseris,
819 2493 929 2564 lutura
954 2505 1013 2574 est,
1053 2513 1162 2583 neque
1187 2503 1299 2585 petere
1324 2494 1465 2563 audeam
1490 2492 1693 2573 societatem,

491 2632 524 2692 et
550 2621 671 2691 frustra
695 2618 783 2689 mala
806 2640 882 2687 mea
914 2639 991 2687 enm
1019 2617 1115 2687 honis
1144 2617 1209 2688 tuis
1237 2617 1369 2688 misceri
1395 2640 1536 2711 sperem.
1581 2619 1695 2710 Atque

491 2768 543 2828 ea,
578 2765 653 2838 quae
679 2742 860 2814 temerari
885 2763 982 2834 posse
1009 2741 1173 2822 videntur,
1206 2742 1257 2812 ira
1286 2742 1320 2812 in
1346 2743 1526 2834 Tigranem
1549 2743 1695 2812 recentis

492 2869 572 2942 helli
601 2879 633 2938 et
657 2889 741 2939 meae
771 2889 825 2937 res
857 2887 975 2958 parum
1000 2885 1177 2958 prospere,
1210 2865 1239 2934 si
1264 2888 1343 2936 vera
1367 2866 1566 2936 existumare
1590 2867 1695 2946 voles,

492 3015 648 3063 maxume
673 2991 904 3061 hortabuntur.
955 2990 1016 3060 llle
1043 2988 1131 3059 enim
1157 2989 1332 3070 ohnoxius,
1371 2990 1504 3084 qualem
1530 3000 1566 3060 tn
1588 2991 1697 3073 voles,

492 3119 682 3190 societatem
717 3114 873 3208 accipiet;
911 3113 995 3184 mihi
1023 3114 1154 3184 fortuna
1178 3111 1290 3182 multis
1321 3111 1420 3183 rehus
1451 3113 1572 3206 ereptis
1596 3137 1698 3186 usum

493 3241 585 3311 dedit
608 3241 695 3311 hene
720 3236 881 3308 suadendi
906 3246 951 3319 ct,
976 3237 1066 3331 qnod
1087 3235 1281 3307 florentihus
1297 3237 1443 3330 optabile
1460 3247 1520 3320 est,
1545 3259 1607 3330 ego
1628 3262 1700 3308 non

493 3363 725 3436 validissumus
758 3359 891 3453 praehco
924 3359 1125 3452 exemplum,
1168 3382 1234 3451 qno
1267 3360 1388 3430 rectius
1421 3370 1477 3431 tua
1514 3383 1698 3453 conponas.

493 3489 644 3578 Namque
675 3481 834 3553 Romanis
863 3503 938 3551 cum
971 3481 1173 3564 nationibus,
1211 3483 1352 3576 populis,
1387 3485 1522 3576 regibus
1556 3486 1701 3566 cunctis,

494 3632 562 3680 una
586 3618 618 3678 et
642 3631 683 3679 ea
706 3617 798 3678 vetus
823 3629 923 3678 causa
947 3607 1095 3679 hellandi
1125 3618 1175 3679 est
1211 3607 1333 3702 cupido
1367 3611 1532 3703 protunda
1563 3611 1702 3703 imperii

496 3744 529 3802 et
568 3732 776 3812 divitiarum
823 3753 890 3823 qua
920 3731 1029 3824 primo
1068 3752 1144 3801 cum
1175 3753 1256 3822 rege
1289 3732 1508 3804 llacedonum
1542 3733 1703 3828 Philippo

495 3858 621 3930 hellum
637 3876 818 3948 sumpsere.
854 3855 944 3924 Dum
962 3877 982 3923 a
999 3853 1324 3945 Carthaginiensibus
1342 3857 1587 3948 premebantur,
1608 3861 1705 3928 ami-

495 3983 607 4053 citiam
631 3979 823 4048 simulantes
840 3978 872 4047 ei
893 3976 1143 4048 subvenientem
1160 3978 1362 4050 Antiochum
1379 3981 1590 4052 concessione
1605 3985 1706 4056 Asiae

495 4127 555 4198 per
581 4103 693 4173 dolum
720 4111 888 4182 avortere;
919 4122 959 4171 ac
984 4122 1062 4171 mox
1087 4101 1191 4172 fracto
1215 4100 1368 4194 Philippo
1393 4103 1577 4174 Antiochus
1604 4111 1706 4178 omni

496 4228 544 4298 cis
569 4228 716 4297 Taurum
749 4247 831 4318 agro
861 4235 894 4294 et
922 4223 1039 4294 decem
1070 4225 1206 4296 milibus
1232 4227 1431 4318 talentorum
1456 4233 1610 4324 spoliatus
1639 4251 1706 4308 est.

496 4357 618 4424 Persen
636 4352 767 4433 deinde,
793 4351 937 4444 Philippi
959 4350 1077 4434 hlium,
1103 4362 1177 4444 post
1200 4355 1306 4422 multa
1332 4365 1363 4424 et
1387 4357 1478 4428 varia
1503 4362 1708 4445 certamina,

400 4489 408 4507 '
496 4478 585 4572 apud
610 4476 840 4546 Samothracas
866 4475 945 4544 deos
971 4486 1141 4567 acceptum
1172 4475 1206 4545 in
1232 4476 1343 4560 tidem,
1378 4480 1491 4550 callidi
1525 4493 1557 4552 et
1579 4506 1710 4576 reper-

496 4613 584 4673 tores
608 4599 768 4694 perhdiae,
794 4597 874 4692 quia
898 4609 994 4690 pacto
1019 4598 1120 4668 vitam
1146 4599 1314 4683 dederant,
1342 4600 1513 4673 insomniis
1533 4607 1709 4683 occidere.

497 4729 694 4808 Eumenem,
721 4725 814 4795 cuius
839 4723 1019 4795 amicitiam
1044 4723 1188 4816 gloriose
1207 4737 1383 4810 ostentant,
1410 4729 1505 4800 initio
1522 4731 1710 4823 prodidere
