3554 5600
1301 655 1373 725 203

170 854 211 924 t'u
247 853 330 924 locis
361 862 461 946 atque
485 853 564 934 aris,
599 853 740 946 parietes
773 853 869 926 Urbis
902 875 962 945 pro
992 853 1181 946 propulsato
1205 852 1374 924 teterrimo

170 1002 295 1074 genere
319 979 477 1049 resumis
503 979 607 1048 terme
639 977 827 1048 incredibili
862 977 984 1069 gaudio
1009 979 1228 1048 exultaturos:
1261 985 1373 1070 putate

169 1103 305 1173 tandem
339 1101 501 1172 hodierno
531 1101 654 1172 iudicio
691 1111 842 1194 paratum
876 1125 946 1172 esse
979 1101 1072 1172 vobis
1104 1114 1161 1172 aut
1187 1101 1373 1171 immortale

172 1226 317 1296 dedecus
342 1237 400 1296 aot
423 1225 620 1297 memoriam
647 1225 789 1295 nominis
814 1225 1057 1318 sempiternam.

243 1371 379 1420 xxxvrr.
430 1349 533 1421 llulta
563 1358 640 1419 sant
669 1346 823 1441 equidem
856 1348 889 1418 in
917 1347 980 1418 bac
1012 1349 1088 1430 vita,
1127 1371 1202 1441 quae
1236 1350 1374 1442 turpiter

171 1494 210 1541 ac
234 1473 428 1542 calamitose
453 1472 606 1563 neglecta
636 1471 876 1542 restitutionem
905 1483 1013 1542 umen
1044 1471 1286 1566 quodammodo
1312 1495 1374 1566 pa·

171 1596 320 1666 tiantur:
356 1595 454 1667 baius
478 1619 557 1666 vero
583 1594 774 1666 vindicandi
797 1595 932 1667 sceleris
957 1596 985 1665 si
1010 1606 1205 1689 presentem
1233 1598 1374 1668 laculta·

171 1729 236 1788 tem
261 1719 488 1812 neglexeritis,
514 1721 633 1792 frustm
657 1731 771 1814 postea
795 1721 1030 1814 recuperande
1055 1721 1183 1814 copiam
1205 1723 1371 1816 quaeretis.

170 1847 237 1916 Ant
263 1843 364 1915 bodie
388 1845 481 1916 vobis
506 1845 729 1939 propulsanda
755 1855 802 1916 est
827 1869 846 1915 e
867 1845 1047 1916 visceribus
1072 1846 1120 1915 rei
1146 1845 1287 1939 publice
1312 1869 1373 1939 pe-

171 1969 285 2039 stilera
303 1968 352 2038 vis
368 1968 574 2050 calamitatis,
600 1978 656 2038 ant
675 1968 737 2063 ipsi
758 1969 874 2062 patriae
898 1969 970 2038 sine
995 1969 1096 2048 dubio
1113 1968 1370 2040 concidendum:

170 2107 281 2165 uuum
307 2092 499 2186 eligendum
516 2093 568 2176 sit,
598 2116 655 2163 vos
678 2093 836 2164 videritis.
884 2093 997 2177 Qnidl
1023 2093 1113 2175 estis,
1139 2092 1280 2176 ludices,
1307 2092 1372 2164 bu·

171 2219 329 2288 manitate
354 2228 456 2300 tanta,
485 2239 528 2287 ne
553 2216 701 2286 secordia
731 2215 851 2298 dicam,
884 2227 1058 2290 uteorum
1083 2218 1184 2287 vitam
1209 2242 1248 2290 ac
1273 2218 1373 2312 spiri·

171 2353 240 2412 mm
276 2342 399 2412 diutius
431 2340 466 2411 in
503 2363 539 2412 re
573 2341 707 2435 publica
742 2342 940 2412 commorari
976 2342 1164 2434 patiamini,
1205 2343 1262 2435 qui
1294 2343 1371 2412 uite

171 2467 336 2560 salutique
370 2465 492 2538 civium
525 2463 704 2536 crudeliter
738 2464 884 2536 insidiati
915 2467 1016 2536 sunt?
1060 2467 1244 2559 Proponite
1278 2467 1371 2538 vobis

169 2603 245 2662 ante
271 2592 386 2662 oculos
420 2613 459 2662 ac
496 2588 710 2661 meditatione
740 2590 858 2660 crebra
887 2591 1045 2661 revolvite
1070 2593 1158 2662 diem
1184 2593 1281 2664 illum
1308 2617 1371 2663 ne·

169 2715 303 2798 farium,
330 2738 397 2810 quo
421 2716 510 2787 salus
535 2715 684 2785 omnium
711 2715 843 2798 civium,
869 2738 936 2807 quo
962 2716 1131 2786 facultates
1148 2729 1278 2800 nostrae,
1304 2695 1401 2811 quo'

169 2865 221 2912 res
246 2843 320 2934 ipsa
344 2841 477 2935 publica
502 2841 649 2933 peritura
674 2841 800 2911 inerat:
831 2842 965 2935 quarmo
988 2842 1114 2914 scilicet
1132 2845 1372 2937 aspexissemns

169 2967 290 3036 bestias
316 2967 393 3038 istas
418 2967 553 3036 emissas
579 2967 768 3037 carceribus
793 2990 854 3059 per
874 2967 992 3038 urbem
1013 2991 1155 3050 omnem,
1182 2992 1242 3061 per
1259 2969 1371 3039 domos

170 3102 297 3160 nonras
329 3089 491 3160 furialiter
524 3090 726 3171 exultantes,
766 3090 940 3183 ipsumque
974 3091 1008 3160 in
1042 3091 1158 3183 primis
1192 3091 1371 3161 miserandi

170 3215 327 3286 facinoris
353 3214 470 3286 ducem
496 3237 535 3284 ac
560 3214 745 3307 principem
765 3214 950 3296 Catilinam,
978 3214 1204 3286 confirmatum
1231 3214 1293 3285 boc
1317 3215 1372 3286 iu·

170 3340 268 3419 dicio,
309 3362 366 3432 spe
395 3339 542 3432 plenum,
577 3337 692 3408 laetitia
722 3338 937 3430 gestientem:
977 3361 1065 3411 nunc
1091 3338 1152 3409 bos
1178 3340 1218 3409 ad
1244 3338 1370 3408 caedem

170 3477 330 3548 uosuam,
357 3488 443 3536 nunc
470 3465 544 3536 illos
569 3464 610 3534 ad
637 3465 787 3558 rapinam
814 3475 911 3560 atque
930 3465 1225 3535 inflammationem
1251 3464 1370 3535 edium

170 3587 394 3658 devocantem.
420 3588 585 3681 Coniuges
601 3611 621 3657 e
638 3588 864 3680 complexibus
882 3589 998 3658 nostris
1015 3587 1057 3658 ad
1074 3587 1246 3658 libidinem
1264 3589 1371 3660 victo·

170 3737 246 3784 rum
277 3724 378 3808 raptae
408 3715 556 3798 fuissent,
597 3714 694 3784 liberi
729 3714 770 3784 ad
810 3725 921 3808 stupra
957 3715 997 3784 de
1030 3714 1166 3806 grendis
1196 3726 1369 3807 parentum

171 3840 304 3922 extorti,
331 3815 472 3933 pretiosa
497 3841 672 3936 suppellex
696 3851 873 3933 asportata,
901 3849 983 3910 tecta
1001 3839 1258 3931 conflagrassent
1282 3840 1371 3932 igni·

171 3965 243 4048 bus,
278 3987 417 4058 corpora
447 3987 531 4035 caesa
556 3964 679 4058 passim
708 3965 893 4044 iacuissent,
931 3965 1044 4036 omnia
1076 3964 1220 4057 denique
1245 3964 1371 4055 gemitu

171 4087 317 4181 lletuque
350 4087 596 4160 redundassent.
644 4091 728 4158 fleo
759 4089 872 4159 fuisset
901 4088 1011 4180 imago
1044 4087 1238 4158 miserrime
1268 4085 1369 4164 urbis,

171 4236 271 4304 quam
309 4213 426 4284 urbem
455 4238 474 4285 a
506 4215 685 4286 maioribus
714 4214 832 4284 nostris
866 4215 1131 4286 florentissimam
1172 4214 1368 4306 accepimns,

171 4347 213 4416 et,
239 4335 267 4404 si
293 4335 539 4430 prohibueritis,
571 4340 695 4410 claram
720 4349 819 4429 atque
845 4339 1061 4409 excellentem
1088 4335 1226 4429 posteris
1252 4337 1370 4406 nostris

170 4459 323 4530 tradituri
348 4484 472 4532 sumus.

243 4606 388 4655 xxxvnr.
440 4586 503 4656 Per
534 4584 771 4657 humanitatem
803 4586 947 4680 deniqne
976 4596 1119 4658 vesum
1143 4607 1201 4654 vos
1226 4585 1370 4656 obtestor

170 4719 268 4801 atque
292 4708 441 4788 obsecro,
467 4709 609 4790 ludices,
634 4733 696 4803 per
720 4733 867 4781 amorem
894 4710 990 4782 buius
1016 4710 1248 4803 pulcherrime
1269 4717 1368 4801 atque
