3582 5594
471 688 538 758 ll8

540 914 705 962 sxxxxrx.
758 891 940 961 Plurimum
962 909 1040 957 vero
1057 887 1180 958 Marius
1195 887 1359 980 imperitia
1379 886 1522 958 bostium
1539 887 1661 958 contir-

466 1025 573 1086 matus
586 1037 686 1108 quam
699 1037 891 1086 maxumum
905 1013 1071 1082 silentium
1085 1010 1326 1094 haberi.iubet;
1344 1034 1387 1081 ne
1404 1011 1500 1103 signa
1516 1011 1660 1105 quidem,

467 1139 514 1208 uti
539 1159 599 1230 per
623 1137 755 1230 vigilias
780 1137 939 1217 solebant,
966 1157 1101 1214 canere;
1128 1134 1259 1216 deinde,
1286 1135 1344 1205 ubi
1370 1135 1429 1205 lux
1454 1134 1661 1216 adventabat,

468 1257 604 1332 defessis
619 1263 685 1332 iam
700 1259 847 1332 hostibus
865 1284 904 1331 ac
921 1260 1021 1353 paulo
1039 1269 1113 1328 ante
1126 1251 1217 1349 [iam]
1232 1281 1347 1329 mmno
1364 1258 1476 1352 captis,
1495 1259 1536 1330 de
1548 1259 1664 1353 inpru-

468 1387 537 1456 viso
562 1387 689 1476 vigiles,
726 1386 803 1456 item
834 1383 1030 1464 cohortium,
1068 1394 1260 1466 turmarum,
1300 1383 1469 1475 legionum
1502 1385 1664 1455 tubicines

467 1511 563 1580 simol
590 1532 705 1579 omnes
730 1510 824 1601 signu
845 1532 976 1590 canere,
1003 1508 1122 1578 milites
1139 1509 1318 1578 clamorem
1336 1509 1452 1578 tollere
1469 1519 1566 1601 atque
1582 1531 1665 1602 por-

468 1635 508 1703 tis
539 1656 713 1734 erumpere
744 1633 845 1704 iubet.
896 1633 1005 1706 blauri
1030 1644 1128 1725 atque
1154 1632 1273 1704 Gaetuli
1301 1633 1415 1724 ignoto
1449 1643 1482 1702 et
1512 1632 1667 1704 horribili

469 1758 574 1829 sonitu
601 1769 736 1852 repente
762 1758 861 1828 exciti
886 1781 995 1851 neque
1022 1758 1151 1848 lugere,
1187 1779 1296 1850 neque
1320 1779 1412 1827 arma
1438 1779 1566 1850 capere,
1599 1780 1668 1826 ne-

470 1904 534 1972 que
560 1881 694 1952 omniuo
720 1883 830 1952 lacere
848 1893 904 1951 aut
920 1881 1093 1974 providere
1111 1880 1290 1973 quicquam
1307 1892 1474 1973 poterant;
1500 1881 1543 1951 itu
1559 1905 1667 1952 cunc-

470 2015 517 2075 tos
548 2005 694 2099 strepitu,
731 2005 887 2084 clamore,
923 2005 1016 2076 nullo
1046 2005 1273 2086 subveniente,
1310 2005 1427 2076 nostris
1456 2004 1666 2090 instantibus,

470 2128 621 2208 tumulto,
648 2127 835 2209 tormidine,
861 2140 985 2200 terrore
1017 2129 1112 2222 quasi
1136 2128 1289 2199 vecordia
1315 2141 1459 2222 ceperat.
1509 2131 1668 2223 Denique

470 2273 584 2322 omnes
608 2252 672 2323 lusi
697 2253 885 2346 fugatique;
912 2275 1004 2324 arma
1029 2265 1062 2323 et
1086 2254 1181 2345 signa
1202 2251 1358 2323 militaria
1376 2253 1536 2346 pleraque
1553 2265 1667 2348 capta;

469 2375 645 2469 pluresque
677 2399 717 2446 eo
748 2377 864 2470 praelio
897 2400 996 2471 mam
1029 2377 1181 2448 omnibus
1211 2375 1434 2469 superioribus
1464 2379 1666 2472 interempti.

470 2500 556 2569 Nam
581 2523 695 2572 somno
720 2513 753 2571 et
776 2511 866 2572 meto
892 2501 1023 2572 insolito
1049 2500 1193 2595 inpedita
1218 2501 1305 2591 loga.

543 2645 573 2696 c.
624 2625 710 2694 Dein
723 2624 857 2707 blarius,
871 2626 920 2696 uti
928 2635 1083 2718 coeperat,
1101 2625 1134 2693 in
1145 2623 1328 2706 bibcmait,
1345 2637 1561 2719 quapropter
1572 2649 1670 2698 com-

471 2760 613 2820 meatum
640 2749 673 2818 in
698 2749 826 2843 oppidis
851 2749 1033 2820 maritumis
1053 2771 1155 2840 agere
1183 2748 1391 2832 decreverat:
1422 2771 1532 2844 oeque
1553 2761 1669 2822 tamem

471 2871 611 2945 victoria
627 2895 736 2945 socors
749 2886 806 2945 aut
822 2875 967 2944 insolens
989 2875 1101 2955 fectus,
1120 2873 1177 2944 sed
1194 2873 1317 2967 pariter
1329 2880 1428 2967 atque
1441 2875 1475 2945 in
1487 2887 1670 2969 conspeetu

472 2995 614 3068 hostium
639 2998 798 3092 quadrato
823 2999 955 3090 agmine
979 2997 1145 3069 incedere.
1189 2999 1280 3069 Sulla
1306 3022 1381 3070 eum
1407 2999 1553 3092 equitatu
1577 3001 1671 3093 apncl

473 3119 655 3203 dextumos,
682 3121 716 3191 in
741 3124 871 3194 sinistra
896 3134 987 3217 parte
1007 3123 1267 3195 hulusblanllus
1290 3147 1367 3196 cum
1390 3124 1610 3196 funditoribus
1632 3137 1673 3196 et

472 3245 658 3336 sagittariis,
683 3258 842 3340 praterea
867 3247 1016 3318 cohortes
1037 3247 1198 3339 Ligurum
1225 3248 1371 3319 curabat:
1398 3249 1522 3342 primos
1547 3260 1578 3319 et
1603 3272 1673 3319 ex-

472 3382 592 3441 tremos
616 3393 692 3442 cum
717 3369 877 3464 expeditis
902 3371 1078 3463 manipulis
1109 3371 1255 3442 tribunos
1284 3372 1458 3443 locaverat.
1501 3373 1671 3464 Perlugae,

471 3493 619 3565 minume
637 3495 704 3565 cari
719 3507 751 3564 et
763 3495 936 3586 regionum
951 3494 1179 3574 scientissomi,
1197 3493 1339 3566 bostium
1357 3495 1420 3566 iter
1432 3497 1671 3590 explorabant:

471 3619 569 3689 simul
582 3619 709 3701 consul,
733 3619 828 3713 quasi
840 3619 933 3690 nullo
946 3618 1099 3711 inposito,
1117 3619 1229 3689 omnia
1242 3618 1432 3712 providere:
1450 3620 1536 3713 apud
1550 3641 1673 3691 omues

471 3742 602 3814 adesse:
625 3743 762 3814 laudare
776 3755 808 3812 et
820 3743 991 3835 inerepare
1004 3752 1178 3811 merentes.
1204 3742 1278 3840 lpse¹
1289 3743 1673 3837 armatosintentusqne,

471 3869 547 3938 item
563 3869 684 3938 milites
697 3867 851 3961 cogebat:
874 3891 983 3960 neque
1003 3890 1109 3948 secus,
1135 3879 1232 3959 atque
1249 3868 1318 3938 iter.
1331 3869 1451 3950 tacere,
1468 3879 1572 3940 eastra
1587 3893 1677 3940 mu-

470 3995 559 4074 nire;
584 3996 772 4067 excubitum
784 3995 817 4064 in
830 4007 923 4087 porta
939 3993 1090 4064 cohortes
1104 4017 1145 4062 cx
1158 3993 1356 4085 legionibus,
1373 4017 1433 4087 pro
1445 3994 1676 4088 castrisequi-

471 4128 518 4187 tes
530 4119 722 4190 auxiliarios
735 4118 883 4198 mittere;
904 4128 1061 4210 praeterea
1077 4116 1163 4187 alios
1178 4139 1278 4209 super
1290 4117 1413 4189 vallum
1426 4117 1461 4187 in
1474 4119 1677 4188 munimen-

470 4241 510 4312 tis
524 4244 645 4324 loeure,
663 4243 793 4334 vigilias
806 4242 876 4335 ipse
890 4243 1076 4324 circumire,
1094 4263 1160 4311 uon
1177 4253 1244 4312 tam
1262 4241 1443 4312 diffidentia
1460 4243 1571 4326 buturi,
1590 4266 1677 4337 quae

470 4367 707 4460 imperavisset,
741 4389 842 4459 quum
873 4367 918 4438 uti
950 4367 1109 4439 militibus
1143 4378 1333 4460 exequutus
1363 4389 1439 4438 cum
1465 4367 1679 4461 imperatore

469 4493 563 4563 labor
586 4492 771 4563 volentibus
796 4502 890 4562 esset.
941 4493 983 4562 Et
1007 4515 1085 4562 sane
1111 4493 1235 4562 Murius
1260 4492 1385 4586 illoque
1414 4493 1554 4585 aliisque
1579 4503 1679 4563 tem-

469 4617 602 4709 poribus
627 4615 811 4709 Iugurthini
847 4616 925 4687 helli
952 4617 1076 4709 pudore
1107 4619 1214 4709 magis
1241 4639 1341 4709 quam
1367 4618 1455 4688 malo
1480 4617 1679 4689 exercitum

470 4741 655 4820 coercebat;
682 4742 769 4835 qood
790 4743 884 4812 multi
905 4767 963 4834 per
985 4743 1197 4813 ambitionem
1218 4743 1289 4812 fieri
1309 4743 1452 4822 aiebant,
1479 4765 1554 4835 pars
1574 4743 1680 4834 quod
