3576 5602
1320 663 1391 730 1257

182 863 261 920 sima
283 861 384 921 luerit.
418 862 547 938 primum
575 861 668 937 igitur
694 877 800 922 omues
821 861 936 940 perditi
966 861 1105 920 homines
1135 861 1165 919 in
1188 859 1293 919 urbem
1314 875 1392 920 eon-

181 968 342 1028 fluxerant.
358 999 398 1009 —
415 967 480 1027 Sibi
500 969 644 1043 quisque,
672 969 699 1026 si
720 970 750 1027 in
772 969 865 1027 armis
888 968 979 1041 foret,
1002 983 1042 1026 ex
1063 965 1195 1026 viatoria
1217 965 1292 1024 talia
1317 981 1392 1043 spe-

181 1076 272 1134 rabat
296 1109 330 1120 -
350 1074 415 1136 Sos
442 1081 534 1150 atque
556 1076 636 1136 alios
667 1092 772 1136 omnes
793 1077 903 1136 malum
932 1077 1085 1153 publicum
1100 1071 1225 1134 alebat.
1252 1103 1289 1112 -
1311 1073 1392 1134 Belli

182 1187 325 1244 eventum
353 1186 568 1260 exspectatant
585 1217 622 1228 -
648 1183 826 1244 oonturbari
855 1183 1074 1260 rempublicam
1095 1182 1250 1241 malebant
1268 1180 1392 1240 -liaeo

182 1290 284 1348 omnia
305 1290 346 1348 all
366 1289 442 1348 belli
465 1289 596 1349 studium
618 1291 781 1366 pertinent.
823 1289 889 1349 lloo
914 1289 1008 1366 igitur
1030 1287 1188 1365 exprimit:
1219 1304 1285 1346 esse
1308 1305 1391 1362 pre-

180 1398 309 1472 cipitem,
339 1397 394 1456 eir.
422 1396 483 1457 Cio.
505 1396 584 1456 Phil.
608 1398 643 1455 V.
670 1399 716 1457 13.
751 1397 859 1472 „homo
882 1396 1106 1455 amentissimus
1135 1399 1167 1454 et
1194 1395 1225 1453 in
1251 1394 1391 1454 omnibus

181 1501 322 1560 oonsiliis
343 1497 511 1580 prmoeps‚“
545 1502 600 1562 olr.
622 1502 711 1562 0vid.
743 1504 848 1562 Aioor.
874 1522 904 1563 11.
933 1504 981 1561 25.
1004 1518 1138 1577 preceps
1169 1500 1293 1559 oudumo
1320 1500 1390 1560 Val.

181 1607 262 1668 Max.
277 1628 296 1683 r,
312 1610 360 1668 67.
394 1609 461 1669 Tae.
477 1609 585 1671 Annal.
608 1629 669 1668 xvi.
692 1612 740 1670 21.
763 1612 881 1670 animus
896 1610 936 1669 ad
960 1609 1075 1685 flagitia
1090 1625 1239 1685 praeceps.
1274 1605 1388 1666 Hister.

180 1710 256 1788 nat.
267 1717 402 1776 innovas
415 1717 599 1794 cupiditates
610 1734 756 1795 praeceps.
772 1718 871 1787 Quare
881 1717 979 1776 altera
990 1716 1043 1774 illa
1051 1717 1252 1792 interpretum
1262 1713 1391 1773 eonieo-

180 1827 248 1881 tura
271 1827 445 1898 praeeipitem
463 1827 507 1882 ire
528 1824 607 1884 huno
622 1826 651 1884 in
668 1824 766 1884 looum
787 1828 872 1884 eerto
892 1824 1023 1899 quodam
1048 1822 1267 1899 elegantiarum
1288 1820 1390 1880 studio

180 1929 343 2004 induetum,
358 1931 439 2004 quod
454 1931 624 2008 integritati
636 1931 818 1990 Salustiame
835 1931 984 1990 orationis
998 1929 1123 1989 multum
1137 1928 1240 1988 olleeit
1274 1925 1390 1986 Eadem

181 2036 332 2094 estratio
355 2037 621 2111 insequentibus:
652 2038 688 2096 de
708 2037 803 2097 multia
823 2041 940 2110 cousin·
971 2037 1051 2112 quod
1074 2037 1154 2097 euim
1177 2035 1289 2112 sapius
1309 2033 1390 2110 apud

180 2139 359 2202 Ciceronem
379 2142 492 2203 ‹lieitur
512 2143 608 2202 omitia
631 2144 668 2203 lie
689 2162 717 2202 c.
742 2144 802 2204 lioo
828 2149 980 2220 tamquam
1006 2145 1125 2204 unicum
1147 2141 1271 2202 dioeodi
1291 2155 1390 2217 genus

180 2249 273 2306 etiam
299 2248 339 2307 all
362 2248 527 2310 Salustium
550 2251 778 2326 transtulerunt,
810 2252 862 2325 qui
881 2251 992 2326 saepius
1021 2266 1126 2309 omnes
1157 2248 1229 2308 illas
1260 2247 1389 2322 elegan-

179 2355 239 2415 tias
257 2355 401 2432 neglexit,
424 2361 456 2414 et
472 2357 573 2432 potius
590 2356 756 2416 insolentia
772 2357 903 2432 quadam
919 2357 1062 2417 diationis
1080 2356 1200 2415 laudem
1216 2353 1368 2429 quesivit.

260 2478 286 2521 o.
309 2465 359 2522 38.
386 2463 533 2522 meamea
555 2495 592 2504 -
615 2463 765 2539 torpendo
787 2463 857 2523 Bas.
880 2483 898 2522 ι.

260 2587 286 2628 o
308 2570 355 2628 39.
387 2569 480 2628 Plebis
505 2586 574 2644 opes
603 2573 757 2644 erminule,
787 2587 947 2645 puuoonim
965 2573 1093 2645 potentio
1121 2571 1217 2628 creuit.
1262 2568 1299 2625 m·
1324 2583 1388 2626 mu-

178 2679 324 2753 piatrotua,
335 2680 511 2753 prouinciae,
521 2677 740 2754 mtopmomnta
751 2683 862 2736 tenere:
876 2680 934 2752 ipsi
943 2679 1064 2750 innomi,
1080 2675 1224 2750 plorantes,
1239 2679 1302 2733 siue
1315 2677 1389 2732 metu

179 2789 393 2860 almogera,
415 2789 582 2860 ceterosque
601 2783 715 2843 iudiciis
735 2790 855 2856 terrere,
877 2801 933 2861 quo
950 2783 1060 2860 plebeus
1080 2785 1110 2841 iu
1131 2785 1301 2860 mopistrota
1318 2779 1388 2856 plo-

179 2891 270 2950 eidius
291 2897 455 2949 tractarent.
481 2890 539 2950 Sed
557 2891 605 2950 uti
622 2893 746 2966 mum
767 2891 967 2952 dubitaretur
987 2891 1112 2950 nouandi
1133 2908 1199 2966 spes
1220 2888 1316 2950 otiolo
1337 2893 1387 2962 est,

179 3005 257 3056 uetus
276 3003 420 3056 eertum
433 3001 544 3056 aniame
558 3014 657 3056 eorum
672 3002 795 3057 arrexit.
831 2997 932 3058 Locus
947 3016 1005 3059 uon
1017 3015 1077 3058 uuo
1095 2997 1216 3058 numine
1238 2994 1387 3055 difficilis.

178 3102 311 3164 Primum
327 3104 532 3181 iutegritatem
551 3103 696 3164 lectionis
712 3103 796 3180 quod
812 3105 929 3178 attinet,
957 3122 1013 3183 pue
1035 3108 1106 3164 ante
1123 3105 1234 3179 plebem
1255 3101 1386 3176 restitui,

179 3227 234 3286 pro
257 3227 317 3286 quo
341 3211 408 3287 ipse
431 3210 503 3270 olim
524 3212 601 3288 quod
621 3227 802 3288 posueram
834 3211 961 3288 aliique·
989 3213 1193 3286 oonieoerant,
1222 3210 1387 3284 itidemque

178 3325 354 3395 ceterosque,
385 3319 466 3393 quod
487 3318 557 3377 Bas.
578 3338 598 3378 1.
641 3318 777 3378 llinsietl.
806 3315 889 3377 Laid.
925 3319 994 3377 l'ur.
1017 3321 1154 3392 tuentur;
1189 3318 1218 3376 in
1240 3316 1337 3375 Paris.
1361 3333 1386 3374 a.

178 3441 234 3503 pue
255 3429 304 3484 est
325 3441 420 3502 super
439 3425 565 3500 lineam;
595 3425 651 3485 sed
672 3425 765 3503 paulo
786 3424 867 3484 inlra
890 3423 1013 3484 Gruteri
1034 3425 1241 3484 coniecturam
1262 3423 1388 3482 meandi

179 3533 286 3592 invitis
308 3532 448 3608 plurimis
470 3535 502 3591 et
523 3533 645 3610 optimis
672 3532 762 3592 libris
790 3532 911 3608 reoepi,
942 3531 982 3590 de
1012 3549 1071 3607 qua
1094 3547 1163 3590 mox
1184 3531 1282 3607 plura.
1324 3528 1386 3588 Setl

177 3639 286 3699 horum
306 3640 470 3698 verborum
494 3657 616 3699 sensum
637 3639 811 3699 aeeuratius
834 3637 1077 3697 examinantibus
1097 3637 1227 3714 primum
1249 3635 1386 3695 admira-

178 3745 292 3805 tionem
322 3746 458 3804 movebit
487 3746 630 3805 iudicium
657 3745 793 3822 Salustii,
826 3746 877 3821 qui
907 3745 997 3804 brevi
1026 3745 1080 3803 illo
1109 3744 1258 3820 temporis
1283 3741 1385 3818 spatio

177 3851 249 3911 inde
277 3852 317 3910 ab
346 3869 424 3912 anuo
446 3871 528 3912 nxvn
556 3869 584 3912 a.
606 3851 677 3912 Chr.
708 3869 805 3928 usque
833 3853 872 3911 ad
895 3869 1026 3911 a.ux1n.
1048 3855 1161 3910 tantam
1189 3867 1290 3909 rerum
1317 3866 1385 3908 mu·

177 3961 325 4019 tationem
360 3960 471 4019 laetam
507 3977 578 4019 esse
607 3963 731 4034 statuat,
767 3965 799 4019 et
833 3965 962 4036 propter
994 3957 1185 4034 optimatium
1220 3956 1385 4015 iaetionem

177 4066 307 4126 studium
339 4067 558 4126 coniurationis
592 4083 681 4141 quam
711 4066 842 4125 maxime
873 4082 1035 4124 accensum
1063 4080 1135 4122 osse
1165 4063 1256 4122 (liunt.
1285 4059 1384 4119 Dixe-

176 4173 217 4232 rit
249 4173 360 4248 aliquis
397 4175 528 4234 animum
555 4175 717 4251 seripturis
748 4191 765 4232 a
791 4174 921 4250 partium
953 4172 1056 4231 studio
1094 4186 1152 4228 non
1187 4169 1308 4227 omnino
1340 4167 1384 4226 li-

176 4280 283 4339 berum
305 4280 410 4340 fuisse.
446 4280 597 4356 Loquitur
617 4281 740 4356 quidem
762 4281 854 4339 etiam
875 4279 1040 4338 Suetonius
1056 4277 1091 4335 V.
1106 4277 1175 4336 lolii
1197 4275 1272 4334 Caes.
1296 4291 1320 4333 e.
1336 4275 1384 4334 16.

177 4387 215 4445 de
238 4387 467 4463 conspiratione
489 4387 689 4464 optimatium,
712 4391 761 4447 oui
784 4388 887 4447 Caesar
908 4388 1022 4446 eadere
1044 4391 1169 4444 coaetus
1191 4381 1293 4451 luerit,
1317 4397 1383 4455 quae

175 4497 283 4570 postea
313 4497 345 4554 et
371 4493 524 4554 Cesaram
556 4499 587 4554 et
615 4494 773 4554 Metellum
794 4493 945 4572 Nepotem
967 4491 1231 4553 administratione
1252 4489 1299 4548 rei
1324 4505 1383 4564 pu·

174 4600 265 4660 liliosa
287 4603 450 4662 submovit.
488 4601 552 4660 Sed
571 4603 601 4660 id
625 4601 743 4661 demum
765 4600 915 4661 Cicerone
937 4607 968 4660 et
999 4601 1132 4661 Antonio
1154 4597 1240 4658 Coss.
1270 4596 1382 4657 laetum

176 4711 232 4776 ost,
254 4709 296 4767 ita
320 4713 353 4768 ot
375 4707 415 4767 ad
436 4709 496 4768 hoo
519 4708 662 4768 iudicium
685 4709 860 4768 llrmandum
885 4707 988 4768 faeere
1011 4709 1087 4767 nihil
1111 4707 1219 4783 possit.
