3610 5592
1342 647 1389 717 39

184 843 229 914 bf.
256 843 338 914 Cato
366 852 399 912 et
425 844 464 914 G.
490 843 622 923 Casan
655 865 737 936 quos
770 844 929 938 proraiam
963 868 1016 916 res
1041 846 1221 928 obtulerat,
1258 847 1388 918 silentio

183 967 354 1058 praeterire
386 989 453 1036 non
471 967 532 1038 fuit
544 967 733 1050 consilium,
759 967 841 1061 quin
862 968 1034 1062 utriusque
1051 982 1203 1042 naturum
1217 983 1249 1042 et
1264 993 1385 1057 mores,

182 1101 346 1184 qnantum
370 1090 507 1182 ingenio
532 1113 681 1184 possanm
708 1092 883 1188 aperirem.

257 1236 326 1284 err.
377 1215 482 1307 Igitur
515 1215 565 1285 bis
599 1238 719 1307 genus,
754 1227 849 1302 tems,
887 1219 1075 1312 eloquentia
1109 1241 1212 1314 prope
1246 1220 1387 1312 aequalia

182 1338 294 1418 fuerat
321 1339 514 1430 magnitudo
539 1339 640 1410 animi
658 1363 735 1434 par,
762 1343 842 1412 item
872 1341 996 1433 gloria,
1022 1342 1080 1414 sed
1109 1343 1175 1414 alia
1203 1344 1273 1415 alii.
1311 1345 1386 1417 Cae-

181 1485 236 1534 sar
266 1462 438 1535 beneficiis
462 1487 501 1534 ac
525 1465 753 1537 munificentia
788 1487 929 1558 magnus
964 1467 1161 1552 habebatur,
1200 1469 1385 1560 integritate

181 1586 256 1658 vitae
291 1587 384 1657 Cato.
434 1587 496 1658 llle
527 1587 779 1660 mansuetudine
805 1599 836 1658 et
868 1589 1095 1661 misericordia
1127 1591 1235 1662 clarus
1268 1593 1383 1676 factus,

182 1711 260 1782 buic
285 1710 440 1782 severine
465 1710 657 1802 dignitatem
670 1712 851 1784 addiderat.
889 1716 1001 1785 Caesar
1016 1715 1145 1797 dando,
1171 1715 1383 1798 sublevando,

181 1833 400 1928 ignoscendo,
428 1835 508 1906 Cato
525 1835 610 1906 nibil
626 1835 803 1926 largiundo
820 1838 962 1931 gloriam
974 1840 1110 1933 adeptus
1131 1849 1190 1912 est.
1228 1841 1266 1911 ln
1280 1841 1383 1912 altero

181 1959 315 2030 macris
332 1959 522 2052 perfugium
541 1970 622 2042 erat,
639 1960 674 2030 in
691 1961 794 2032 altero
806 1963 902 2032 mulis
921 1964 1099 2056 pernicies;
1126 1965 1216 2036 illius
1231 1964 1382 2048 facilitas,

179 2084 278 2154 buius
304 2083 486 2154 constantia
511 2083 715 2154 laudabatur.
766 2086 935 2156 Postremo
961 2087 1072 2158 Caesur
1096 2087 1130 2157 in
1155 2088 1304 2158 animum
1328 2089 1383 2158 in-

178 2207 320 2278 duxerat
331 2207 500 2290 laborare,
526 2208 683 2300 vigilare,
708 2209 850 2301 negotiis
866 2210 1049 2280 amicorum
1066 2211 1208 2282 intentus
1225 2233 1286 2282 sua
1298 2233 1383 2304 neg·

178 2333 310 2425 legere,
337 2330 422 2401 nibil
434 2329 622 2423 denegare,
647 2332 738 2423 quod
755 2333 843 2403 dono
859 2333 999 2427 dignum
1013 2343 1116 2416 esset;
1142 2335 1205 2405 sibi
1221 2356 1381 2427 magnum

178 2457 374 2550 imperinm,
408 2455 609 2538 exercitum,
643 2455 770 2526 bellum
802 2479 925 2528 novum
959 2458 1149 2552 exoptabat,
1188 2459 1246 2529 ubi
1279 2459 1382 2528 virtus

177 2580 363 2652 enitescere
388 2591 507 2672 posset.
557 2581 602 2650 At
627 2581 744 2652 Catoni
769 2581 913 2653 studium
938 2582 1125 2666 modestiae,
1152 2583 1297 2666 decoris,
1323 2583 1381 2654 sed

110 2751 113 2758 ,
177 2727 335 2776 maxume
360 2704 541 2776 severitatis
566 2715 646 2775 erat.
689 2707 764 2776 Non
790 2705 909 2776 divitiis
934 2727 1010 2776 cum
1034 2706 1153 2789 divite,
1178 2729 1286 2800 neque
1310 2708 1381 2778 fac-

177 2829 268 2900 tione
302 2849 379 2900 cum
411 2827 566 2908 factioso,
601 2827 659 2898 sed
694 2851 770 2899 curn
803 2837 937 2900 strenuo
966 2831 1102 2914 virtute,
1133 2853 1209 2901 cum
1234 2830 1380 2902 modesto

177 2954 324 3045 pudore,
350 2975 427 3023 carn
444 2952 621 3024 innocente
639 2952 834 3024 abstinentia
861 2953 1021 3036 certabat;
1048 2977 1245 3048 essequam
1276 2955 1380 3028 videri

177 3077 283 3148 huus
316 3077 481 3158 malebat3
515 3077 577 3160 ita,
612 3101 679 3171 quo
710 3079 819 3149 minus
850 3078 982 3171 petebat
1016 3078 1174 3170 gloriam,
1208 3102 1248 3149 co
1272 3079 1380 3171 magis

180 3201 274 3274 illam
299 3201 547 3294 assequebatur.
1301 3207 1303 3215 '

250 3348 307 3395 ev.
358 3327 552 3418 Postquam,
586 3335 623 3396 ut
653 3325 740 3408 dixi,
779 3336 911 3396 cenatus
946 3327 980 3395 in
1013 3326 1146 3397 Catonis
1178 3329 1377 3400 sententiam

178 3449 342 3532 discessit,
376 3449 491 3520 consul
515 3459 687 3543 optumum
711 3451 799 3520 factu
823 3458 913 3520 ratus
945 3461 1093 3534 noctem,
1125 3473 1199 3546 quae
1223 3454 1376 3536 instabat,

179 3585 391 3666 mtecapere,
415 3595 459 3644 ne
483 3573 566 3667 quid
592 3595 632 3644 eo
648 3574 754 3667 spatio
766 3584 959 3658 novaretur,
987 3574 1174 3646 triumviros
1199 3599 1273 3670 quae
1298 3601 1378 3672 sup-

179 3697 315 3791 plicium
339 3696 527 3790 postulabat
551 3719 669 3790 parare
695 3698 805 3779 iubeta
832 3699 902 3792 ipse
918 3697 1083 3791 presidiis
1109 3701 1272 3796 dispositis
1289 3705 1380 3774 Len·

176 3823 282 3894 tulum
308 3822 343 3891 in
356 3843 525 3892 carcerem
543 3821 690 3903 deducit3
716 3822 805 3892 idem
832 3822 868 3893 lit
885 3825 1001 3895 ceteris
1025 3848 1086 3919 per
1110 3835 1279 3919 pretores.
1320 3829 1380 3898 Est

178 3945 375 4016 incarcere
400 3947 509 4028 locus,
543 3945 632 4038 quod
658 3947 850 4018 Tullianum
883 3950 1081 4042 appellatur,
1117 3951 1175 4021 ubi
1205 3952 1379 4043 paululum

176 4070 382 4152 ascenderis,
406 4069 450 4140 ad
474 4069 607 4151 laevam,
641 4071 773 4141 circiter
796 4071 972 4144 duodecim
995 4075 1096 4168 pedes
1125 4075 1218 4146 burni
1243 4075 1379 4169 depres-

177 4215 242 4270 ωε.
292 4196 383 4264 Eum
407 4194 561 4264 muniunt
592 4191 741 4286 undique
772 4196 915 4288 parietes
949 4207 1048 4290 atque
1080 4199 1230 4292 insuper,
1245 4222 1378 4270 camera

177 4317 316 4410 lapideis
350 4317 530 4388 fornicibus
554 4319 680 4402 innota,
712 4319 769 4390 sed
795 4319 934 4403 inculta,
968 4321 1129 4405 tenebris,
1161 4322 1265 4394 odore
1290 4322 1379 4393 fanda

177 4449 275 4534 atque
289 4441 447 4512 terribilis
464 4441 536 4512 eius
552 4443 654 4513 facies
678 4454 736 4512 est.
775 4447 813 4514 ln
835 4467 912 4516 eum
931 4445 1041 4516 locum
1060 4457 1232 4540 postquam
1253 4447 1378 4518 demis-

177 4585 231 4634 cns
256 4573 306 4636 cst
329 4565 509 4649 Lentulus,
541 4565 688 4636 vindices
713 4591 826 4638 rerum
852 4570 1058 4663 capitalium,
1084 4571 1204 4664 quibus
1227 4593 1378 4665 precep-

177 4697 246 4760 tum
271 4699 360 4772 erat,
387 4689 508 4782 laqueo
533 4691 647 4780 gulam
672 4692 812 4784 fregere.
855 4695 903 4765 lta
928 4695 986 4765 ille
1012 4695 1183 4787 patricius,
1211 4718 1253 4766 er
1278 4706 1376 4786 gente
