3610 5592
486 656 533 726 26

485 853 616 944 Sangae,
634 853 726 922 cuius
743 854 924 945 patrocinio
941 853 1055 924 civitas
1071 854 1253 946 plurimum
1269 847 1434 936 utebatur,
1452 877 1524 926 rem
1540 879 1673 939 ornnem,

485 976 533 1046 uti
558 990 798 1067 cognoverant,
824 978 986 1070 aperiunt.
1030 978 1166 1061 Cicero,
1192 1000 1253 1071 per
1279 979 1424 1069 Sangam
1441 979 1579 1049 consilio
1602 1003 1675 1070 cog-

484 1099 569 1181 nito,
608 1099 725 1192 legatis
758 1101 929 1194 precepit,
963 1111 1000 1172 ut
1031 1101 1176 1172 sudium
1207 1100 1442 1172 coniurationis
1473 1101 1677 1172 vehementer

483 1225 653 1310 simulent,
681 1236 806 1298 ceteros
830 1225 967 1311 adeant,
993 1226 1079 1298 bene
1106 1227 1342 1320 polliceantur,
1369 1227 1512 1322 dentque
1537 1249 1677 1318 operam,

483 1349 532 1420 uti
556 1371 613 1420 eos
637 1371 738 1444 quarn
762 1373 917 1421 maxume
943 1351 1131 1422 manifestos
1155 1350 1310 1422 babeant.

557 1493 640 1542 xnn.
689 1473 797 1543 ladem
834 1475 904 1544 lere
942 1474 1143 1568 temporibus
1181 1473 1216 1544 in
1255 1473 1363 1545 Gallia
1400 1473 1551 1546 citeriora
1587 1484 1680 1567 atque

483 1597 656 1680 ulteriore,
683 1598 761 1668 item
786 1598 821 1668 in
846 1619 928 1688 agro
952 1598 1089 1680 Piceno,
1121 1597 1265 1680 Bruttio,
1299 1597 1421 1690 Apulia
1457 1607 1565 1668 motus
1602 1609 1679 1670 erat

482 1723 634 1816 Namque
672 1723 738 1806 illi,
776 1745 859 1817 quos
896 1735 970 1794 ante
1010 1723 1152 1794 Catilina
1197 1723 1384 1804 dimiserat,
1422 1723 1607 1794 inconsulte
1643 1746 1682 1794 ec

483 1848 583 1919 veluti
608 1871 668 1941 per
700 1849 898 1919 dementiam
931 1859 1049 1920 cuncta
1080 1849 1180 1920 simul
1205 1849 1370 1940 agebant3
1406 1848 1576 1919 nocturnis
1605 1870 1682 1917 con·

483 1973 585 2064 siliis,
609 1995 778 2045 armorum
803 1985 902 2068 atque
928 1977 1069 2046 telorum
1093 1974 1350 2068 portationibus,
1384 1972 1587 2055 lestinmdo,
1611 1972 1683 2062 agi·

483 2097 582 2169 tando
616 2099 729 2169 omnia
771 2100 846 2193 plus
878 2099 1006 2171 timoris
1039 2121 1140 2193 quam
1164 2100 1307 2194 periculi
1332 2100 1518 2172 effecerant.
1568 2101 1621 2170 Ex
1645 2123 1684 2168 eo

483 2244 623 2292 numero
654 2223 840 2317 complures
866 2221 909 2306 Q.
934 2224 1087 2294 Metellus
1113 2223 1212 2294 Celer
1236 2233 1358 2316 praetor
1383 2245 1426 2293 ex
1449 2233 1580 2294 senatus
1605 2245 1685 2294 con-

483 2346 568 2416 sulto
606 2369 705 2420 eausa
730 2351 862 2442 cognita
892 2351 926 2420 in
964 2349 1098 2420 vincula
1125 2349 1330 2430 coniecerat,
1363 2351 1442 2420 item
1467 2350 1502 2420 in
1534 2349 1685 2420 citeriore

483 2469 593 2541 Callia
617 2472 657 2543 G.
682 2475 840 2556 Murena,
866 2474 925 2567 qui
949 2474 981 2543 ei
1004 2473 1183 2567 provincie
1208 2473 1337 2565 legatus
1360 2484 1513 2568 preerat.

556 2615 650 2665 xum.
700 2597 744 2666 At
781 2597 894 2666 llomae
929 2597 1089 2668 Lentulus
1126 2619 1202 2667 cum
1244 2597 1382 2680 ceteris,
1424 2597 1482 2691 qui
1521 2598 1687 2692 principes

483 2719 718 2791 coniurationis
735 2733 847 2805 eraut,
874 2723 1013 2817 paratis,
1038 2733 1075 2793 ut
1099 2721 1289 2804 videbatur,
1315 2723 1445 2816 magnis
1464 2723 1579 2817 copiis,
1605 2747 1688 2794 con·

485 2843 651 2927 stitueret,
681 2844 748 2927 uti,
776 2867 852 2916 eum
869 2845 1013 2916 Catilina
1029 2845 1064 2916 in
1081 2867 1200 2937 agrum
1216 2846 1428 2916 Faesulanum
1445 2869 1523 2918 cum
1539 2849 1689 2920 exercitu

482 2966 640 3048 venisset,
667 2968 706 3037 L.
721 2968 830 3038 Bestia
858 2968 1008 3040 tribunus
1036 2969 1144 3063 plebis
1178 2971 1329 3040 contione
1346 2968 1460 3039 habita
1491 2983 1691 3062 quereretur

483 3090 524 3162 de
549 3093 733 3164 actionibus
758 3093 943 3177 Ciceronis,
973 3094 1120 3189 bellique
1145 3095 1342 3188 gravissumi
1368 3095 1525 3165 insidiam
1552 3107 1692 3189 optumo

483 3218 610 3287 oonsuli
637 3217 828 3311 inponeret;
864 3241 904 3288 eo
929 3220 1044 3311 signo,
1068 3241 1233 3313 proxuma
1256 3229 1354 3290 nocte
1379 3229 1489 3291 cetera
1513 3220 1692 3291 multitudo

483 3340 719 3413 coniurationis
758 3363 854 3412 suum
888 3342 1028 3435 quisque
1061 3343 1232 3434 negotium
1274 3353 1506 3436 exequeretur.
1557 3343 1693 3414 Sedes

482 3464 587 3534 divisa
627 3464 691 3536 boc
728 3465 825 3536 modo
859 3465 1071 3536 dicebantur:
1109 3465 1277 3548 Statilius,
1316 3465 1477 3538 Gabinius
1514 3468 1563 3538 uti
1611 3490 1693 3538 eum

482 3609 605 3681 magua
629 3610 731 3659 manu
763 3588 939 3660 duodecim
970 3590 1070 3660 simul
1104 3601 1267 3684 oportuna
1297 3589 1371 3660 loce
1395 3589 1487 3660 urbis
1528 3590 1695 3663 incende-

481 3726 573 3797 rent,
609 3736 676 3809 quo
708 3715 850 3786 tumultu
887 3715 1016 3786 facilior
1048 3715 1155 3786 editus
1193 3714 1235 3785 ad
1267 3716 1436 3786 consulem
1483 3727 1694 3810 ceterosque,

482 3838 601 3930 quibus
626 3839 754 3910 insidiae
779 3839 994 3933 parabantur,
1021 3839 1134 3920 lieret,
1166 3839 1333 3932 Cethegus
1358 3841 1528 3912 Ciceronis
1552 3843 1694 3912 ianuam

481 3961 647 4032 obsideret
683 3983 826 4054 eumque
859 3963 893 4032 vi
924 3963 1181 4055 aggrederetur,
1215 3963 1299 4034 alius
1333 3973 1445 4035 autem
1478 3964 1597 4047 alinm;
1631 3965 1696 4034 sed

481 4088 542 4158 lilii
566 4089 779 4171 familiarum,
804 4111 946 4182 quorum
972 4111 1015 4160 ex
1031 4089 1204 4160 nobilitate
1228 4113 1386 4161 maxuma
1410 4112 1486 4184 pars
1512 4098 1599 4172 erat,
1627 4111 1698 4182 pa-

481 4223 591 4283 rentes
617 4213 858 4295 interficerent3
884 4214 982 4286 simul
999 4213 1089 4284 cede
1116 4223 1149 4284 et
1165 4214 1321 4285 incendio
1344 4214 1506 4307 perculsis
1530 4213 1698 4284 omnibus

481 4338 523 4408 ad
556 4338 731 4410 Catilinam
767 4348 991 4431 erumperent.
1042 4341 1131 4408 lnter
1163 4338 1236 4408 baec
1272 4349 1385 4432 perata
1418 4348 1516 4431 etque
1555 4338 1700 4408 decreta

481 4462 647 4555 Cethegus
672 4485 804 4555 semper
817 4448 1029 4556 'querebatur
1052 4463 1096 4533 de
1121 4463 1254 4556 ignavia
1278 4464 1460 4535 sociorum:
1487 4463 1562 4533 illos
1588 4461 1700 4532 dubi-

480 4586 581 4657 tando
620 4597 653 4656 et
688 4585 757 4656 dies
786 4585 980 4678 prolatando
1013 4608 1151 4679 magnas
1188 4587 1424 4680 oportunitates
1454 4607 1699 4679 corrumpere;

481 4709 566 4779 lacto
610 4732 677 4780 non
720 4710 866 4782 consulto
908 4710 942 4779 in
982 4709 1041 4779 tali
1074 4709 1222 4801 periculo
1252 4732 1334 4803 opus
1369 4732 1453 4792 esee,
1493 4733 1613 4804 seque,
1669 4710 1700 4778 si
