<?xml version="1.0" encoding="UTF-8"?>
<!DOCTYPE html PUBLIC "-//W3C//DTD XHTML 1.0 Transitional//EN"
    "http://www.w3.org/TR/xhtml1/DTD/xhtml1-transitional.dtd">
<html xmlns="http://www.w3.org/1999/xhtml" xml:lang="en" lang="en">
 <head>
  <title>
</title>
<meta http-equiv="Content-Type" content="text/html;charset=utf-8" />
  <meta name='ocr-system' content='tesseract 3.04.00' />
  <meta name='ocr-capabilities' content='ocr_page ocr_carea ocr_par ocr_line ocrx_word'/>
</head>
<body>
  <div class='ocr_page' id='page_1' title='image "./gaisalustiicris00rothgoog_0456.png"; bbox 0 0 3576 5602; ppageno 0'>
   <div class='ocr_carea' id='block_1_1' title="bbox 1303 651 1375 722">
    <p class='ocr_par' dir='ltr' id='par_1_1' title="bbox 1303 651 1375 722">
     <span class='ocr_line' id='line_1_1' title="bbox 1303 651 1375 722; baseline 0 -1"><span class='ocrx_word' id='word_1_1' title='bbox 1303 651 1375 722; x_wconf 73' lang='grc'><strong>119</strong></span> 
     </span>
    </p>
   </div>
   <div class='ocr_carea' id='block_1_2' title="bbox 170 850 1378 2817">
    <p class='ocr_par' dir='ltr' id='par_1_2' title="bbox 170 850 1378 2817">
     <span class='ocr_line' id='line_1_2' title="bbox 170 850 1377 949; baseline 0.001 -25"><span class='ocrx_word' id='word_1_2' title='bbox 170 852 287 924; x_wconf 82' lang='lat' dir='ltr'><strong>taverit</strong></span> <span class='ocrx_word' id='word_1_3' title='bbox 311 854 420 922; x_wconf 89' lang='lat' dir='ltr'><strong>Numa</strong></span> <span class='ocrx_word' id='word_1_4' title='bbox 445 851 627 944; x_wconf 80' lang='lat' dir='ltr'><strong>Pompilius</strong></span> <span class='ocrx_word' id='word_1_5' title='bbox 644 850 732 921; x_wconf 94' lang='lat' dir='ltr'><strong>unde</strong></span> <span class='ocrx_word' id='word_1_6' title='bbox 751 850 1004 944; x_wconf 83' lang='lat' dir='ltr'><strong>hydromantiau</strong></span> <span class='ocrx_word' id='word_1_7' title='bbox 1026 853 1158 932; x_wconf 86' lang='lat' dir='ltr'><strong>iaceret,</strong></span> <span class='ocrx_word' id='word_1_8' title='bbox 1186 851 1261 921; x_wconf 93' lang='lat' dir='ltr'><strong>ideo</strong></span> <span class='ocrx_word' id='word_1_9' title='bbox 1278 877 1377 949; x_wconf 82' lang='lat' dir='ltr'><strong>nym-</strong></span> 
     </span>
     <span class='ocr_line' id='line_1_3' title="bbox 171 974 1376 1072; baseline 0.002 -25"><span class='ocrx_word' id='word_1_10' title='bbox 171 977 273 1072; x_wconf 90' lang='lat' dir='ltr'><strong>pham</strong></span> <span class='ocrx_word' id='word_1_11' title='bbox 298 975 457 1066; x_wconf 79' lang='lat' dir='ltr'>Egeriam</span> <span class='ocrx_word' id='word_1_12' title='bbox 483 975 659 1067; x_wconf 89' lang='lat' dir='ltr'><strong>coniugem</strong></span> <span class='ocrx_word' id='word_1_13' title='bbox 690 975 811 1046; x_wconf 91' lang='lat' dir='ltr'><strong>dicitur</strong></span> <span class='ocrx_word' id='word_1_14' title='bbox 835 974 1002 1057; x_wconf 90' lang='lat' dir='ltr'><strong>habuisse,</strong></span> <span class='ocrx_word' id='word_1_15' title='bbox 1037 975 1315 1069; x_wconf 65' lang='lat' dir='ltr'><strong>quemadmodum</strong></span> <span class='ocrx_word' id='word_1_16' title='bbox 1342 980 1376 1050; x_wconf 93' lang='lat' dir='ltr'><strong>in</strong></span> 
     </span>
     <span class='ocr_line' id='line_1_4' title="bbox 171 1101 1377 1197; baseline 0.002 -25"><span class='ocrx_word' id='word_1_17' title='bbox 171 1125 272 1194; x_wconf 89' lang='lat' dir='ltr'><strong>supra</strong></span> <span class='ocrx_word' id='word_1_18' title='bbox 297 1101 383 1172; x_wconf 87' lang='lat' dir='ltr'><strong>dicto</strong></span> <span class='ocrx_word' id='word_1_19' title='bbox 408 1101 495 1171; x_wconf 92' lang='lat' dir='ltr'><strong>libro</strong></span> <span class='ocrx_word' id='word_1_20' title='bbox 521 1102 680 1172; x_wconf 79' lang='lat' dir='ltr'>Varronis</span> <span class='ocrx_word' id='word_1_21' title='bbox 712 1101 889 1194; x_wconf 81' lang='lat' dir='ltr'><strong>exponitur</strong></span> <span class='ocrx_word' id='word_1_22' title='bbox 913 1153 921 1170; x_wconf 91' lang='lat'><strong>.</strong></span> <span class='ocrx_word' id='word_1_23' title='bbox 943 1154 951 1170; x_wconf 92' lang='lat'><strong>.</strong></span> <span class='ocrx_word' id='word_1_24' title='bbox 974 1104 1011 1172; x_wconf 92' lang='lat' dir='ltr'><strong>lu</strong></span> <span class='ocrx_word' id='word_1_25' title='bbox 1039 1103 1095 1171; x_wconf 91' lang='lat' dir='ltr'><strong>illa</strong></span> <span class='ocrx_word' id='word_1_26' title='bbox 1128 1101 1228 1193; x_wconf 89' lang='lat' dir='ltr'><strong>igitur</strong></span> <span class='ocrx_word' id='word_1_27' title='bbox 1253 1102 1377 1197; x_wconf 81' lang='lat' dir='ltr'><strong>hydro·</strong></span> 
     </span>
     <span class='ocr_line' id='line_1_5' title="bbox 172 1223 1377 1318; baseline 0.002 -24"><span class='ocrx_word' id='word_1_28' title='bbox 172 1227 296 1296; x_wconf 83' lang='lat' dir='ltr'><strong>mantia</strong></span> <span class='ocrx_word' id='word_1_29' title='bbox 320 1223 562 1294; x_wconf 89' lang='lat' dir='ltr'><strong>curiosissimus</strong></span> <span class='ocrx_word' id='word_1_30' title='bbox 587 1223 644 1294; x_wconf 91' lang='lat' dir='ltr'><strong>ille</strong></span> <span class='ocrx_word' id='word_1_31' title='bbox 670 1247 731 1294; x_wconf 83' lang='lat' dir='ltr'><strong>rex</strong></span> <span class='ocrx_word' id='word_1_32' title='bbox 757 1226 928 1294; x_wconf 86' lang='lat' dir='ltr'><strong>Romanus</strong></span> <span class='ocrx_word' id='word_1_33' title='bbox 953 1235 985 1293; x_wconf 91' lang='lat' dir='ltr'><strong>et</strong></span> <span class='ocrx_word' id='word_1_34' title='bbox 1014 1247 1107 1294; x_wconf 88' lang='lat' dir='ltr'><strong>sacra</strong></span> <span class='ocrx_word' id='word_1_35' title='bbox 1132 1225 1257 1307; x_wconf 76' lang='lat' dir='ltr'><strong>didicit,</strong></span> <span class='ocrx_word' id='word_1_36' title='bbox 1291 1248 1377 1318; x_wconf 87' lang='lat' dir='ltr'><strong>quae</strong></span> 
     </span>
     <span class='ocr_line' id='line_1_6' title="bbox 172 1348 1378 1446; baseline 0.002 -26"><span class='ocrx_word' id='word_1_37' title='bbox 172 1351 205 1420; x_wconf 94' lang='lat' dir='ltr'><strong>in</strong></span> <span class='ocrx_word' id='word_1_38' title='bbox 232 1350 325 1420; x_wconf 91' lang='lat' dir='ltr'><strong>libris</strong></span> <span class='ocrx_word' id='word_1_39' title='bbox 351 1349 417 1419; x_wconf 89' lang='lat' dir='ltr'><strong>suis</strong></span> <span class='ocrx_word' id='word_1_40' title='bbox 443 1348 615 1441; x_wconf 84' lang='lat' dir='ltr'><strong>pontifices</strong></span> <span class='ocrx_word' id='word_1_41' title='bbox 637 1349 810 1431; x_wconf 90' lang='lat' dir='ltr'><strong>haberent,</strong></span> <span class='ocrx_word' id='word_1_42' title='bbox 837 1360 869 1419; x_wconf 93' lang='lat' dir='ltr'><strong>et</strong></span> <span class='ocrx_word' id='word_1_43' title='bbox 886 1373 1002 1420; x_wconf 90' lang='lat' dir='ltr'><strong>eorum</strong></span> <span class='ocrx_word' id='word_1_44' title='bbox 1025 1373 1151 1431; x_wconf 88' lang='lat' dir='ltr'><strong>causas,</strong></span> <span class='ocrx_word' id='word_1_45' title='bbox 1178 1373 1261 1446; x_wconf 87' lang='lat' dir='ltr'><strong>quas</strong></span> <span class='ocrx_word' id='word_1_46' title='bbox 1278 1374 1378 1445; x_wconf 91' lang='lat' dir='ltr'><strong>prae-</strong></span> 
     </span>
     <span class='ocr_line' id='line_1_7' title="bbox 171 1475 1376 1567; baseline 0.004 -24"><span class='ocrx_word' id='word_1_47' title='bbox 171 1485 221 1544; x_wconf 92' lang='lat' dir='ltr'><strong>ter</strong></span> <span class='ocrx_word' id='word_1_48' title='bbox 255 1497 291 1543; x_wconf 92' lang='lat' dir='ltr'><strong>se</strong></span> <span class='ocrx_word' id='word_1_49' title='bbox 316 1475 482 1546; x_wconf 91' lang='lat' dir='ltr'><strong>neminem</strong></span> <span class='ocrx_word' id='word_1_50' title='bbox 511 1475 597 1546; x_wconf 89' lang='lat' dir='ltr'><strong>scire</strong></span> <span class='ocrx_word' id='word_1_51' title='bbox 625 1475 738 1546; x_wconf 89' lang='lat' dir='ltr'><strong>voluit.</strong></span> <span class='ocrx_word' id='word_1_52' title='bbox 788 1477 986 1567; x_wconf 71' lang='lat' dir='ltr'><strong>Augustinus</strong></span> <span class='ocrx_word' id='word_1_53' title='bbox 1016 1478 1054 1546; x_wconf 89' lang='lat' dir='ltr'><strong>de</strong></span> <span class='ocrx_word' id='word_1_54' title='bbox 1082 1479 1143 1547; x_wconf 86' lang='lat' dir='ltr'><strong>cic.</strong></span> <span class='ocrx_word' id='word_1_55' title='bbox 1177 1480 1228 1548; x_wconf 85' lang='lat' dir='ltr'><strong>dei</strong></span> <span class='ocrx_word' id='word_1_56' title='bbox 1255 1477 1289 1560; x_wconf 81' lang='grc'><strong>7,</strong></span> <span class='ocrx_word' id='word_1_57' title='bbox 1317 1476 1376 1550; x_wconf 84' lang='grc'><strong>35.</strong></span> 
     </span>
     <span class='ocr_line' id='line_1_8' title="bbox 172 1597 1378 1693; baseline 0.005 -25"><span class='ocrx_word' id='word_1_58' title='bbox 172 1597 231 1668; x_wconf 88' lang='lat'><strong>35.</strong></span> <span class='ocrx_word' id='word_1_59' title='bbox 259 1599 387 1692; x_wconf 90' lang='lat' dir='ltr'><strong>Oppius</strong></span> <span class='ocrx_word' id='word_1_60' title='bbox 406 1597 535 1688; x_wconf 89' lang='lat' dir='ltr'><strong>[muns]</strong></span> <span class='ocrx_word' id='word_1_61' title='bbox 555 1601 739 1693; x_wconf 89' lang='lat' dir='ltr'><strong>appellatus</strong></span> <span class='ocrx_word' id='word_1_62' title='bbox 765 1609 825 1681; x_wconf 89' lang='lat' dir='ltr'><strong>est,</strong></span> <span class='ocrx_word' id='word_1_63' title='bbox 852 1611 888 1670; x_wconf 92' lang='lat' dir='ltr'><strong>ut</strong></span> <span class='ocrx_word' id='word_1_64' title='bbox 913 1601 958 1670; x_wconf 93' lang='lat' dir='ltr'><strong>ait</strong></span> <span class='ocrx_word' id='word_1_65' title='bbox 974 1604 1081 1672; x_wconf 91' lang='lat' dir='ltr'><strong>Varro</strong></span> <span class='ocrx_word' id='word_1_66' title='bbox 1107 1603 1230 1672; x_wconf 84' lang='lat' dir='ltr'><strong>lleruru</strong></span> <span class='ocrx_word' id='word_1_67' title='bbox 1258 1602 1378 1674; x_wconf 88' lang='lat' dir='ltr'><strong>huma·</strong></span> 
     </span>
     <span class='ocr_line' id='line_1_9' title="bbox 171 1724 1378 1819; baseline 0.004 -27"><span class='ocrx_word' id='word_1_68' title='bbox 171 1745 290 1792; x_wconf 88' lang='lat' dir='ltr'><strong>narum</strong></span> <span class='ocrx_word' id='word_1_69' title='bbox 317 1724 403 1794; x_wconf 94' lang='lat' dir='ltr'><strong>libro</strong></span> <span class='ocrx_word' id='word_1_70' title='bbox 421 1726 507 1806; x_wconf 89' lang='lat' dir='ltr'><strong>Vlll,</strong></span> <span class='ocrx_word' id='word_1_71' title='bbox 534 1725 575 1795; x_wconf 93' lang='lat' dir='ltr'><strong>ab</strong></span> <span class='ocrx_word' id='word_1_72' title='bbox 601 1724 717 1816; x_wconf 83' lang='lat' dir='ltr'><strong>Opitre</strong></span> <span class='ocrx_word' id='word_1_73' title='bbox 737 1724 847 1816; x_wconf 93' lang='lat' dir='ltr'><strong>Oppio</strong></span> <span class='ocrx_word' id='word_1_74' title='bbox 866 1724 1065 1806; x_wconf 85' lang='lat' dir='ltr'><strong>Tusculano,</strong></span> <span class='ocrx_word' id='word_1_75' title='bbox 1092 1726 1150 1816; x_wconf 89' lang='lat' dir='ltr'><strong>qui</strong></span> <span class='ocrx_word' id='word_1_76' title='bbox 1178 1749 1253 1796; x_wconf 92' lang='lat' dir='ltr'><strong>cum</strong></span> <span class='ocrx_word' id='word_1_77' title='bbox 1279 1750 1378 1819; x_wconf 89' lang='lat' dir='ltr'><strong>prae-</strong></span> 
     </span>
     <span class='ocr_line' id='line_1_10' title="bbox 170 1846 1378 1930; baseline 0.003 -14"><span class='ocrx_word' id='word_1_78' title='bbox 170 1846 254 1918; x_wconf 87' lang='lat' dir='ltr'><strong>sidio</strong></span> <span class='ocrx_word' id='word_1_79' title='bbox 284 1849 549 1920; x_wconf 86' lang='lat' dir='ltr'><strong>Tusculanorum</strong></span> <span class='ocrx_word' id='word_1_80' title='bbox 574 1849 693 1919; x_wconf 89' lang='lat' dir='ltr'><strong>missus</strong></span> <span class='ocrx_word' id='word_1_81' title='bbox 719 1849 759 1918; x_wconf 93' lang='lat' dir='ltr'><strong>ad</strong></span> <span class='ocrx_word' id='word_1_82' title='bbox 785 1850 927 1918; x_wconf 85' lang='lat' dir='ltr'><strong>Romam</strong></span> <span class='ocrx_word' id='word_1_83' title='bbox 953 1849 1122 1930; x_wconf 89' lang='lat' dir='ltr'><strong>tuendam,</strong></span> <span class='ocrx_word' id='word_1_84' title='bbox 1158 1850 1236 1920; x_wconf 94' lang='lat' dir='ltr'><strong>dum</strong></span> <span class='ocrx_word' id='word_1_85' title='bbox 1262 1852 1378 1923; x_wconf 86' lang='lat' dir='ltr'><strong>Tullus</strong></span> 
     </span>
     <span class='ocr_line' id='line_1_11' title="bbox 171 1971 1377 2065; baseline -0.002 -19"><span class='ocrx_word' id='word_1_86' title='bbox 171 1975 335 2046; x_wconf 83' lang='lat' dir='ltr'><strong>Hostilius</strong></span> <span class='ocrx_word' id='word_1_87' title='bbox 358 1973 459 2043; x_wconf 84' lang='lat' dir='ltr'><strong>Veios</strong></span> <span class='ocrx_word' id='word_1_88' title='bbox 484 1984 701 2065; x_wconf 81' lang='lat' dir='ltr'><strong>oppugnaret,</strong></span> <span class='ocrx_word' id='word_1_89' title='bbox 729 1972 922 2041; x_wconf 88' lang='lat' dir='ltr'><strong>consederat</strong></span> <span class='ocrx_word' id='word_1_90' title='bbox 944 1972 978 2040; x_wconf 92' lang='lat' dir='ltr'><strong>in</strong></span> <span class='ocrx_word' id='word_1_91' title='bbox 997 1971 1127 2042; x_wconf 88' lang='lat' dir='ltr'><strong>Carinis</strong></span> <span class='ocrx_word' id='word_1_92' title='bbox 1153 1984 1185 2042; x_wconf 92' lang='lat' dir='ltr'><strong>et</strong></span> <span class='ocrx_word' id='word_1_93' title='bbox 1206 1973 1251 2042; x_wconf 92' lang='lat' dir='ltr'><strong>ibi</strong></span> <span class='ocrx_word' id='word_1_94' title='bbox 1272 1985 1377 2044; x_wconf 88' lang='lat' dir='ltr'><strong>castra</strong></span> 
     </span>
     <span class='ocr_line' id='line_1_12' title="bbox 171 2094 1377 2191; baseline -0.003 -21"><span class='ocrx_word' id='word_1_95' title='bbox 171 2098 347 2170; x_wconf 87' lang='lat' dir='ltr'><strong>habuerat.</strong></span> <span class='ocrx_word' id='word_1_96' title='bbox 391 2097 551 2167; x_wconf 89' lang='lat' dir='ltr'><strong>Similiter</strong></span> <span class='ocrx_word' id='word_1_97' title='bbox 576 2096 725 2189; x_wconf 83' lang='lat' dir='ltr'><strong>Cispium</strong></span> <span class='ocrx_word' id='word_1_98' title='bbox 754 2118 774 2164; x_wconf 93' lang='lat' dir='ltr'><strong>a</strong></span> <span class='ocrx_word' id='word_1_99' title='bbox 803 2095 928 2166; x_wconf 89' lang='lat' dir='ltr'><strong>Laevio</strong></span> <span class='ocrx_word' id='word_1_100' title='bbox 953 2094 1065 2187; x_wconf 82' lang='lat' dir='ltr'><strong>Cispio</strong></span> <span class='ocrx_word' id='word_1_101' title='bbox 1091 2095 1287 2186; x_wconf 74' lang='lat' dir='ltr'><strong>Anagnino,</strong></span> <span class='ocrx_word' id='word_1_102' title='bbox 1319 2098 1377 2191; x_wconf 88' lang='lat' dir='ltr'><strong>qui</strong></span> 
     </span>
     <span class='ocr_line' id='line_1_13' title="bbox 170 2220 1377 2315; baseline 0.001 -22"><span class='ocrx_word' id='word_1_103' title='bbox 170 2224 320 2294; x_wconf 89' lang='lat' dir='ltr'><strong>eiusdem</strong></span> <span class='ocrx_word' id='word_1_104' title='bbox 352 2223 402 2293; x_wconf 93' lang='lat' dir='ltr'><strong>rei</strong></span> <span class='ocrx_word' id='word_1_105' title='bbox 435 2242 537 2293; x_wconf 88' lang='lat' dir='ltr'><strong>causa</strong></span> <span class='ocrx_word' id='word_1_106' title='bbox 568 2245 642 2292; x_wconf 93' lang='lat' dir='ltr'><strong>eam</strong></span> <span class='ocrx_word' id='word_1_107' title='bbox 674 2231 802 2315; x_wconf 84' lang='lat' dir='ltr'><strong>partem</strong></span> <span class='ocrx_word' id='word_1_108' title='bbox 833 2220 1080 2312; x_wconf 85' lang='lat' dir='ltr'><strong>Esquiliarum,</strong></span> <span class='ocrx_word' id='word_1_109' title='bbox 1115 2243 1202 2312; x_wconf 89' lang='lat' dir='ltr'><strong>quae</strong></span> <span class='ocrx_word' id='word_1_110' title='bbox 1228 2223 1311 2292; x_wconf 89' lang='lat' dir='ltr'><strong>iacet</strong></span> <span class='ocrx_word' id='word_1_111' title='bbox 1336 2224 1377 2294; x_wconf 90' lang='lat' dir='ltr'><strong>ad</strong></span> 
     </span>
     <span class='ocr_line' id='line_1_14' title="bbox 170 2345 1377 2438; baseline -0.001 -21"><span class='ocrx_word' id='word_1_112' title='bbox 170 2347 281 2419; x_wconf 86' lang='lat' dir='ltr'><strong>vicum</strong></span> <span class='ocrx_word' id='word_1_113' title='bbox 313 2347 491 2418; x_wconf 81' lang='lat' dir='ltr'><strong>Patricium</strong></span> <span class='ocrx_word' id='word_1_114' title='bbox 522 2369 650 2426; x_wconf 83' lang='lat' dir='ltr'><strong>versus,</strong></span> <span class='ocrx_word' id='word_1_115' title='bbox 694 2346 728 2415; x_wconf 93' lang='lat' dir='ltr'><strong>in</strong></span> <span class='ocrx_word' id='word_1_116' title='bbox 763 2368 828 2438; x_wconf 89' lang='lat' dir='ltr'><strong>qna</strong></span> <span class='ocrx_word' id='word_1_117' title='bbox 865 2345 1003 2437; x_wconf 89' lang='lat' dir='ltr'><strong>regione</strong></span> <span class='ocrx_word' id='word_1_118' title='bbox 1036 2356 1087 2414; x_wconf 90' lang='lat' dir='ltr'><strong>est</strong></span> <span class='ocrx_word' id='word_1_119' title='bbox 1119 2345 1210 2416; x_wconf 90' lang='lat' dir='ltr'><strong>aedis</strong></span> <span class='ocrx_word' id='word_1_120' title='bbox 1244 2347 1377 2429; x_wconf 84' lang='lat' dir='ltr'><strong>Mefitis,</strong></span> 
     </span>
     <span class='ocr_line' id='line_1_15' title="bbox 170 2471 1376 2564; baseline -0.002 -21"><span class='ocrx_word' id='word_1_121' title='bbox 170 2475 271 2546; x_wconf 92' lang='lat' dir='ltr'><strong>tuitus</strong></span> <span class='ocrx_word' id='word_1_122' title='bbox 289 2485 348 2544; x_wconf 90' lang='lat' dir='ltr'><strong>est.</strong></span> <span class='ocrx_word' id='word_1_123' title='bbox 389 2477 496 2545; x_wconf 84' lang='lat' dir='ltr'><strong>Festus</strong></span> <span class='ocrx_word' id='word_1_124' title='bbox 513 2474 568 2543; x_wconf 86' lang='lat' dir='ltr'><strong>lib.</strong></span> <span class='ocrx_word' id='word_1_125' title='bbox 590 2472 635 2544; x_wconf 91' lang='grc'><strong>19</strong></span> <span class='ocrx_word' id='word_1_126' title='bbox 661 2496 730 2543; x_wconf 79' lang='lat' dir='ltr'><strong>au.</strong></span> <span class='ocrx_word' id='word_1_127' title='bbox 749 2473 966 2564; x_wconf 80' lang='lat' dir='ltr'><strong>Septimontio.</strong></span> <span class='ocrx_word' id='word_1_128' title='bbox 1010 2472 1116 2542; x_wconf 88' lang='lat' dir='ltr'><strong>Varro</strong></span> <span class='ocrx_word' id='word_1_129' title='bbox 1133 2471 1174 2541; x_wconf 92' lang='lat' dir='ltr'><strong>de</strong></span> <span class='ocrx_word' id='word_1_130' title='bbox 1193 2471 1258 2542; x_wconf 89' lang='lat' dir='ltr'><strong>vita</strong></span> <span class='ocrx_word' id='word_1_131' title='bbox 1283 2473 1318 2540; x_wconf 88' lang='lat' dir='ltr'><strong>P.</strong></span> <span class='ocrx_word' id='word_1_132' title='bbox 1337 2471 1376 2540; x_wconf 77' lang='lat' dir='ltr'><strong>ll.</strong></span> 
     </span>
     <span class='ocr_line' id='line_1_16' title="bbox 171 2595 1378 2690; baseline -0.002 -21"><span class='ocrx_word' id='word_1_133' title='bbox 171 2599 257 2670; x_wconf 91' lang='lat' dir='ltr'><strong>libro</strong></span> <span class='ocrx_word' id='word_1_134' title='bbox 276 2601 310 2668; x_wconf 87' lang='lat' dir='ltr'><strong>l:</strong></span> <span class='ocrx_word' id='word_1_135' title='bbox 344 2600 482 2670; x_wconf 86' lang='lat' dir='ltr'><strong>hlettum</strong></span> <span class='ocrx_word' id='word_1_136' title='bbox 509 2598 675 2669; x_wconf 80' lang='lat' dir='ltr'><strong>Fufetium</strong></span> <span class='ocrx_word' id='word_1_137' title='bbox 709 2607 844 2690; x_wconf 91' lang='lat' dir='ltr'><strong>propter</strong></span> <span class='ocrx_word' id='word_1_138' title='bbox 876 2595 1051 2688; x_wconf 85' lang='lat' dir='ltr'><strong>perfidiam</strong></span> <span class='ocrx_word' id='word_1_139' title='bbox 1082 2597 1249 2666; x_wconf 87' lang='lat' dir='ltr'><strong>interemit</strong></span> <span class='ocrx_word' id='word_1_140' title='bbox 1272 2618 1378 2690; x_wconf 89' lang='lat' dir='ltr'><strong>paene</strong></span> 
     </span>
     <span class='ocr_line' id='line_1_17' title="bbox 171 2720 1378 2817; baseline -0.003 -23"><span class='ocrx_word' id='word_1_141' title='bbox 171 2723 380 2817; x_wconf 87' lang='lat' dir='ltr'><strong>imperiosius</strong></span> <span class='ocrx_word' id='word_1_142' title='bbox 412 2745 512 2815; x_wconf 86' lang='lat' dir='ltr'><strong>quarn</strong></span> <span class='ocrx_word' id='word_1_143' title='bbox 546 2720 739 2802; x_wconf 90' lang='lat' dir='ltr'><strong>humanius,</strong></span> <span class='ocrx_word' id='word_1_144' title='bbox 778 2743 856 2791; x_wconf 88' lang='lat' dir='ltr'><strong>nam</strong></span> <span class='ocrx_word' id='word_1_145' title='bbox 893 2720 986 2812; x_wconf 85' lang='lat' dir='ltr'><strong>equis</strong></span> <span class='ocrx_word' id='word_1_146' title='bbox 1020 2721 1061 2790; x_wconf 91' lang='lat' dir='ltr'><strong>ad</strong></span> <span class='ocrx_word' id='word_1_147' title='bbox 1097 2720 1299 2790; x_wconf 88' lang='lat' dir='ltr'><strong>curriculum</strong></span> <span class='ocrx_word' id='word_1_148' title='bbox 1336 2741 1378 2790; x_wconf 83' lang='lat' dir='ltr'><strong>ex</strong></span> 
     </span>
    </p>
   </div>
   <div class='ocr_carea' id='block_1_3' title="bbox 170 2841 1379 3044">
    <p class='ocr_par' dir='ltr' id='par_1_3' title="bbox 170 2841 1379 3044">
     <span class='ocr_line' id='line_1_18' title="bbox 170 2841 1379 2943; baseline -0.003 -24"><span class='ocrx_word' id='word_1_149' title='bbox 170 2860 311 2943; x_wconf 74' lang='lat' dir='ltr'><strong>utraque</strong></span> <span class='ocrx_word' id='word_1_150' title='bbox 336 2857 429 2939; x_wconf 90' lang='lat' dir='ltr'><strong>parte</strong></span> <span class='ocrx_word' id='word_1_151' title='bbox 454 2845 635 2937; x_wconf 89' lang='lat' dir='ltr'><strong>deligatum</strong></span> <span class='ocrx_word' id='word_1_152' title='bbox 662 2843 821 2913; x_wconf 83' lang='lat' dir='ltr'><strong>distraxit.</strong></span> <span class='ocrx_word' id='word_1_153' title='bbox 864 2844 989 2913; x_wconf 82' lang='lat' dir='ltr'><strong>Nouius</strong></span> <span class='ocrx_word' id='word_1_154' title='bbox 1008 2867 1042 2936; x_wconf 90' lang='lat' dir='ltr'><strong>p.</strong></span> <span class='ocrx_word' id='word_1_155' title='bbox 1066 2841 1151 2924; x_wconf 81' lang='grc'><strong>287,</strong></span> <span class='ocrx_word' id='word_1_156' title='bbox 1178 2841 1232 2914; x_wconf 94' lang='grc'><strong>19.</strong></span> <span class='ocrx_word' id='word_1_157' title='bbox 1273 2846 1379 2915; x_wconf 92' lang='lat' dir='ltr'><strong>Varro</strong></span> 
     </span>
     <span class='ocr_line' id='line_1_19' title="bbox 171 2967 1379 3044; baseline -0.004 -1"><span class='ocrx_word' id='word_1_158' title='bbox 171 2971 599 3044; x_wconf 65' lang='lat' dir='ltr'><strong>decantatorum</strong></span> <span class='ocrx_word' id='word_1_159' title='bbox 640 2968 775 3039; x_wconf 90' lang='lat' dir='ltr'><strong>Tullum</strong></span> <span class='ocrx_word' id='word_1_160' title='bbox 807 2967 986 3037; x_wconf 87' lang='lat' dir='ltr'><strong>Hostilium</strong></span> <span class='ocrx_word' id='word_1_161' title='bbox 1016 2968 1049 3036; x_wconf 94' lang='lat' dir='ltr'><strong>in</strong></span> <span class='ocrx_word' id='word_1_162' title='bbox 1076 2968 1167 3038; x_wconf 88' lang='lat' dir='ltr'><strong>Velis</strong></span> <span class='ocrx_word' id='word_1_163' title='bbox 1201 2967 1257 3040; x_wconf 93' lang='lat' dir='ltr'><strong>ubi</strong></span> <span class='ocrx_word' id='word_1_164' title='bbox 1290 2991 1379 3039; x_wconf 91' lang='lat' dir='ltr'><strong>nunc</strong></span> 
     </span>
    </p>
   </div>
   <div class='ocr_carea' id='block_1_4' title="bbox 170 3091 1379 4684">
    <p class='ocr_par' dir='ltr' id='par_1_4' title="bbox 170 3091 1379 4684">
     <span class='ocr_line' id='line_1_20' title="bbox 171 3091 1379 3184; baseline -0.005 -16"><span class='ocrx_word' id='word_1_165' title='bbox 171 3109 219 3168; x_wconf 88' lang='lat' dir='ltr'><strong>est</strong></span> <span class='ocrx_word' id='word_1_166' title='bbox 244 3097 337 3168; x_wconf 86' lang='lat' dir='ltr'><strong>aedis</strong></span> <span class='ocrx_word' id='word_1_167' title='bbox 362 3098 461 3168; x_wconf 86' lang='lat' dir='ltr'><strong>deum</strong></span> <span class='ocrx_word' id='word_1_168' title='bbox 488 3094 673 3175; x_wconf 87' lang='lat' dir='ltr'><strong>Penatium,</strong></span> <span class='ocrx_word' id='word_1_169' title='bbox 706 3094 836 3163; x_wconf 80' lang='lat' dir='ltr'><strong>Ancum</strong></span> <span class='ocrx_word' id='word_1_170' title='bbox 863 3091 896 3161; x_wconf 92' lang='lat' dir='ltr'><strong>in</strong></span> <span class='ocrx_word' id='word_1_171' title='bbox 923 3092 1050 3162; x_wconf 91' lang='lat' dir='ltr'><strong>Palatio</strong></span> <span class='ocrx_word' id='word_1_172' title='bbox 1082 3093 1123 3162; x_wconf 92' lang='lat' dir='ltr'><strong>ad</strong></span> <span class='ocrx_word' id='word_1_173' title='bbox 1149 3103 1275 3184; x_wconf 83' lang='lat' dir='ltr'><strong>portam</strong></span> <span class='ocrx_word' id='word_1_174' title='bbox 1302 3095 1379 3164; x_wconf 88' lang='lat' dir='ltr'><strong>hlu-</strong></span> 
     </span>
     <span class='ocr_line' id='line_1_21' title="bbox 171 3214 1377 3315; baseline -0.005 -23"><span class='ocrx_word' id='word_1_175' title='bbox 171 3223 280 3315; x_wconf 87' lang='lat' dir='ltr'><strong>gionis</strong></span> <span class='ocrx_word' id='word_1_176' title='bbox 305 3221 487 3291; x_wconf 88' lang='lat' dir='ltr'><strong>secuudum</strong></span> <span class='ocrx_word' id='word_1_177' title='bbox 515 3219 602 3288; x_wconf 87' lang='lat' dir='ltr'><strong>viam</strong></span> <span class='ocrx_word' id='word_1_178' title='bbox 628 3216 690 3290; x_wconf 90' lang='lat' dir='ltr'><strong>sub</strong></span> <span class='ocrx_word' id='word_1_179' title='bbox 715 3214 858 3285; x_wconf 88' lang='lat' dir='ltr'><strong>sinistra.</strong></span> <span class='ocrx_word' id='word_1_180' title='bbox 901 3217 1025 3285; x_wconf 83' lang='lat' dir='ltr'><strong>Nouius</strong></span> <span class='ocrx_word' id='word_1_181' title='bbox 1050 3239 1083 3308; x_wconf 92' lang='lat' dir='ltr'><strong>p.</strong></span> <span class='ocrx_word' id='word_1_182' title='bbox 1112 3214 1195 3295; x_wconf 85' lang='lat'><strong>531,</strong></span> <span class='ocrx_word' id='word_1_183' title='bbox 1220 3215 1279 3288; x_wconf 81' lang='lat'><strong>22.</strong></span> <span class='ocrx_word' id='word_1_184' title='bbox 1318 3221 1377 3309; x_wconf 66' lang='lat' dir='ltr'><strong>cfr.</strong></span> 
     </span>
     <span class='ocr_line' id='line_1_22' title="bbox 170 3338 1378 3437; baseline -0.007 -21"><span class='ocrx_word' id='word_1_185' title='bbox 170 3347 300 3416; x_wconf 76' lang='lat' dir='ltr'><strong>Solinus</strong></span> <span class='ocrx_word' id='word_1_186' title='bbox 323 3346 429 3437; x_wconf 72' lang='lat' dir='ltr'><strong>polyb.</strong></span> <span class='ocrx_word' id='word_1_187' title='bbox 451 3343 486 3414; x_wconf 86' lang='lat'><strong>2.</strong></span> <span class='ocrx_word' id='word_1_188' title='bbox 588 3341 646 3412; x_wconf 86' lang='grc'><strong>36.</strong></span> <span class='ocrx_word' id='word_1_189' title='bbox 674 3339 894 3432; x_wconf 86' lang='lat' dir='ltr'><strong>Temporibus</strong></span> <span class='ocrx_word' id='word_1_190' title='bbox 915 3338 1059 3433; x_wconf 88' lang='lat' dir='ltr'><strong>priscis.</strong></span> <span class='ocrx_word' id='word_1_191' title='bbox 1081 3391 1089 3408; x_wconf 95' lang='lat'><strong>.</strong></span> <span class='ocrx_word' id='word_1_192' title='bbox 1109 3361 1168 3430; x_wconf 93' lang='lat' dir='ltr'><strong>pro</strong></span> <span class='ocrx_word' id='word_1_193' title='bbox 1186 3341 1290 3410; x_wconf 85' lang='lat' dir='ltr'><strong>Marte</strong></span> <span class='ocrx_word' id='word_1_194' title='bbox 1309 3339 1378 3408; x_wconf 84' lang='lat' dir='ltr'><strong>lio·</strong></span> 
     </span>
     <span class='ocr_line' id='line_1_23' title="bbox 171 3461 1378 3557; baseline -0.007 -15"><span class='ocrx_word' id='word_1_195' title='bbox 171 3495 287 3542; x_wconf 88' lang='lat' dir='ltr'><strong>mauus</strong></span> <span class='ocrx_word' id='word_1_196' title='bbox 322 3469 449 3542; x_wconf 86' lang='lat' dir='ltr'><strong>hastam</strong></span> <span class='ocrx_word' id='word_1_197' title='bbox 485 3461 654 3557; x_wconf 89' lang='lat' dir='ltr'><strong>[coluisse]</strong></span> <span class='ocrx_word' id='word_1_198' title='bbox 689 3465 846 3535; x_wconf 89' lang='lat' dir='ltr'><strong>Varronis</strong></span> <span class='ocrx_word' id='word_1_199' title='bbox 879 3464 1027 3534; x_wconf 90' lang='lat' dir='ltr'><strong>indicant</strong></span> <span class='ocrx_word' id='word_1_200' title='bbox 1058 3486 1184 3544; x_wconf 92' lang='lat' dir='ltr'><strong>musae,</strong></span> <span class='ocrx_word' id='word_1_201' title='bbox 1225 3487 1301 3533; x_wconf 89' lang='lat' dir='ltr'><strong>cum</strong></span> <span class='ocrx_word' id='word_1_202' title='bbox 1335 3464 1378 3535; x_wconf 93' lang='lat' dir='ltr'><strong>ad</strong></span> 
     </span>
     <span class='ocr_line' id='line_1_24' title="bbox 170 3591 1378 3690; baseline -0.006 -23"><span class='ocrx_word' id='word_1_203' title='bbox 170 3597 256 3667; x_wconf 90' lang='lat' dir='ltr'><strong>hanc</strong></span> <span class='ocrx_word' id='word_1_204' title='bbox 293 3597 470 3690; x_wconf 88' lang='lat' dir='ltr'><strong>pessimam</strong></span> <span class='ocrx_word' id='word_1_205' title='bbox 504 3605 685 3664; x_wconf 89' lang='lat' dir='ltr'><strong>statuarum</strong></span> <span class='ocrx_word' id='word_1_206' title='bbox 724 3591 956 3682; x_wconf 88' lang='lat' dir='ltr'><strong>fingendarum</strong></span> <span class='ocrx_word' id='word_1_207' title='bbox 992 3591 1191 3681; x_wconf 83' lang='lat' dir='ltr'><strong>elegantiam</strong></span> <span class='ocrx_word' id='word_1_208' title='bbox 1230 3591 1378 3662; x_wconf 91' lang='lat' dir='ltr'><strong>nondum</strong></span> 
     </span>
     <span class='ocr_line' id='line_1_25' title="bbox 170 3713 1379 3816; baseline -0.006 -23"><span class='ocrx_word' id='word_1_209' title='bbox 170 3722 405 3816; x_wconf 85' lang='lat' dir='ltr'><strong>processissent</strong></span> <span class='ocrx_word' id='word_1_210' title='bbox 436 3720 588 3790; x_wconf 86' lang='lat' dir='ltr'><strong>artifices.</strong></span> <span class='ocrx_word' id='word_1_211' title='bbox 638 3717 773 3787; x_wconf 83' lang='lat' dir='ltr'><strong>Ciemuu</strong></span> <span class='ocrx_word' id='word_1_212' title='bbox 803 3717 1041 3786; x_wconf 72' lang='lat' dir='ltr'><strong>Alexandrinus</strong></span> <span class='ocrx_word' id='word_1_213' title='bbox 1079 3731 1230 3809; x_wconf 83' lang='lat' dir='ltr'><strong>protrept.</strong></span> <span class='ocrx_word' id='word_1_214' title='bbox 1260 3741 1293 3808; x_wconf 92' lang='lat' dir='ltr'><strong>p.</strong></span> <span class='ocrx_word' id='word_1_215' title='bbox 1327 3713 1379 3786; x_wconf 88' lang='grc'><strong>40</strong></span> 
     </span>
     <span class='ocr_line' id='line_1_26' title="bbox 172 3837 1379 3932; baseline -0.007 -16"><span class='ocrx_word' id='word_1_216' title='bbox 172 3849 285 3917; x_wconf 85' lang='lat' dir='ltr'><strong>Potter.</strong></span> <span class='ocrx_word' id='word_1_217' title='bbox 324 3846 485 3914; x_wconf 76' lang='lat' dir='ltr'><strong>Aruobius</strong></span> <span class='ocrx_word' id='word_1_218' title='bbox 510 3844 584 3912; x_wconf 85' lang='lat' dir='ltr'><strong>odo.</strong></span> <span class='ocrx_word' id='word_1_219' title='bbox 609 3856 712 3932; x_wconf 81' lang='lat' dir='ltr'><strong>pentes</strong></span> <span class='ocrx_word' id='word_1_220' title='bbox 736 3839 770 3920; x_wconf 89' lang='lat'><strong>6,</strong></span> <span class='ocrx_word' id='word_1_221' title='bbox 801 3837 857 3910; x_wconf 93' lang='grc'><strong>11.</strong></span> <span class='ocrx_word' id='word_1_222' title='bbox 903 3839 990 3910; x_wconf 89' lang='lat' dir='ltr'><strong>Dicit</strong></span> <span class='ocrx_word' id='word_1_223' title='bbox 1022 3839 1120 3908; x_wconf 91' lang='lat' dir='ltr'><strong>etiam</strong></span> <span class='ocrx_word' id='word_1_224' title='bbox 1149 3839 1236 3909; x_wconf 89' lang='lat' dir='ltr'><strong>idem</strong></span> <span class='ocrx_word' id='word_1_225' title='bbox 1262 3847 1379 3909; x_wconf 89' lang='lat' dir='ltr'><strong>auctor</strong></span> 
     </span>
     <span class='ocr_line' id='line_1_27' title="bbox 170 3962 1379 4060; baseline -0.007 -21"><span class='ocrx_word' id='word_1_226' title='bbox 170 3969 380 4039; x_wconf 79' lang='lat' dir='ltr'><strong>acutissimus</strong></span> <span class='ocrx_word' id='word_1_227' title='bbox 405 3978 505 4060; x_wconf 90' lang='lat' dir='ltr'><strong>atque</strong></span> <span class='ocrx_word' id='word_1_228' title='bbox 531 3965 748 4044; x_wconf 88' lang='lat' dir='ltr'><strong>doctissimus,</strong></span> <span class='ocrx_word' id='word_1_229' title='bbox 777 4011 785 4031; x_wconf 89' lang='lat'><strong>.</strong></span> <span class='ocrx_word' id='word_1_230' title='bbox 810 4015 818 4031; x_wconf 95' lang='lat'><strong>.</strong></span> <span class='ocrx_word' id='word_1_231' title='bbox 845 3963 998 4054; x_wconf 88' lang='lat' dir='ltr'><strong>antiquos</strong></span> <span class='ocrx_word' id='word_1_232' title='bbox 1026 3963 1190 4032; x_wconf 88' lang='lat' dir='ltr'><strong>Romanos</strong></span> <span class='ocrx_word' id='word_1_233' title='bbox 1215 3962 1291 4055; x_wconf 89' lang='lat' dir='ltr'><strong>plus</strong></span> <span class='ocrx_word' id='word_1_234' title='bbox 1315 3984 1379 4031; x_wconf 90' lang='lat' dir='ltr'><strong>an-</strong></span> 
     </span>
     <span class='ocr_line' id='line_1_28' title="bbox 170 4083 1379 4168; baseline -0.011 -4"><span class='ocrx_word' id='word_1_235' title='bbox 170 4115 231 4163; x_wconf 91' lang='lat' dir='ltr'><strong>nos</strong></span> <span class='ocrx_word' id='word_1_236' title='bbox 257 4094 375 4164; x_wconf 82' lang='lat' dir='ltr'>CLXX</span> <span class='ocrx_word' id='word_1_237' title='bbox 400 4091 479 4162; x_wconf 89' lang='lat' dir='ltr'><strong>deos</strong></span> <span class='ocrx_word' id='word_1_238' title='bbox 505 4089 576 4159; x_wconf 91' lang='lat' dir='ltr'><strong>sine</strong></span> <span class='ocrx_word' id='word_1_239' title='bbox 601 4087 779 4158; x_wconf 90' lang='lat' dir='ltr'><strong>simulacro</strong></span> <span class='ocrx_word' id='word_1_240' title='bbox 805 4086 960 4156; x_wconf 89' lang='lat' dir='ltr'><strong>coluisse.</strong></span> <span class='ocrx_word' id='word_1_241' title='bbox 1003 4084 1101 4168; x_wconf 86' lang='lat' dir='ltr'><strong>Quod</strong></span> <span class='ocrx_word' id='word_1_242' title='bbox 1128 4085 1155 4153; x_wconf 93' lang='lat' dir='ltr'><strong>si</strong></span> <span class='ocrx_word' id='word_1_243' title='bbox 1176 4083 1296 4166; x_wconf 89' lang='lat' dir='ltr'><strong>adhuc,</strong></span> <span class='ocrx_word' id='word_1_244' title='bbox 1324 4084 1379 4152; x_wconf 92' lang='lat' dir='ltr'><strong>in-</strong></span> 
     </span>
     <span class='ocr_line' id='line_1_29' title="bbox 171 4207 1378 4309; baseline -0.007 -23"><span class='ocrx_word' id='word_1_245' title='bbox 171 4217 254 4309; x_wconf 88' lang='lat' dir='ltr'><strong>quit,</strong></span> <span class='ocrx_word' id='word_1_246' title='bbox 282 4216 465 4296; x_wconf 87' lang='lat' dir='ltr'><strong>mansisset,</strong></span> <span class='ocrx_word' id='word_1_247' title='bbox 492 4213 613 4283; x_wconf 91' lang='lat' dir='ltr'><strong>castius</strong></span> <span class='ocrx_word' id='word_1_248' title='bbox 638 4211 684 4281; x_wconf 93' lang='lat' dir='ltr'><strong>dii</strong></span> <span class='ocrx_word' id='word_1_249' title='bbox 708 4211 975 4280; x_wconf 90' lang='lat' dir='ltr'><strong>observarentur.</strong></span> <span class='ocrx_word' id='word_1_250' title='bbox 1013 4207 1076 4279; x_wconf 86' lang='lat' dir='ltr'><strong>Cui</strong></span> <span class='ocrx_word' id='word_1_251' title='bbox 1101 4207 1282 4278; x_wconf 87' lang='lat' dir='ltr'><strong>sententiae</strong></span> <span class='ocrx_word' id='word_1_252' title='bbox 1299 4231 1378 4278; x_wconf 89' lang='lat' dir='ltr'><strong>suae</strong></span> 
     </span>
     <span class='ocr_line' id='line_1_30' title="bbox 171 4330 1379 4426; baseline -0.008 -16"><span class='ocrx_word' id='word_1_253' title='bbox 171 4351 286 4410; x_wconf 89' lang='lat' dir='ltr'><strong>testem</strong></span> <span class='ocrx_word' id='word_1_254' title='bbox 313 4338 449 4411; x_wconf 86' lang='lat' dir='ltr'><strong>adhibet</strong></span> <span class='ocrx_word' id='word_1_255' title='bbox 473 4338 559 4406; x_wconf 90' lang='lat' dir='ltr'><strong>inter</strong></span> <span class='ocrx_word' id='word_1_256' title='bbox 584 4347 692 4406; x_wconf 90' lang='lat' dir='ltr'><strong>cetera</strong></span> <span class='ocrx_word' id='word_1_257' title='bbox 724 4335 826 4403; x_wconf 88' lang='lat' dir='ltr'><strong>etiarn</strong></span> <span class='ocrx_word' id='word_1_258' title='bbox 859 4343 992 4426; x_wconf 86' lang='lat' dir='ltr'><strong>gentem</strong></span> <span class='ocrx_word' id='word_1_259' title='bbox 1022 4331 1193 4412; x_wconf 90' lang='lat' dir='ltr'><strong>ludaeam,</strong></span> <span class='ocrx_word' id='word_1_260' title='bbox 1228 4353 1289 4400; x_wconf 90' lang='lat' dir='ltr'><strong>nec</strong></span> <span class='ocrx_word' id='word_1_261' title='bbox 1315 4330 1379 4400; x_wconf 90' lang='lat' dir='ltr'><strong>dn-</strong></span> 
     </span>
     <span class='ocr_line' id='line_1_31' title="bbox 170 4454 1379 4549; baseline -0.009 -14"><span class='ocrx_word' id='word_1_262' title='bbox 170 4463 253 4535; x_wconf 83' lang='lat' dir='ltr'><strong>bitot</strong></span> <span class='ocrx_word' id='word_1_263' title='bbox 278 4485 355 4536; x_wconf 90' lang='lat' dir='ltr'><strong>eum</strong></span> <span class='ocrx_word' id='word_1_264' title='bbox 382 4464 492 4534; x_wconf 94' lang='lat' dir='ltr'><strong>locum</strong></span> <span class='ocrx_word' id='word_1_265' title='bbox 518 4461 565 4530; x_wconf 89' lang='lat' dir='ltr'><strong>ita</strong></span> <span class='ocrx_word' id='word_1_266' title='bbox 590 4459 789 4531; x_wconf 90' lang='lat' dir='ltr'><strong>concludere</strong></span> <span class='ocrx_word' id='word_1_267' title='bbox 816 4471 852 4528; x_wconf 92' lang='lat' dir='ltr'><strong>ut</strong></span> <span class='ocrx_word' id='word_1_268' title='bbox 869 4459 967 4537; x_wconf 86' lang='lat' dir='ltr'><strong>dicat,</strong></span> <span class='ocrx_word' id='word_1_269' title='bbox 994 4456 1053 4549; x_wconf 88' lang='lat' dir='ltr'><strong>qui</strong></span> <span class='ocrx_word' id='word_1_270' title='bbox 1077 4455 1176 4548; x_wconf 92' lang='lat' dir='ltr'><strong>primi</strong></span> <span class='ocrx_word' id='word_1_271' title='bbox 1201 4454 1379 4525; x_wconf 87' lang='lat' dir='ltr'><strong>simulacra</strong></span> 
     </span>
     <span class='ocr_line' id='line_1_32' title="bbox 172 4583 1379 4684; baseline -0.007 -24"><span class='ocrx_word' id='word_1_272' title='bbox 172 4591 309 4662; x_wconf 91' lang='lat' dir='ltr'><strong>deorum</strong></span> <span class='ocrx_word' id='word_1_273' title='bbox 332 4591 462 4684; x_wconf 90' lang='lat' dir='ltr'><strong>populis</strong></span> <span class='ocrx_word' id='word_1_274' title='bbox 482 4599 672 4682; x_wconf 89' lang='lat' dir='ltr'><strong>posuerunt,</strong></span> <span class='ocrx_word' id='word_1_275' title='bbox 700 4609 756 4657; x_wconf 87' lang='lat' dir='ltr'><strong>eos</strong></span> <span class='ocrx_word' id='word_1_276' title='bbox 774 4586 961 4656; x_wconf 87' lang='lat' dir='ltr'><strong>civitatibus</strong></span> <span class='ocrx_word' id='word_1_277' title='bbox 981 4584 1099 4656; x_wconf 86' lang='lat' dir='ltr'><strong>suiset</strong></span> <span class='ocrx_word' id='word_1_278' title='bbox 1119 4593 1244 4652; x_wconf 92' lang='lat' dir='ltr'><strong>metum</strong></span> <span class='ocrx_word' id='word_1_279' title='bbox 1262 4583 1379 4674; x_wconf 90' lang='lat' dir='ltr'><strong>demp-</strong></span> 
     </span>
    </p>
   </div>
   <div class='ocr_carea' id='block_1_5' title="bbox 171 4705 1377 4891">
    <p class='ocr_par' dir='ltr' id='par_1_5' title="bbox 171 4705 1377 4891">
     <span class='ocr_line' id='line_1_33' title="bbox 171 4705 1377 4803; baseline -0.008 -18"><span class='ocrx_word' id='word_1_280' title='bbox 171 4717 252 4786; x_wconf 84' lang='lat' dir='ltr'><strong>sisse</strong></span> <span class='ocrx_word' id='word_1_281' title='bbox 278 4728 311 4786; x_wconf 93' lang='lat' dir='ltr'><strong>et</strong></span> <span class='ocrx_word' id='word_1_282' title='bbox 336 4737 483 4786; x_wconf 90' lang='lat' dir='ltr'><strong>errorem</strong></span> <span class='ocrx_word' id='word_1_283' title='bbox 510 4713 687 4786; x_wconf 90' lang='lat' dir='ltr'><strong>addidisse.</strong></span> <span class='ocrx_word' id='word_1_284' title='bbox 734 4714 931 4803; x_wconf 71' lang='lat' dir='ltr'><strong>Augustinus</strong></span> <span class='ocrx_word' id='word_1_285' title='bbox 964 4712 1004 4780; x_wconf 87' lang='lat' dir='ltr'><strong>de</strong></span> <span class='ocrx_word' id='word_1_286' title='bbox 1028 4712 1088 4778; x_wconf 86' lang='lat' dir='ltr'><strong>eiu.</strong></span> <span class='ocrx_word' id='word_1_287' title='bbox 1114 4711 1166 4778; x_wconf 87' lang='lat' dir='ltr'><strong>dei</strong></span> <span class='ocrx_word' id='word_1_288' title='bbox 1195 4706 1230 4790; x_wconf 80' lang='lat'><strong>4,</strong></span> <span class='ocrx_word' id='word_1_289' title='bbox 1257 4705 1317 4787; x_wconf 87' lang='grc'><strong>31,</strong></span> <span class='ocrx_word' id='word_1_290' title='bbox 1343 4705 1377 4777; x_wconf 88' lang='grc'><strong>2.</strong></span> 
     </span>
     <span class='ocr_line' id='line_1_34' title="bbox 1149 4826 1212 4891; baseline 0 0"><span class='ocrx_word' id='word_1_291' title='bbox 1149 4826 1212 4891; x_wconf 64' lang='grc'><strong>27*</strong></span> 
     </span>
    </p>
   </div>
   <div class='ocr_carea' id='block_1_6' title="bbox 0 0 1794 5602">
    <p class='ocr_par' dir='ltr' id='par_1_6' title="bbox 0 0 1794 5602">
     <span class='ocr_line' id='line_1_35' title="bbox 0 0 1794 5602; baseline 0 0"><span class='ocrx_word' id='word_1_292' title='bbox 0 0 1794 5602; x_wconf 95' lang='lat' dir='ltr'><strong> </strong></span> 
     </span>
    </p>
   </div>
  </div>
 </body>
</html>
