3702 5600
1378 641 1444 710 sat

244 834 369 910 aliquod
392 837 572 896 vocabulum
594 853 621 896 e.
642 853 687 912 gr.
709 840 833 912 inceptui
854 855 872 896 a
893 853 982 898 manu
1003 837 1130 897 Salustii
1156 838 1262 914 luisse,
1289 839 1382 914 idque
1403 837 1450 897 illi

243 942 433 1019 corruptioni
449 959 552 1002 ansam
567 943 746 1020 praebuisse,
769 943 801 1002 id
819 944 894 1003 mibi
913 944 1034 1019 quidem
1055 962 1160 1020 parurn
1180 945 1342 1022 probabile
1359 946 1450 1004 vide·

244 1052 300 1108 tur.
329 1048 474 1124 lupurtlloe
493 1047 557 1121 filia
577 1049 677 1108 dccciii
697 1049 767 1108 Bas.
789 1049 859 1108 Par.
888 1067 939 1109 cx
961 1051 993 1108 et
1018 1050 1127 1127 viginti
1151 1055 1268 1127 septem
1290 1051 1344 1109 alii
1367 1051 1449 1126 libri,

243 1155 324 1229 quod
354 1172 401 1213 me
422 1153 520 1214 invito
543 1172 601 1214 non
623 1173 804 1232 expressum
827 1159 884 1216 est.
917 1156 1027 1215 docebo
1045 1155 1111 1214 liin.
1132 1157 1204 1215 decc
1219 1156 1288 1215 Par.
1302 1158 1320 1215 b
1333 1176 1359 1216 ι.
1380 1157 1449 1217 Τιι.

243 1278 331 1336 quiam
351 1261 471 1336 quidem
488 1259 651 1318 lectionem
674 1266 706 1320 et
725 1260 794 1337 ipse
816 1261 889 1319 olim
910 1262 940 1320 in
957 1263 1073 1321 maiore
1089 1262 1225 1322 editione
1241 1263 1449 1338 defenderam,

243 1367 355 1443 quippe
381 1384 470 1441 quam
497 1367 661 1426 verborum
689 1367 765 1427 ordo
792 1367 923 1426 maxime
947 1369 1160 1454 cummendare
1188 1368 1363 1445 videbatur;
1393 1386 1448 1429 ao·

243 1475 338 1532 cessit
358 1473 450 1532 Nonii
473 1473 689 1556 testimonium,
723 1475 774 1549 qui
801 1493 831 1550 p.
854 1475 910 1533 241
939 1475 1012 1534 edit.
1042 1480 1156 1535 nostrae
1187 1473 1230 1552 (p.
1259 1478 1318 1535 353
1339 1473 1448 1547 Mero.)

242 1585 274 1639 et
295 1581 361 1657 ipse
379 1582 494 1641 Boccbo
520 1583 685 1642 confirmat.
719 1581 782 1642 Sed
804 1586 947 1658 quantum
969 1583 1019 1674 his
1041 1583 1162 1658 quidem
1181 1586 1448 1662 grammaticorum

241 1686 361 1746 iudiciis
376 1689 568 1748 tribuendum
590 1691 638 1764 sit,
661 1707 721 1750 non
742 1708 801 1750 uno
823 1692 894 1750 loco
918 1693 1090 1768 expositum
1105 1695 1161 1750 est.
1188 1692 1349 1752 Accedunt
1368 1691 1446 1750 onim

240 1793 280 1851 ad
301 1794 369 1853 oud.
390 1795 459 1853 Bas.
486 1795 733 1871 reliquorumque
759 1797 972 1858 auctoritatem
995 1798 1170 1858 firmandam
1193 1799 1332 1874 inprimis
1356 1797 1447 1857 testi·

241 1900 341 1958 monia
367 1899 589 1976 historicorum,
624 1903 675 1976 qui
698 1901 854 1962 Boocbum
883 1921 942 1964 non
975 1921 1121 1979 generum
1151 1903 1206 1963 sed
1229 1921 1369 1963 socerum
1395 1903 1447 1961 lu-

240 2009 358 2084 gurthae
370 2008 466 2069 luisse
485 2016 622 2085 narrent;
641 2011 724 2071 Flor.
738 2031 780 2070 ιιι.
796 2016 821 2071 1.
839 2015 885 2072 17.
901 2011 1199 2073 fraudulentissimus
1217 2029 1322 2088 regum
1337 2010 1447 2070 fraude

240 2115 342 2173 soceri
370 2116 417 2174 sui
450 2117 479 2174 in
509 2117 638 2176 insidias
670 2117 818 2177 deductus
851 2124 907 2178 est.
936 2118 991 2178 cir.
1018 2118 1164 2177 Plutarcb
1186 2117 1224 2178 V.
1246 2116 1339 2176 Sullae
1370 2134 1396 2174 c.
1420 2118 1446 2174 3.

239 2208 260 2280 ὀ
280 2215 316 2282 δὲ
336 2211 462 2299 Βόκχος
482 2210 630 2303 ἐτύγχανε
656 2218 713 2302 μὲν
735 2216 782 2286 ἔτι
806 2244 841 2307 γε
861 2211 962 2287 πάλαι
984 2211 1130 2308 ycpp'poc
1159 2211 1237 2284 ὅντα
1264 2219 1368 2302 μισῶν
1393 2217 1447 2284 καὶ

239 2314 446 2412 φοβούμενος
474 2316 531 2390 τόν
549 2315 758 2411 Ἰουγούρθαν
787 2336 819 2388 et
842 2329 916 2389 ilar.
948 2347 973 2388 c.
1000 2332 1046 2388 10.
1080 2316 1207 2406 Βόκχος
1228 2317 1264 2412 ἦν
1285 2315 1447 2410 πενθερός

234 2419 433 2516 'Iorryou'ptlm
467 2435 535 2496 Etsi
557 2436 689 2512 luerunt,
718 2438 768 2513 qui
790 2455 851 2498 non
873 2439 971 2498 solum
993 2439 1032 2497 de
1054 2437 1276 2514 significatione
1302 2437 1446 2497 vocabuli

238 2529 400 2623 πενθερός
421 2542 598 2603 dubitarent
618 2544 674 2603 sed
696 2546 789 2604 etiam
811 2549 981 2605 statuerent
1006 2544 1171 2605 Salustium
1193 2549 1245 2603 aut
1265 2561 1373 2604 errore
1394 2546 1446 2603 aut

238 2650 300 2708 alia
327 2651 365 2709 do
394 2669 485 2710 causa
511 2670 529 2711 a
558 2654 671 2712 ceteris
698 2655 900 2731 scriptoribus
926 2655 1092 2714 dissentire
1117 2657 1149 2711 et
1170 2654 1301 2712 maxime
1323 2651 1443 2727 quidem

237 2759 401 2818 verborum
416 2759 580 2834 positionis
597 2777 699 2833 causa,
722 2760 761 2820 de
783 2779 842 2836 qua
864 2779 966 2838 supra,
989 2767 1020 2820 et
1040 2762 1122 2836 quod
1141 2761 1208 2836 ipsa
1224 2761 1445 2819 sententiarum

237 2865 286 2923 vis
309 2863 339 2922 id
359 2866 519 2942 postulare
541 2868 711 2927 videbatur.
743 2867 808 2927 lloc
831 2869 910 2926 enirn
925 2886 981 2945 per
999 2886 1034 2927 se
1058 2871 1151 2944 patet,
1174 2867 1328 2944 lugurtbee
1349 2866 1446 2925 liliam

236 2970 360 3033 Boccbo
385 2981 508 3050 nuptam
535 2977 628 3035 multo
654 2976 724 3052 plus
752 2975 791 3035 ad
820 2977 923 3034 meriti
953 2976 1083 3034 animum
1105 2974 1287 3034 movendum
1307 2973 1445 3032 valuisse

238 3097 327 3154 quam
358 3081 387 3139 si
415 3081 531 3140 Bocchi
564 3080 626 3140 filia
655 3082 808 3158 Iugurtha·
833 3085 925 3159 nupta
951 3081 1048 3141 luisse
1075 3081 1194 3140 dicitur.
1225 3081 1279 3139 sed
1303 3095 1362 3136 non
1383 3078 1444 3136 boc

237 3187 368 3246 consilio
392 3186 545 3246 Salustius
566 3187 651 3246 illius
672 3189 856 3247 matrimonii
879 3188 1063 3247 mentionem
1085 3187 1200 3246 iecisse
1223 3184 1360 3258 videtur;
1389 3184 1445 3242 sed

236 3294 338 3369 potius
361 3294 392 3352 id
414 3294 484 3370 egit,
512 3297 544 3354 ut
570 3295 629 3353 iam
656 3300 727 3354 ante
755 3302 872 3354 certam
899 3296 1047 3370 quandam
1079 3293 1335 3353 necessitudinem
1362 3291 1445 3349 inter

235 3403 397 3475 utrumque
429 3415 533 3477 rogem
567 3402 785 3460 intercessisse
817 3402 956 3474 doceret,
987 3400 1066 3459 unde
1096 3399 1207 3474 aliquis
1234 3399 1347 3457 iactura
1373 3413 1444 3456 esse

235 3510 366 3584 putaret,
388 3513 421 3566 ut
437 3508 579 3584 iugurtha
604 3509 724 3569 lacilius
741 3511 832 3570 etiam
848 3509 1000 3570 Bocchum
1023 3511 1051 3568 in
1073 3515 1180 3586 partes
1202 3526 1274 3567 suas
1294 3507 1442 3566 traheret.

237 3612 291 3674 Cui
306 3612 426 3689 quidem
444 3615 491 3674 rei
511 3633 548 3674 ne
565 3617 633 3690 quis
652 3617 773 3676 nimium
789 3618 949 3690 tribueret,
973 3617 1012 3675 de
1032 3616 1232 3675 matrimoniis
1250 3612 1443 3674 Numidarum

234 3739 332 3799 pauca
347 3723 468 3783 adiecit.
502 3722 572 3782 Fuit
586 3724 676 3781 etiam
691 3725 740 3798 qui
757 3725 826 3784 loco
838 3723 928 3784 Nonii
941 3741 968 3800 p.
987 3727 1043 3782 113
1056 3723 1246 3783 confirmatus
1260 3721 1441 3780 coniecerit:

235 3829 372 3905 tripartito
391 3828 461 3901 lilim
473 3830 580 3889 Boccbi
600 3836 746 3904 nupserat,
768 3830 850 3906 quod
871 3832 909 3889 ad
931 3831 1096 3889 verborum
1119 3830 1256 3887 ordinem
1276 3827 1351 3884 satis
1365 3841 1443 3902 pro·

235 3936 346 4009 babile,
368 3937 457 3995 nimis
478 3941 584 3996 contra
605 3938 763 4014 vulgarem
785 3955 870 3996 usum
887 3942 1008 4014 pugnat.
1031 3937 1085 3996 sed
1100 3941 1186 3994 recte
1204 3933 1282 3992 idem
1298 3932 1438 3991 animad-

234 4044 337 4118 vertit,
360 4043 525 4103 Salustium
547 4045 652 4103 dicere
674 4045 824 4104 noluisse:
852 4047 882 4102 in
907 4046 1116 4102 matrimonium
1137 4042 1229 4113 duait,
1252 4057 1289 4098 ne
1312 4038 1440 4096 videro-

234 4155 283 4210 tur
305 4151 537 4211 concubinatum
564 4151 710 4212 Afrorum
740 4169 804 4210 culn
831 4153 910 4210 iusto
933 4149 1124 4209 matrimonio
1147 4148 1282 4208 Romano
1304 4163 1443 4204 commu-

233 4261 309 4316 tare.
331 4257 439 4316 nullam
456 4274 513 4332 pro
534 4261 616 4317 socio
638 4259 742 4318 obdnet
761 4259 831 4317 Bes.
846 4258 915 4317 Par.
937 4257 1004 4316 Ein.
1027 4257 1094 4315 Tur.
1115 4253 1222 4314 Leidd.
1246 4269 1352 4313 omnes
1375 4251 1442 4310 lere

232 4364 404 4423 ursanum
416 4365 495 4424 neu.
510 4365 637 4424 romu.
648 4383 710 4426 nm.
725 4370 750 4423 1.
763 4348 911 4436 (nuntio.)
924 4361 1244 4436 (lucilli—Carrio,
1257 4359 1441 4420 sucrum-

233 4488 302 4547 pon.
314 4471 399 4544 Laeti,
410 4469 503 4532 Laud.
512 4475 538 4532 3.
548 4490 637 4548 quam
648 4473 768 4546 quidem
777 4474 1053 4533 lectionemomnes
1063 4473 1265 4547 arripuerunt,
1276 4467 1442 4526 utSalustii

233 4581 403 4639 orationem
429 4583 488 4640 hac
513 4581 715 4640 insolentiore
742 4582 894 4641 structura
917 4583 1109 4639 exornarent.
1154 4575 1217 4636 Sed
1238 4575 1339 4637 omnia
1360 4575 1439 4649 loca,

233 4703 299 4761 quae
321 4687 445 4746 laudata
467 4693 545 4760 sunt,
570 4688 670 4746 aliena
692 4687 808 4746 dixeris
830 4687 885 4746 cir.
908 4686 973 4745 Lir.
995 4705 1056 4760 ιιιιι,
1079 4688 1126 4760 du,
1150 4687 1203 4744 lo:
1230 4684 1307 4762 quod
1327 4689 1354 4741 ct
1371 4681 1440 4756 plu-
