3702 5600
1361 648 1433 718 ess

230 845 330 900 torum
356 839 503 900 malorum
529 841 685 917 repetivit.
719 841 815 901 blulte
836 841 898 902 alia
919 849 1050 919 possunt
1073 845 1217 920 eogitari,
1249 845 1359 920 quibus
1379 845 1434 906 ille

228 951 384 1023 permotus
413 949 473 1009 boo
502 950 652 1025 temporis
678 951 808 1026 spatium
839 951 946 1028 egredi
975 952 1115 1011 noluerit.
1156 953 1256 1021 Quare
1291 970 1433 1012 numerus

228 1073 270 1113 xv
291 1056 340 1113 est
361 1054 548 1129 retinendus,
571 1055 631 1114 nisi
654 1057 739 1114 euius
767 1056 867 1116 animo
898 1059 982 1116 tanta
1003 1059 1132 1118 audaeia
1154 1059 1247 1132 inest,
1282 1062 1316 1117 ut
1335 1059 1433 1134 ipsum

228 1160 411 1237 scriptorem
432 1160 549 1218 erroris
575 1161 760 1220 convincere
786 1161 879 1221 malit.
901 1165 1020 1238 serpitis
1040 1162 1110 1222 Bas.
1132 1163 1200 1222 Par.
1222 1182 1250 1222 x.
1273 1166 1433 1240 excerpitis

229 1263 299 1326 Bes.
313 1268 341 1325 t.
365 1271 396 1325 et
410 1267 533 1343 plurimi
548 1266 629 1342 libri,
652 1271 684 1327 ut
705 1269 835 1327 videtur.
858 1270 984 1329 oodiees
1000 1271 1080 1329 enim
1101 1271 1160 1331 boe
1181 1272 1253 1331 loeo
1274 1287 1334 1330 uon
1356 1272 1432 1330 satis

227 1371 393 1447 diligenter
414 1373 578 1432 examinati
599 1389 670 1432 esse
692 1373 842 1434 videntur.
864 1376 1173 1451 committamur.
1194 1379 1345 1453 inaorpitie
1363 1378 1431 1436 Vin.

227 1479 255 1536 2.
277 1478 362 1538 Vrat.
381 1482 408 1539 2.
430 1480 505 1557 lieg.
522 1480 641 1542 Bodlei.
665 1473 727 1541 la'm
748 1483 837 1542 verbi
859 1484 1008 1561 simplicis
1031 1485 1158 1544 eandem
1180 1486 1431 1563 significationem

227 1603 299 1645 esse
320 1603 424 1663 posse,
446 1605 534 1663 quam
561 1589 590 1648 b.
614 1589 632 1648 l.
662 1590 761 1649 verbo
783 1591 954 1666 composito
975 1590 1124 1666 tribuunt,
1154 1607 1242 1651 nemo
1264 1593 1431 1668 negaverit

227 1692 282 1752 eir.
303 1693 389 1772 Virg.
411 1695 489 1756 Aen.
511 1717 539 1757 x.
562 1700 610 1759 28.
649 1698 699 1773 „ln
720 1700 855 1759 Teucros
876 1699 1000 1759 Aetolis
1027 1701 1126 1776 surgit
1155 1700 1193 1758 ab
1218 1699 1311 1776 Argis
1332 1701 1430 1777 Tydi-

227 1797 310 1862 dee.“
358 1803 399 1863 Et
428 1809 460 1865 ut
486 1807 561 1866 illud
589 1808 778 1884 simplieitati
804 1808 954 1867 orationis
984 1807 1165 1868 Salustianae
1197 1807 1431 1868 convenientius

226 1925 298 1968 esse
320 1910 453 1984 videtur,
483 1912 526 1971 ita
550 1913 646 1972 verba
673 1915 844 1989 composita
868 1917 1036 1990 euaurpr'tie,
1065 1917 1223 1990 inrurpttia,
1257 1917 1432 1990 coaeurpr'tie

227 2017 327 2076 abiis
349 2017 486 2092 reposita
509 2035 581 2077 esse
602 2019 782 2096 putaverim,
811 2020 863 2094 qui
883 2019 973 2079 verbi
994 2020 1141 2097 simplicis
1163 2021 1224 2079 vim
1245 2022 1322 2080 satis
1342 2037 1431 2098 mag·

199 2145 202 2150 ¹
225 2141 292 2182 nam
314 2141 387 2185 esse
409 2127 511 2199 diffisi,
532 2126 805 2204 praepositionibus
823 2127 953 2186 adieetis
975 2128 1041 2186 aeui
1062 2130 1093 2186 et
1114 2128 1230 2187 intendi
1247 2129 1430 2187 statuebant.

225 2235 350 2292 maiores
370 2239 463 2294 noebr'
483 2236 553 2296 Bas.
574 2237 673 2308 reete;
703 2233 784 2309 quod
809 2234 997 2311 interpretes
1018 2235 1200 2308 reiecerunt,
1232 2233 1313 2308 qued
1335 2235 1431 2295 rnaior

224 2339 273 2398 vis
290 2341 440 2400 orationis
455 2345 549 2414 esset,
571 2357 637 2415 quae
652 2341 691 2398 ad
707 2340 791 2400 solas
807 2340 943 2400 rationes
960 2340 1061 2416 plebis
1074 2343 1202 2417 spectet.
1225 2340 1312 2415 quasi
1331 2339 1430 2398 blem-

224 2445 304 2503 miue
326 2463 385 2506 non
408 2447 528 2522 etipse
550 2444 702 2522 explebe
728 2443 849 2520 luisset,
882 2450 913 2505 et
941 2446 1089 2504 maiorum
1113 2445 1283 2521 exemplum
1310 2461 1369 2504 non
1391 2444 1431 2504 ad

225 2570 330 2613 omues
340 2555 518 2630 pertineret.
527 2571 631 2630 quare,
647 2554 707 2613 nisi
722 2554 782 2614 alie
798 2557 830 2614 et
840 2555 985 2630 graviora
995 2559 1172 2631 argumente
1183 2553 1359 2627 afferuntur,
1375 2550 1430 2611 cir.

224 2658 314 2720 Catil.
330 2663 377 2722 58.
394 2663 473 2722 licuit
484 2663 566 2721 nobie
581 2693 620 2704 -
634 2662 664 2721 in
679 2661 793 2722 talibus
803 2663 984 2738 optimorum
996 2661 1143 2721 librorum
1154 2661 1323 2720 auotoritas
1337 2660 1429 2718 valet.

304 2771 406 2826 suimet
423 2771 479 2842 ipsi
499 2785 579 2826 more
592 2767 662 2827 Bas.
682 2767 771 2827 Paris
799 2769 864 2826 box.
886 2767 1082 2826 librariorum
1105 2783 1222 2827 errore.
1243 2768 1292 2844 poi
1309 2781 1430 2841 repetunt

218 2890 332 2948 porore
351 2873 445 2932 oiedot
465 2874 522 2950 spl.
542 2891 570 2932 rr.
592 2872 664 2932 Bas.

308 2982 362 3039 Vua
383 2983 412 3039 in
433 2983 552 3054 imperio
572 2985 633 3039 noti
654 2979 725 3039 Bes.
746 2979 815 3039 Vat.
830 2979 927 3040 Paris.
942 2981 971 3040 b.
988 2997 1012 3040 e.
1027 2999 1055 3039 x.
1077 2999 1103 3038 u.
1122 2978 1226 3054 lectio,
1248 2997 1338 3055 quam
1354 2979 1429 3040 olim

221 3087 368 3146 reiectam
389 3088 449 3148 iam
471 3088 501 3146 in
522 3089 640 3147 minore
662 3088 797 3147 editione
812 3089 964 3165 expressi,
986 3090 1169 3165 optimorum
1184 3088 1333 3148 librorum
1353 3105 1429 3148 aue-

222 3193 352 3254 toritate
387 3212 447 3255 nou
482 3196 580 3255 minus
613 3213 703 3271 quam
741 3211 850 3254 sensus
887 3195 1090 3256 eoneinnitate
1124 3195 1308 3256 defenditur.
1354 3193 1429 3255 Eius

222 3303 301 3361 enim
323 3303 452 3378 animus,
476 3303 580 3377 quiin
602 3303 804 3379 possessione
827 3303 948 3379 imperii
969 3305 1059 3362 uatus
1082 3308 1139 3379 est,
1166 3304 1264 3379 inagis
1285 3320 1303 3361 a
1325 3302 1428 3362 servi·

222 3409 288 3466 tute
303 3407 461 3481 abhorret,
484 3424 571 3482 quam
587 3408 622 3484 is,
647 3424 736 3483 quem
751 3407 864 3467 frivola
883 3409 1012 3483 quadam
1027 3409 1204 3468 adulatione
1218 3409 1257 3467 ad
1272 3409 1428 3486 imperan-

222 3513 412 3574 demnatum
441 3530 513 3573 esse
541 3515 664 3574 dixeris.
686 3515 759 3573 vide
785 3513 880 3573 inira:
912 3529 963 3574 oea
988 3517 1177 3589 imperotores
1207 3519 1332 3575 omnium
1352 3532 1427 3592 perr·

221 3627 289 3683 dum
302 3655 343 3664 —
357 3639 453 3681 nonne
473 3639 584 3681 nummo
604 3641 665 3698 ope.
687 3624 740 3684 alii
763 3624 901 3683 seribunt
923 3641 982 3683 noo
1001 3624 1093 3701 idque
1112 3624 1211 3684 solum
1225 3627 1341 3682 reatum
1357 3639 1428 3682 ease

222 3732 370 3806 statuunt;
402 3747 470 3805 quae
496 3746 593 3806 nuper
621 3731 659 3790 de
689 3732 795 3791 barum
821 3731 1039 3808 particularum
1067 3731 1245 3790 discrimine
1272 3730 1427 3806 disputata

222 3841 299 3910 sunt,
330 3836 369 3894 ab
401 3836 478 3914 ipsis
513 3837 719 3912 grammatiois
745 3837 924 3897 addubitata
951 3841 1030 3910 sunt,
1063 3853 1163 3911 neque
1191 3853 1258 3894 eam
1279 3837 1342 3895 vim
1364 3838 1424 3896 ba·

221 3944 296 4003 bere
318 3943 439 4020 debent,
469 3948 502 4004 ut
527 3946 709 4022 optimorum
730 3946 878 4006 librorum
899 3945 988 4006 iidem
1011 3945 1131 4005 tollant.
1153 3944 1208 4004 eir.
1230 3942 1365 4020 Madvig.
1387 3941 1427 4001 ad

221 4049 281 4110 Cio.
304 4051 344 4110 de
365 4050 429 4110 Fin.
450 4071 479 4111 ιι.
509 4055 536 4110 3.
565 4054 611 4111 10.
639 4070 667 4129 p.
690 4055 756 4111 153.
786 4053 842 4112 sed
871 4053 991 4112 etiamsi
1017 4069 1092 4111 vere
1120 4052 1173 4110 illa
1200 4051 1282 4110 diota
1310 4051 1425 4124 essent,

219 4175 315 4218 nonne
334 4160 435 4219 looum
450 4177 535 4219 suum
556 4163 703 4219 tueretur.
740 4160 884 4228 Quamvis
900 4161 979 4218 enirn
999 4161 1157 4218 Memmius
1177 4158 1216 4217 de
1233 4157 1334 4234 plebis
1348 4172 1426 4214 con·

219 4267 332 4326 stantia
354 4266 551 4340 dubitaverit,
578 4271 678 4328 tameo
701 4283 738 4325 ea
759 4267 908 4326 orationis
929 4268 1028 4326 sernia
1050 4283 1124 4326 usus
1146 4269 1203 4340 ost,
1233 4269 1266 4324 ut
1287 4263 1386 4324 omnia
1408 4279 1426 4322 a

218 4371 374 4432 libertatis
395 4389 500 4433 amore
522 4389 649 4449 sperare
670 4373 837 4433 videretur.
859 4391 914 4450 quo
936 4377 1029 4432 maius
1048 4373 1118 4430 Bas.
1142 4372 1173 4430 et
1190 4371 1322 4448 optimus
1337 4368 1425 4444 quis-

220 4495 278 4554 que
301 4479 389 4538 liber.
411 4478 467 4538 sed
488 4480 560 4555 quia
581 4478 756 4538 deteriores
778 4481 906 4554 variant,
939 4484 971 4540 et
991 4479 1075 4556 quod,
1104 4482 1180 4555 quio,
1212 4481 1347 4554 quonium
1368 4493 1425 4534 ex-

218 4585 334 4662 bibent,
357 4602 394 4646 eo
410 4585 547 4645 nonnulli
562 4586 700 4647 editores
714 4585 898 4645 insolentius
916 4584 994 4662 quod
1005 4584 1217 4662 praetulerunt,
1238 4581 1321 4658 quod
1335 4597 1424 4640 nemo

219 4692 386 4766 damnaret,
412 4692 441 4751 si
465 4692 610 4751 meliores
639 4691 713 4751 libri
733 4695 900 4752 tuerentur.
927 4693 1016 4750 meeis
1041 4693 1149 4750 noenia
1170 4687 1240 4748 Bas.
1263 4689 1331 4749 Tur.
1354 4687 1422 4749 lor·
