3702 5600
1344 657 1416 728 525

211 853 321 914 aiano
341 853 516 931 ioncctoqae
535 855 566 912 im
583 869 707 929 mavum
727 851 890 912 moueatur
908 857 958 910 est.
987 857 1095 913 nostro
1116 852 1188 913 loco
1209 854 1332 913 variant
1345 853 1418 914 libri

210 964 286 1020 mter
304 961 408 1020 bonam
430 967 522 1038 atquc,
553 967 587 1034 et,
620 977 663 1034 ac,
694 966 752 1034 out,
779 977 846 1034 quae
867 959 968 1018 omnia
992 961 1065 1036 poni
1086 963 1236 1037 poterant.
1268 970 1319 1023 aut
1338 964 1417 1022 enim

210 1087 270 1130 non
286 1087 409 1146 semper
429 1069 594 1146 opponitur
615 1067 671 1138 sed
691 1065 862 1126 orationem
884 1067 985 1126 variat
1003 1072 1035 1126 et
1053 1085 1224 1144 synonyma
1243 1069 1341 1146 iungit
1361 1071 1416 1130 cfr.

211 1175 307 1236 Hand.
322 1175 511 1237 Turscilinus
532 1174 553 1234 Ι.
576 1192 604 1252 p.
620 1177 687 1233 555.
703 1174 807 1233 bonam
821 1175 1035 1234 actionarium
1049 1176 1142 1252 igitur
1157 1193 1216 1234 non
1230 1176 1322 1252 plane
1337 1179 1417 1238 idem

212 1284 372 1360 significat,
394 1284 476 1359 quod
497 1284 600 1342 tomam
621 1289 706 1359 atque
719 1282 875 1342 tonarium.
897 1287 930 1342 ut
951 1284 1030 1342 enim
1052 1284 1111 1342 iam
1133 1284 1236 1343 bonum
1257 1289 1342 1360 atque
1362 1284 1417 1342 io-

211 1397 320 1450 naatum
341 1391 484 1449 notiones
506 1389 602 1465 magis
625 1389 758 1464 seiungit
780 1405 868 1463 quam
889 1389 993 1448 ionum
1016 1396 1045 1448 at
1063 1391 1115 1449 vel
1135 1392 1238 1450 ionum
1252 1390 1418 1450 innectum-

212 1513 275 1574 quc,
299 1497 341 1556 ita
364 1501 415 1554 aut
435 1495 531 1570 magis
554 1495 646 1553 etiam
668 1494 740 1553 illas
763 1493 891 1569 dirimit3
923 1493 1005 1569 qnod
1028 1493 1149 1569 quidem
1172 1495 1330 1556 commode
1351 1495 1419 1556 ficri

211 1605 323 1679 potest,
345 1619 412 1660 cum
433 1601 537 1660 bonam
557 1600 685 1676 propius
708 1599 747 1658 ad
767 1599 925 1658 notionem
947 1599 1100 1675 utilitatis,
1130 1600 1278 1661 comeciam
1299 1602 1337 1661 ad
1360 1604 1419 1662 de·

212 1709 295 1768 coris
323 1707 374 1766 vei
399 1706 572 1766 honestatis
601 1706 738 1764 accedat.
781 1705 848 1764 Non
879 1706 977 1765 solum
1008 1707 1102 1782 igitur
1125 1724 1217 1781 cupra
1238 1707 1342 1768 bonam
1363 1709 1420 1769 sed

213 1816 305 1875 ctiam
326 1831 416 1890 supra
436 1814 585 1873 immotam
600 1813 756 1887 percamus
777 1821 827 1872 ert.

295 1939 319 1981 c.
342 1925 389 1982 83.
417 1923 507 1982 icona
528 1922 558 1980 P.
580 1923 610 1981 ii.
632 1923 661 1981 li.
687 1925 718 1980 ni
739 1922 796 1999 spl.
819 1922 888 1982 Par.
910 1941 937 1982 a.
965 1922 1036 1983 Bas.
1062 1926 1256 2002 amicumque
1277 1926 1366 1986 idern.
1394 1932 1422 1987 et

213 2049 383 2109 quamquam
406 2032 495 2090 idem.
517 2047 678 2106 mommo
698 2029 767 2090 Par.
789 2050 816 2091 z.
832 2032 964 2105 floremus
987 2031 1057 2091 Bas.
1083 2032 1152 2091 Par.
1169 2051 1193 2091 a.
1215 2036 1329 2092 nunciis
1349 2034 1420 2094 Bas.

213 2138 273 2197 Pro
294 2139 384 2197 tortis
401 2137 501 2213 popuii
515 2138 635 2196 Romami
657 2136 739 2211 quod
755 2141 786 2196 et
801 2138 871 2196 Bas.
895 2142 928 2196 et
942 2138 1010 2196 Par.
1032 2156 1058 2196 z.
1080 2143 1210 2211 tuentur,
1241 2139 1295 2198 alii
1312 2140 1420 2215 populo

214 2249 360 2320 Romamo,·
383 2245 465 2320 quod
480 2263 539 2304 non
556 2244 652 2302 minus
667 2244 746 2302 bene
761 2242 910 2318 Latinum,
929 2243 983 2303 cfr.
1003 2261 1096 2321 supra
1119 2262 1143 2304 c.
1160 2248 1205 2304 10.
1222 2249 1248 2304 ri
1261 2249 1318 2305 taio
1331 2246 1421 2306 iaaac

210 2353 308 2429 suerio
337 2354 368 2410 et
389 2369 413 2410 c.
438 2353 485 2409 rt.
507 2353 555 2428 qai
576 2350 657 2410 nobie
677 2351 704 2408 i.
724 2351 788 2426 fait.
811 2348 866 2408 cir.
896 2351 987 2409 etiam
1009 2366 1035 2409 c.
1064 2353 1090 2409 7.
1117 2355 1165 2428 qui
1192 2357 1259 2410 tuac
1284 2353 1421 2412 Romanis

212 2461 370 2534 imperator
387 2459 452 2535 sirit
493 2455 554 2516 Sed
576 2456 643 2514 haeo
665 2457 765 2515 omnia
788 2457 969 2532 optimorum
991 2457 1139 2516 librorum
1162 2459 1340 2518 testimonia
1362 2476 1421 2518 non

214 2569 373 2638 evertunt;
404 2567 493 2623 immo
517 2564 619 2622 hostis
645 2562 746 2638 poprdi
769 2563 855 2635 fieret
875 2564 967 2623 etiam
994 2581 1012 2622 a
1032 2561 1198 2624 Latinitate
1217 2566 1312 2642 magis
1334 2583 1422 2626 com-

214 2672 384 2746 mendatur,
409 2672 445 2746 si,
472 2670 553 2746 quod
575 2671 728 2745 interpres
757 2669 878 2744 qnidam
903 2669 1010 2745 voluit,
1037 2670 1160 2728 dativus
1186 2688 1245 2730 non
1271 2673 1309 2730 ab
1331 2673 1421 2732 toras

218 2779 276 2838 sed
297 2795 316 2837 a
337 2779 435 2838 verbo
457 2795 522 2837 erac
542 2776 701 2854 penderet.
724 2782 752 2834 et
770 2793 941 2852 quamquam
963 2777 1006 2835 ita
1022 2776 1091 2835 Bas.
1113 2781 1145 2836 et
1158 2778 1227 2837 Par.
1245 2796 1270 2837 a.
1293 2782 1332 2839 ab
1353 2796 1422 2839 om-

214 2887 303 2945 nibns
325 2885 391 2944 iero
413 2884 585 2944 editoribus
606 2890 634 2942 at
655 2885 812 2959 omissum;
838 2883 920 2958 quod
947 2900 1036 2957 quarn
1063 2883 1155 2944 facile
1175 2891 1247 2961 post
1267 2891 1344 2944 esset
1364 2904 1423 2945 ex·

215 2993 320 3051 cidere
341 2993 486 3069 potuerit,
515 3007 602 3050 nemo
625 3007 684 3048 non
707 2988 860 3064 inteiligit.
890 2994 919 3046 et
939 2989 1018 3048 bone
1040 2988 1197 3065 coniungit
1220 2991 1281 3050 duo
1303 2994 1422 3052 oratio-

215 3101 262 3159 nis
288 3099 435 3158 membra:
458 3113 522 3174 qum
537 3099 637 3171 potior
657 3095 730 3154 teilo
752 3101 829 3153 essct
848 3097 880 3153 et
900 3111 1066 3172 quanquam
1086 3095 1252 3168 confideret.

298 3221 322 3263 c.
345 3206 393 3263 st.
420 3203 515 3278 motio
536 3205 656 3276 capiere
674 3233 715 3244 -
730 3203 853 3276 promia
872 3199 980 3258 tabere
997 3229 1035 3240 -
1050 3201 1199 3260 ambiendo
1219 3233 1258 3244 -
1280 3204 1423 3265 adcor-raa

216 3316 281 3369 erat
303 3345 341 3354 —
362 3310 446 3385 plebe
466 3310 600 3368 miliciam
621 3307 731 3368 notente
752 3341 790 3350 -—
811 3307 888 3383 coifi
909 3340 949 3352 -
971 3306 1066 3366 tutam
1088 3341 1126 3350 -
1146 3309 1206 3368 coit
1225 3344 1262 3354 —
1284 3310 1356 3373 Bas.
1383 3313 1423 3374 de

217 3418 335 3478 mendis
365 3417 527 3493 scripturae
556 3417 677 3489 copiosa
707 3415 739 3474 et
763 3418 886 3490 promia
915 3429 973 3490 pro
1000 3417 1097 3489 priam
1118 3415 1206 3492 pinra
1226 3417 1342 3478 addere
1364 3437 1423 3480 non

217 3540 303 3600 opus.
324 3539 381 3600 pro
391 3522 475 3596 pieta
494 3521 627 3581 miliciam
647 3520 758 3579 colemc
775 3519 843 3578 Par.
865 3538 890 3578 z.
905 3523 1005 3578 recte:
1024 3520 1101 3594 plebi
1121 3521 1222 3580 militia
1241 3523 1346 3584 comati
1367 3527 1424 3586 sed

216 3631 355 3706 primitus
371 3629 455 3704 pace
475 3645 602 3704 eamque
623 3643 745 3686 causam
766 3627 951 3703 corruptelae
972 3625 1069 3686 tuisse
1084 3631 1166 3703 puto.
1190 3646 1279 3704 quam
1299 3632 1422 3706 quidem

218 3737 344 3797 sormam
366 3753 433 3796 cum
453 3735 574 3795 librarii
595 3751 653 3812 pro
676 3733 813 3793 ablativo
836 3734 987 3792 haberent
1006 3732 1112 3792 calcati
1134 3735 1215 3809 quod
1238 3740 1286 3796 est
1307 3738 1338 3796 in
1353 3739 1423 3798 Par.

217 3862 243 3902 a.
264 3843 329 3902 Eia.
350 3842 435 3902 Leid.
461 3844 491 3902 in
520 3841 631 3901 colente
659 3844 862 3917 corruperunt
889 3844 921 3898 et
946 3839 1155 3898 accusativum
1182 3840 1309 3901 militam
1334 3844 1422 3904 adie-

217 3951 333 4010 cerunt.
356 3967 461 4010 voram
480 3950 646 4009 lectionem
663 3949 822 4009 confirmat
839 3946 989 4006 Priscian.
1012 3946 1059 4005 ed.
1075 3945 1128 4005 Kr.
1148 3965 1233 4006 xvnr.
1249 3951 1296 4009 20.
1311 3967 1340 4027 p.
1358 3953 1424 4010 181.

218 4056 270 4131 qui
298 4057 377 4116 hanc
405 4060 589 4116 structuram
618 4053 775 4114 aGraecis
800 4053 922 4130 repetit,
954 4057 985 4112 et
1006 4051 1243 4114 Demosthenem
1267 4060 1426 4134 comparat

221 4157 382 4247 „corenam
411 4151 449 4225 ἂν
469 4155 679 4240 βουλομένοις
703 4149 722 4245 ᾖ
743 4148 875 4232 τούτοις
896 4146 1029 4234 ἀκούειν,
1054 4147 1293 4244 μνησθήσομαι.
1332 4163 1424 4224 Salu-

219 4271 296 4330 stius
318 4271 348 4328 in
370 4269 541 4346 logurtino:
565 4268 671 4344 Neque
693 4268 777 4346 plebi
800 4268 906 4327 militia
928 4267 1047 4326 volenti
1068 4263 1258 4343 putabatur.“

300 4394 325 4436 c.
346 4380 395 4436 85.
416 4377 525 4436 iisdem
545 4376 657 4435 artibus
676 4373 747 4433 Bas.
771 4373 837 4432 Par.
860 4390 885 4432 c.
900 4391 929 4432 x.
944 4374 1013 4434 Tur.
1034 4375 1124 4433 isdem
1143 4375 1211 4434 Par.
1227 4395 1253 4434 z.
1274 4375 1340 4436 Ein.
1356 4379 1424 4438 Vat.

218 4485 365 4560 mppiiciia
386 4484 451 4544 Ein.
472 4485 608 4560 supplicia
629 4501 646 4542 c
666 4484 722 4560 spi
745 4483 813 4542 Par.
827 4483 971 4558 meoticas
986 4481 1056 4542 Bas.
1075 4484 1177 4543 acirim
1190 4483 1255 4543 Eia.
1275 4485 1340 4544 daim
1355 4482 1425 4544 Bas.

218 4593 319 4650 deiram
345 4609 442 4669 nuper
472 4591 595 4651 editum.
613 4590 735 4667 plution.
762 4590 832 4648 Bas.
860 4590 928 4649 Par.
954 4609 982 4648 x.
1001 4590 1096 4664 piaris
1118 4598 1162 4650 cet
1180 4591 1248 4650 Tur.
1270 4589 1337 4651 Eia.
1354 4592 1426 4668 pla-

219 4701 263 4757 rie
283 4703 359 4758 maia.
383 4698 451 4757 Par.
474 4715 500 4756 a.
520 4699 699 4774 profectura
713 4696 783 4756 Bas.
800 4714 837 4754 ιιι.
853 4699 881 4755 2.
903 4703 936 4755 et
950 4697 1017 4755 Par.
1032 4715 1062 4756 x.
1081 4698 1132 4772 qui
1154 4697 1222 4757 scre
1241 4699 1272 4757 in
1286 4699 1426 4758 omnihus
