3610 5592
1342 621 1383 689 nt

180 823 262 894 belli
288 824 436 894 laciuora
462 831 591 914 parent:
619 843 690 892 sese
715 821 908 914 propediem
930 845 1005 892 cum
1024 844 1146 913 magno
1172 823 1321 893 exercitu
1346 823 1389 892 ad

179 949 300 1018 urbem
334 969 553 1018 accessurum.
604 949 692 1018 Dum
727 947 799 1017 haec
825 947 939 1016 llomae
972 957 1146 1038 geruntur,
1181 947 1220 1016 G.
1246 946 1389 1018 Manlius

179 1095 225 1141 ex
248 1095 310 1142 suo
336 1094 476 1142 numero
501 1073 625 1164 legatos
650 1071 692 1142 ad
713 1070 875 1143 llarcinm
900 1072 1026 1162 Regem
1052 1071 1164 1152 mittit,
1191 1093 1265 1141 cum
1292 1093 1390 1140 man-

179 1195 265 1266 datis
291 1195 536 1267 huiuscemodi-z

255 1343 380 1391 mm.
434 1320 542 1390 «Deos
560 1319 778 1412 hominesque
800 1329 971 1401 testamur,
998 1320 1190 1413 imperator,
1217 1341 1278 1390 nos
1296 1342 1388 1390 arma

179 1469 292 1538 neque
331 1453 445 1514 oontm
481 1443 621 1535 patriam
659 1443 799 1537 cepisse,
841 1467 950 1536 neque
993 1467 1059 1537 quo
1095 1444 1279 1537 periculum
1315 1443 1389 1512 aliis

180 1568 386 1651 laceremus,
412 1567 469 1637 sed
494 1566 543 1638 uti
567 1589 706 1659 corpora
731 1577 842 1637 nostra
868 1567 910 1636 ah
936 1567 1058 1637 iniuria
1084 1575 1152 1638 tuta
1178 1567 1303 1650 forent,
1331 1569 1389 1660 qui

178 1693 312 1774 miseri,
340 1701 493 1783 egentes,
517 1689 674 1761 violentia
698 1701 798 1782 atque
825 1691 1017 1761 crudelitate
1035 1691 1258 1763 feneratorum
1284 1693 1389 1784 pleri-

178 1839 246 1908 que
272 1817 403 1909 patriae,
437 1815 494 1885 sed
520 1837 635 1884 omnes
665 1815 753 1886 lama
787 1825 886 1907 atque
920 1815 1058 1885 fortunis
1084 1826 1234 1908 expertes
1259 1839 1387 1897 sumus;

177 1964 290 2033 neque
316 1941 471 2034 cuiquam
497 1951 643 2011 nostrum
661 1940 755 2011 licuit
784 1962 877 2010 more
895 1938 1059 2009 maiorum
1084 1940 1159 2032 lege
1185 1941 1252 2023 uti,
1278 1963 1388 2035 neque

177 2067 301 2134 amisso
334 2065 532 2157 patrimonio
558 2065 700 2135 liberum
726 2087 844 2156 corpus
869 2063 1006 2134 habere:
1033 2076 1124 2134 tanta
1148 2065 1273 2144 saevitia
1294 2067 1389 2136 lene-

177 2199 328 2258 ratorum
364 2198 464 2280 atque
499 2189 646 2280 praetoris
680 2188 752 2258 luit.
803 2189 903 2281 Saepe·
931 2189 1072 2259 maiores
1106 2193 1223 2272 vestri,
1263 2191 1388 2262 miserti

178 2311 286 2405 plelris
316 2313 490 2393 Romanae,
526 2310 666 2381 decretis
691 2313 758 2382 suis
783 2311 903 2406 inopiae
930 2315 1001 2385 eius
1034 2313 1183 2408 opitulati
1214 2326 1310 2396 suut;
1349 2341 1388 2387 ac

177 2437 368 2506 novissume
393 2436 553 2505 memoria
577 2445 688 2506 nostra
720 2447 854 2530 propter
879 2439 1142 2529 magnitudinem
1173 2441 1248 2510 aeris
1273 2441 1387 2523 alieni,

178 2560 365 2631 volentibus
390 2560 543 2631 omnibus
568 2561 683 2644 bonis,
717 2571 892 2653 argentum
922 2585 988 2633 rere
1013 2565 1156 2634 solutum
1183 2575 1241 2634 est.
1293 2566 1388 2659 Saepe

179 2685 250 2778 ipsa
265 2685 379 2778 pleps,
404 2695 461 2756 aut
492 2685 684 2756 dominandi
713 2685 820 2756 studio
845 2697 994 2779 permota
1026 2697 1084 2759 aut
1105 2689 1260 2782 superbia
1281 2690 1390 2782 magi-

178 2819 360 2890 stratuum,
393 2820 519 2880 armata
543 2834 564 2880 a
585 2809 732 2903 patribus
757 2811 900 2881 secessit.
952 2813 995 2883 At
1020 2834 1079 2881 nos
1110 2835 1177 2882 nou
1212 2813 1388 2906 imperium

179 2955 288 3024 neque
330 2934 461 3005 divitias
496 2935 658 3027 petimus,
696 2957 838 3026 quarum
880 2959 992 3006 rerum
1030 2961 1128 3008 causa
1163 2938 1252 3008 bella
1290 2948 1388 3030 atque

178 3059 358 3130 certamina
383 3059 495 3128 omnia
527 3060 613 3128 inter
648 3060 803 3130 mortales
836 3071 922 3144 sunt,
957 3062 1014 3132 sed
1048 3062 1248 3145 libertatern,
1288 3086 1387 3154 quam

178 3183 402 3255 nemobonus
427 3183 490 3252 nisi
514 3205 591 3254 cum
615 3183 727 3254 anima
752 3185 851 3255 simul
868 3186 996 3259 amittit.
1042 3187 1089 3256 Te
1115 3196 1213 3279 atque
1239 3197 1387 3256 senatum

177 3308 399 3387 obtestamur,
427 3307 605 3377 consulatis
630 3307 759 3379 miseris
779 3310 923 3391 civibus,
951 3311 1034 3401 legis
1060 3310 1270 3402 presidium,
1298 3311 1388 3403 quod

178 3432 336 3523 iniquitas
369 3433 519 3525 praetoris
545 3433 681 3526 eripuit,
715 3434 911 3515 restituatis,
942 3457 1024 3505 neve
1051 3435 1146 3504 nobis
1171 3457 1245 3504 eam
1272 3459 1389 3505 neces-

177 3555 354 3626 situdinem
399 3555 582 3648 inponatis,
616 3569 652 3627 ut
684 3581 886 3649 quaeramus,
919 3582 1064 3651 quonam
1100 3559 1199 3629 modo
1236 3581 1388 3630 maxume

179 3680 240 3750 ulti
264 3680 461 3770 sanguinem
487 3689 634 3750 nostrum
661 3704 869 3773 pereamus.»

252 3827 372 3874 xxmv.
424 3803 476 3875 Ad
493 3804 564 3874 haec
582 3803 624 3888 Q.
643 3805 786 3875 Marcius
802 3807 990 3897 respondit:
1021 3807 1077 3875 «Si
1104 3806 1184 3897 quid
1215 3807 1257 3876 ab
1274 3819 1388 3876 senatu

178 3939 289 4021 petere
316 3928 455 4006 vellent,
481 3929 523 3998 ab
549 3929 650 3997 armis
668 3929 852 4009 discedant,
880 3930 1020 4000 Romam
1047 3930 1211 4022 supplices
1238 3931 1389 4023 proficis-

177 4063 313 4130 cantur;
349 4075 389 4122 ea
420 4053 671 4123 mansuetudine
704 4064 802 4145 atque
839 4053 1065 4124 misericordia
1099 4067 1248 4124 senatum
1283 4078 1390 4148 popu-

176 4177 314 4267 lumque
340 4178 527 4247 Romanum
561 4199 692 4270 semper
722 4177 840 4258 luisse,
881 4188 915 4247 ut
948 4200 1047 4247 nemo
1081 4200 1238 4269 umquam
1274 4178 1315 4247 ab
1349 4202 1390 4247 eo

176 4301 298 4370 frustra
323 4301 485 4370 auxilium
517 4301 702 4394 petiverit.»
755 4303 800 4374 At
824 4301 966 4372 Catilina
1001 4326 1042 4371 ex
1077 4302 1194 4373 itinere
1219 4303 1389 4395 plerisque

175 4425 424 4506 consularibus,
468 4437 628 4518 praeterea
659 4435 795 4519 optumo
829 4427 950 4519 cuique
993 4428 1116 4496 litteras
1153 4426 1268 4496 mittit:
1324 4429 1388 4496 «Se

175 4549 267 4618 falsis
293 4549 488 4620 criminibus
514 4552 792 4634 circumventum,
831 4552 990 4644 quoniam
1017 4551 1151 4621 factioni
1177 4550 1388 4620 inimicorum

175 4673 330 4744 resistere
370 4674 573 4768 nequiverit,
613 4676 753 4747 lorlunae
786 4677 923 4758 cedere,
963 4675 1141 4748 Massiliam
1176 4675 1210 4744 in
1251 4675 1387 4745 exilium
