3576 5602
456 643 530 714 131)

453 853 556 915 tatum
583 843 670 915 inde.
718 846 844 916 Plinius
871 861 937 916 not.
964 847 1036 916 bist.
1061 845 1095 928 t,
1123 845 1182 927 60,
1209 845 1294 919 214.
1340 851 1524 919 Varronem
1551 859 1658 918 autem

452 967 584 1038 trudere
621 969 666 1038 bl.
692 967 845 1048 Valerio,
885 967 963 1059 quie
995 969 1128 1061 saepius
1158 969 1302 1051 vicerat,
1345 972 1444 1042 sedes
1477 973 1509 1041 iu
1537 973 1659 1042 Palatio

453 1094 604 1174 tributas,
631 1091 754 1161 Lucius
773 1091 939 1185 Hyginius
966 1091 1045 1162 dicit
1070 1093 1104 1160 in
1131 1093 1216 1163 libro
1242 1095 1351 1186 priore
1377 1094 1420 1166 de
1446 1097 1525 1166 viris
1551 1097 1658 1167 claris.

453 1219 608 1287 Asconius
640 1218 683 1286 nd
716 1217 777 1285 110.
808 1218 845 1284 io
878 1217 1024 1285 Pisonem
1056 1241 1089 1308 p.
1120 1215 1164 1288 13
1192 1217 1289 1288 Orell.
1391 1223 1451 1291 60.
1485 1223 1530 1292 ll.
1556 1223 1659 1292 Varro

453 1353 652 1422 auctorest,
679 1363 754 1410 cum
787 1343 825 1410 L.
851 1341 1005 1410 Metellus
1032 1341 1065 1409 iu
1091 1341 1260 1434 triumpho
1286 1344 1446 1436 plurimos
1472 1343 1566 1414 duxit
1592 1346 1659 1414 ele-

453 1467 605 1560 phantos,
637 1463 765 1534 essibus
790 1463 931 1554 siugulis
957 1460 1052 1533 larris
1078 1463 1204 1533 modios
1235 1467 1346 1546 luisse,
1380 1468 1458 1536 item
1486 1467 1553 1538 vini
1579 1490 1658 1536 con·

453 1591 525 1684 gim
549 1589 670 1681 licique
695 1588 801 1656 siccae
827 1586 937 1679 poudo
955 1589 1058 1670 XXX,
1085 1589 1153 1658 olei
1172 1591 1283 1681 pondo
1300 1593 1341 1674 X,
1369 1593 1476 1662 carnis
1494 1593 1565 1662 Xll.
1591 1593 1659 1661 Pli-

451 1718 528 1786 nius
544 1727 611 1783 not.
635 1713 707 1780 bist.
731 1709 788 1790 18,
815 1707 850 1790 3,
880 1709 936 1781 17.
979 1712 1085 1782 Varro
1111 1712 1153 1782 de
1179 1714 1245 1783 vitu
1271 1717 1304 1784 P.
1324 1717 1363 1784 R.
1391 1717 1449 1786 lib.
1468 1719 1547 1786 llll:
1581 1739 1655 1785 cum

452 1841 582 1910 Poenus
607 1835 641 1903 in
669 1835 790 1905 lretum
815 1834 946 1903 obviem
972 1835 1115 1904 venisset
1136 1837 1255 1905 nostris
1277 1849 1309 1907 et
1330 1839 1491 1930 quosdam
1510 1842 1655 1933 cepisset,

452 1961 682 2035 crudelissime
708 1981 769 2051 pro
795 1959 946 2052 palangis
972 1959 1093 2028 cerinis
1119 1961 1317 2044 subiecerat,
1352 1985 1420 2056 quo
1450 1977 1540 2034 metu
1566 1965 1657 2036 debi-

452 2091 564 2162 litaret
588 2097 728 2156 nostros.
771 2086 896 2154 Nonius
918 2109 951 2177 p.
982 2082 1064 2167 163,
1090 2085 1150 2156 27.
1183 2092 1241 2179 cfr.
1276 2091 1345 2158 Vol.
1372 2091 1538 2158 dlnnimnr
1562 2089 1595 2170 9,
1622 2088 1653 2168 2,

453 2230 515 2286 ent.
541 2212 573 2284 1.
617 2209 768 2280 Tradidit
793 2209 912 2280 Cicero
932 2261 939 2276 .
956 2261 964 2278 .
983 2210 1083 2278 luisse
1109 2210 1167 2304 qui
1194 2211 1381 2303 pervideret
1401 2213 1552 2284 CXXXV
1569 2213 1656 2282 milia

452 2359 622 2432 passuum.
668 2337 756 2406 Huic
783 2347 815 2405 01
841 2357 961 2405 nomen
990 2339 1033 2406 ll.
1059 2337 1165 2406 Varro
1190 2337 1342 2419 reddidit,
1378 2339 1574 2409 Strabonem
1600 2363 1656 2407 vo-

452 2475 580 2542 catum;
619 2459 751 2529 solitum
781 2470 891 2528 nutem
919 2459 1043 2529 Punico
1070 2459 1159 2529 bello
1184 2483 1205 2528 0
1229 2459 1390 2554 Lilybaeo
1420 2462 1556 2532 Siciliae
1581 2485 1656 2555 pro·

452 2586 625 2667 montorio,
651 2593 793 2654 exeunte
819 2584 922 2653 classe
944 2606 963 2653 0
983 2583 1194 2675 Carthaginis
1220 2596 1327 2677 portu,
1354 2587 1453 2656 etiam
1481 2609 1652 2657 numerum

451 2711 585 2782 navium
613 2709 737 2779 dicere.
780 2709 906 2778 Plinius
926 2723 993 2778 ont.
1013 2709 1086 2778 bist.
1110 2707 1144 2790 7,
1170 2708 1230 2789 21,
1258 2711 1315 2780 85.
1353 2711 1485 2782 Solinus
1500 2713 1605 2805 polyb.
1623 2709 1654 2782 6.

451 2839 554 2908 Plane
586 2835 773 2906 fabulosum
806 2845 868 2914 est,
907 2833 995 2927 quod
1025 2836 1133 2906 Varro
1165 2848 1287 2906 narrat.
1339 2837 1395 2907 Ait
1429 2837 1519 2907 enim
1552 2838 1655 2908 Siculo

452 2962 542 3032 bello
580 2982 655 3030 cum
688 2981 846 3049 magnum
878 2959 995 3027 navale
1027 2959 1191 3050 proelium
1225 2961 1347 3031 lectum
1381 2975 1465 3032 esset
1500 2963 1655 3056 multique

452 3085 552 3155 etiem
579 3083 769 3176 superstites
795 3084 878 3152 10100
904 3083 1137 3153 nuntiarentur
1162 3085 1317 3177 periisse,
1357 3085 1416 3155 bos
1450 3087 1485 3155 iu
1520 3087 1654 3180 petriam

451 3209 590 3281 reduces
617 3209 719 3278 100100
741 3208 827 3278 intra
845 3208 945 3278 breve
963 3219 1091 3300 tempus
1117 3218 1263 3278 mortuos
1285 3231 1356 3279 esse
1375 3211 1561 3280 universos.
1597 3209 1654 3280 Sed

452 3355 568 3413 unum,
595 3335 653 3428 qui
679 3335 766 3404 iores
791 3357 870 3404 casu
896 3335 1086 3404 offendisset
1120 3335 1164 3404 110
1190 3336 1341 3405 00010000
1375 3345 1409 3405 01
1438 3337 1565 3428 aperiri
1594 3358 1654 3404 non

452 3467 595 3550 possent,
624 3479 700 3526 cum
727 3457 787 3528 sub
814 3457 890 3527 divo
916 3456 1177 3538 obdormivisset,
1204 3480 1265 3550 per
1290 3459 1433 3550 quietem
1459 3460 1569 3528 visum
1590 3481 1655 3527 esse

451 3605 471 3651 0
502 3581 646 3674 quodam
676 3579 864 3660 admoneri,
908 3591 943 3651 ut
974 3579 1118 3673 desuper
1151 3603 1212 3673 per
1244 3593 1364 3652 tectum
1398 3583 1432 3650 iu
1460 3581 1599 3652 domum
1623 3604 1654 3650 se

452 3705 656 3787 demitteret;
699 3704 788 3798 quod
823 3729 899 3774 cum
933 3704 1079 3786 lecisset,
1123 3705 1209 3774 boun
1245 3705 1375 3775 lortuno
1414 3706 1455 3775 ud
1496 3729 1654 3776 summum

452 3831 640 3924 pervenisse
665 3837 879 3898 senectutem.
927 3828 1038 3919 Atque
1072 3829 1114 3898 nb
1146 3827 1210 3897 boc
1240 3829 1394 3922 exemplo
1419 3851 1551 3898 morem
1578 3829 1655 3900 duc·

451 3963 538 4033 tum,
578 3961 614 4021 ut
646 3950 704 4044 qui
734 3951 986 4043 peregrinantes
1025 3952 1108 4021 10100
1145 3974 1279 4022 rumore
1314 3952 1434 4021 mortui
1469 3952 1550 4022 dicti
1585 3954 1654 4032 0101,

451 4100 528 4147 cum
558 4073 731 4154 redierint,
773 4097 839 4143 uon
878 4097 937 4167 per
970 4075 1105 4144 ianuam
1139 4074 1346 4167 excipiantur
1378 4074 1435 4143 sed
1477 4097 1654 4145 conscenso

452 4211 538 4271 tecto
572 4199 713 4292 desuper
745 4222 780 4268 se
820 4201 1038 4270 intromittere
1076 4202 1262 4297 iubeantur.
1319 4201 1505 4272 Plutarchus
1540 4215 1654 4294 penest.

452 4327 542 4395 Rom.
564 4324 598 4396 5.
637 4326 745 4396 Varro
772 4323 813 4394 de
839 4324 907 4393 vite
928 4325 963 4392 P.
981 4325 1023 4394 ll.
1050 4324 1108 4395 lib.
1133 4327 1191 4396 lll:
1231 4349 1308 4395 uem
1334 4337 1446 4418 posteo
1465 4326 1504 4396 G.
1529 4326 1655 4397 Lutatio

451 4449 578 4518 consuli
612 4448 652 4518 od
685 4447 821 4538 Aegatis
855 4447 995 4530 insulas,
1035 4471 1111 4518 cum
1148 4450 1217 4542 ipsa
1252 4451 1415 4543 catapulta
1448 4451 1533 4519 ictus
1564 4461 1654 4520 esset.

450 4575 575 4644 Nouius
598 4597 631 4666 p.
654 4573 738 4653 552,
762 4572 824 4643 22.
925 4574 985 4642 (il.
1018 4575 1124 4644 Varro
1150 4575 1191 4644 de
1218 4575 1284 4645 vite
1310 4577 1345 4644 P.
1370 4577 1409 4644 R.
1436 4573 1495 4644 lib.
1523 4576 1588 4645 lll:
1623 4575 1654 4642 Ρ.

451 4699 567 4769 Aelius
597 4701 714 4768 Paetus
752 4720 826 4767 cum
858 4709 943 4767 esset
976 4711 1107 4789 praetor
1140 4700 1284 4770 urbanus
1313 4711 1346 4768 et
1370 4699 1490 4768 sedens
1517 4701 1549 4768 in
1577 4699 1654 4767 sella
