3582 5594
1311 644 1357 713 89

154 787 297 911 tantilim
321 849 451 933 portam
477 840 645 934 inrumpit
696 842 741 911 Aa
769 840 871 910 nostri
896 841 1068 933 repentino
1094 851 1184 912 metu
1209 843 1355 935 perculsi

153 965 216 1035 sihi
249 964 393 1057 quisque
423 987 483 1057 pro
516 965 662 1036 moribus
695 963 888 1046 consulunt;
933 965 991 1035 alii
1019 965 1147 1056 lugere,
1180 966 1239 1036 alii
1264 989 1358 1038 mma

153 1112 288 1182 capere;
323 1110 445 1180 magna
477 1112 552 1182 pars
577 1090 740 1160 vulnerati
766 1100 822 1160 aut
846 1090 957 1160 occisi.
1010 1091 1164 1162 Ceterum
1198 1093 1358 1163 exomni

152 1213 364 1287 multitudine
399 1237 466 1284 non
498 1215 639 1307 amplius
667 1214 884 1308 qnadraginta
927 1237 1089 1286 memores
1123 1215 1263 1287 nominis
1289 1216 1359 1285 llo-

152 1339 243 1410 muni
278 1361 383 1432 grege
414 1341 502 1410 lacto
533 1341 643 1410 locum
677 1363 795 1433 cepere
820 1341 933 1433 paullo
963 1364 1063 1433 qnam
1088 1340 1146 1412 alii
1172 1341 1357 1422 editiorem,

152 1484 263 1554 neque
294 1462 373 1532 iude
405 1437 563 1532 maxuma
591 1462 624 1531 vi
650 1462 772 1555 depelli
805 1463 1001 1556 quiverunt;
1040 1462 1097 1532 sed
1130 1465 1196 1535 tela
1229 1467 1358 1536 eminus

152 1585 251 1656 missa
262 1585 444 1667 remittere,
470 1584 568 1677 pauci
586 1585 620 1654 in
637 1585 786 1677 pluribus
803 1587 912 1657 minus
930 1586 1098 1656 frustrari:
1137 1589 1187 1657 sin
1204 1589 1358 1660 Numidae

151 1710 290 1803 propius
313 1709 537 1794 accessissent,
564 1709 612 1780 ihi
627 1733 707 1781 vero
724 1713 879 1782 virtutem
896 1712 1067 1782 ostendere
1087 1723 1119 1783 et
1133 1737 1189 1784 eos
1201 1738 1357 1786 maxumo

151 1834 183 1904 vi
200 1833 343 1915 credere,
368 1833 508 1904 fundere
533 1843 632 1926 atque
658 1834 785 1926 fugare.
828 1835 962 1906 Interim
980 1837 1133 1909 Metellus
1159 1860 1234 1908 cum
1260 1863 1358 1910 acer·

151 1983 246 2032 rnme
271 1982 344 2030 rem
369 1969 511 2051 gereret,
538 1960 718 2030 clamorem
743 1960 895 2031 hostilem
921 1960 963 2030 nh
985 1973 1077 2054 tergo
1101 1964 1244 2056 accepit:
1279 1964 1357 2034 dein

150 2107 312 2155 convorso
346 2106 435 2177 equo
469 2083 700 2154 animadvortit
732 2085 843 2177 lugam
870 2085 912 2155 ad
938 2107 973 2154 se
997 2108 1131 2156 vorsum
1157 2084 1246 2157 fieri:
1282 2111 1357 2180 qum

151 2233 203 2280 res
220 2208 391 2280 indicabat
406 2208 583 2301 populares
602 2231 684 2278 esse.
722 2210 828 2301 Igitur
844 2209 1026 2302 equitatum
1042 2233 1175 2280 omnem
1192 2213 1233 2283 ad
1251 2224 1357 2283 castra

148 2359 293 2430 propere
312 2335 412 2416 misit,
439 2357 478 2404 ac
503 2334 612 2405 statim
632 2335 671 2406 G.
689 2334 831 2406 Marium
857 2357 933 2404 cum
959 2334 1150 2406 cohortibus
1179 2337 1356 2420 sociorum,

149 2483 296 2554 eumque
321 2461 510 2532 lacrumans
534 2482 596 2553 per
620 2459 799 2530 amicitiam
825 2482 951 2552 perque
976 2462 1233 2554 rempublicam
1259 2463 1357 2533 ohse-

149 2598 230 2670 crat,
257 2609 301 2656 ne
328 2607 429 2680 quam
446 2585 682 2656 contumeliam
703 2608 877 2656 remanere
896 2587 930 2657 in
947 2587 1095 2657 exercitu
1112 2588 1246 2669 victore,
1273 2611 1356 2658 neve

149 2710 260 2780 hostes
284 2710 408 2780 inultos
433 2709 525 2780 chire
550 2709 651 2779 sinat:
688 2709 745 2779 ille
771 2710 864 2780 brevi
893 2711 1047 2781 mandata
1078 2709 1188 2782 eflicit.
1230 2713 1356 2784 At'lu·

149 2836 270 2928 gurths
296 2836 502 2906 munimento
527 2847 709 2906 castrorum
734 2834 910 2929 inpeditus,
938 2858 1013 2906 cum
1039 2837 1095 2908 alii
1117 2860 1216 2929 super
1231 2837 1356 2906 vallum

147 2961 445 3054 praecipitarentur,
471 2959 528 3030 alii
546 2960 580 3029 in
599 2959 757 3051 angustiis
777 2959 839 3052 ipsi
853 2960 915 3030 sihi
933 2971 1146 3053 properantes
1163 2959 1354 3041 ohficcreut,

146 3086 261 3156 multis
279 3085 407 3154 amissis
421 3083 458 3152 in
476 3081 549 3154 loca
567 3082 693 3153 munita
710 3105 782 3153 sese
804 3083 940 3176 recepit
979 3084 1131 3156 Metellus
1153 3084 1273 3153 inlecto
1295 3105 1357 3152 ne·

146 3211 250 3302 gotio,
278 3219 452 3302 postquam
469 3231 535 3278 nox
550 3208 674 3288 aderat,
702 3209 736 3279 in
762 3219 868 3279 castra
894 3233 971 3280 cum
997 3210 1145 3280 exercitu
1167 3208 1353 3279 revortitur.

220 3355 292 3404 nur.
343 3332 448 3424 Igitur
479 3342 610 3426 postero
651 3331 706 3402 die
749 3331 841 3425 prius
874 3354 976 3425 qnam
1018 3331 1060 3401 ad
1095 3333 1355 3425 oppugnandum

148 3459 364 3552 egrederetur
396 3459 578 3551 equitatum
603 3480 737 3528 omnem
764 3458 798 3527 in
824 3479 864 3527 ea
888 3467 993 3550 parte,
1025 3479 1091 3549 qua
1115 3457 1204 3548 regis
1229 3458 1355 3529 adven·

148 3595 309 3668 luserat,
341 3608 402 3678 pro
431 3585 544 3654 castris
573 3584 700 3675 agitare
732 3584 842 3662 iuhet;
881 3593 992 3676 portas
1027 3593 1059 3652 et
1088 3604 1251 3675 proxuma
1281 3582 1355 3652 loca

148 3709 288 3781 trihunis
315 3708 485 3802 dispertit;
524 3708 645 3778 deinde
680 3708 749 3801 ipsc
782 3707 891 3800 pergit
924 3706 965 3776 ad
998 3705 1155 3798 oppidum
1182 3717 1280 3799 atque
1306 3705 1354 3776 nti

147 3835 319 3930 superiore
345 3835 398 3905 die
424 3855 556 3904 murum
582 3833 783 3926 adgreditur.
822 3834 957 3904 Interim
978 3831 1136 3924 Iugurtha
1163 3855 1204 3901 ex
1224 3830 1355 3901 occulto

146 3973 285 4054 repente
311 3971 437 4030 nostros
462 3957 607 4039 invadit;
645 3958 764 4051 quiin
790 3980 953 4050 proxumo
986 3957 1084 4026 locati
1113 3957 1244 4027 luserant
1268 3978 1353 4050 pun·

146 4088 250 4181 lisper
261 4087 367 4158 territi
385 4086 630 4180 perturbantur,
655 4085 777 4177 reliqui
803 4086 868 4155 cito
890 4084 1098 4154 subveniunt.
1138 4086 1254 4178 Neque
1278 4081 1354 4150 din-

145 4214 211 4284 tius
240 4213 393 4283 Numidae
426 4213 577 4282 resistere
613 4212 803 4304 quivissent,
849 4212 884 4280 ni
919 4210 1044 4304 pedites
1077 4234 1153 4280 cum
1189 4209 1355 4302 equitibus

146 4341 302 4433 permixti
334 4361 488 4432 magnam
522 4339 652 4410 cladem
687 4339 720 4407 in
747 4360 924 4430 congressu
962 4338 1118 4418 lacerent,
1157 4333 1278 4428 quihus
1303 4330 1355 4402 illi

146 4464 235 4546 freti,
274 4485 340 4532 non
366 4463 414 4532 uti
439 4463 584 4556 equestri
613 4461 728 4555 praelio
762 4462 856 4542 solet,
891 4462 985 4555 sequi
1019 4460 1096 4531 dein
1122 4458 1252 4538 cedere,
1296 4453 1354 4524 sed

145 4586 298 4656 advorsis
323 4587 416 4678 equis
441 4607 650 4668 concurrere,
686 4585 845 4676 inplicare
871 4608 910 4655 ac
936 4584 1129 4676 perturbare
1157 4579 1274 4661 aciem,
1305 4579 1350 4648 ita

146 4711 310 4805 expeditis
335 4712 496 4805 peditibus
522 4711 588 4782 suis
614 4711 722 4781 hostes
749 4735 843 4802 paene
870 4711 971 4780 victos
998 4709 1087 4780 dare.
