3582 5594
1300 675 1347 743 99

145 868 311 962 pervenit,
337 867 373 936 iu
390 868 549 962 oppidum
574 891 734 961 maguum
760 881 858 962 atque
882 872 1088 965 opulentum,
1114 873 1171 945 uhi
1196 875 1348 968 plerique

145 990 298 1062 thesauri
329 989 543 1086 filiorumque
576 993 649 1064 eius
673 993 795 1064 multus
825 995 975 1087 pueritia
1000 995 1106 1065 cultus
1131 1009 1213 1067 erat.
1265 998 1349 1081 Quae

145 1127 321 1208 postquam
354 1117 489 1188 Metello
522 1128 691 1211 comperta
722 1129 808 1199 sunt,
851 1142 1056 1212 quamquam
1089 1121 1174 1191 iuter
1209 1123 1349 1194 Thalam

145 1241 341 1332 flumenque
366 1263 577 1334 proxumum,
617 1242 654 1312 in
685 1242 791 1334 spatio
824 1242 955 1312 milium
981 1243 1236 1336 quinquaginta,
1276 1248 1351 1317 loea

145 1364 242 1436 arida
267 1375 367 1458 atque
392 1377 482 1436 vasta
506 1388 578 1436 esse
604 1379 816 1457 cognoverat,
850 1377 962 1439 tamen
992 1391 1049 1462 spe
1080 1370 1232 1463 patrandi
1258 1371 1350 1456 belli,

145 1489 174 1558 si
199 1489 273 1560 eins
298 1487 413 1582 oppidi
436 1489 558 1583 petitus
583 1489 678 1574 soret,
708 1513 825 1562 omues
850 1494 1042 1586 asperitates
1066 1495 1286 1587 supervadere
1310 1519 1352 1568 ae

146 1623 300 1684 naturam
326 1614 428 1684 etiam
452 1615 586 1685 vincere
612 1616 817 1708 aggreditur.
860 1618 965 1710 Igitur
982 1619 1093 1690 omnia
1115 1619 1263 1689 iumenta
1279 1642 1354 1690 sar-

146 1739 233 1808 cinis
259 1739 363 1810 levari
389 1738 491 1821 iubet,
517 1739 581 1808 nisi
607 1740 774 1810 frumento
795 1741 925 1815 dierum
942 1742 1071 1813 decem:
1098 1753 1244 1814 ceterum
1262 1753 1351 1816 utres

147 1861 248 1933 modo
283 1875 317 1934 et
348 1865 416 1934 alia
449 1887 545 1960 aquae
579 1866 699 1938 idonea
731 1866 868 1960 portari.
919 1868 1083 1938 Praeterea
1115 1841 1278 1960 conquirit
1309 1893 1352 1940 ex

147 1987 239 2078 agris
276 2011 379 2080 quam
416 1989 598 2082 plurimum
635 2001 741 2083 potest
775 1991 891 2062 domiti
926 1992 1054 2083 peeoris
1084 2015 1191 2084 eoque
1224 1992 1353 2086 inponit

148 2134 227 2182 rasa
253 2113 540 2207 cuiusquemodi,
566 2113 625 2183 sed
649 2113 810 2208 pleraque
835 2114 959 2205 lignea,
985 2115 1124 2186 eolleeta
1150 2138 1193 2184 ex
1213 2117 1352 2209 tuguriis

147 2236 378 2308 Numidarum.
421 2237 556 2309 Adher
579 2236 738 2309 finitumis
763 2238 917 2330 imperat,
944 2237 1002 2330 qui
1028 2261 1064 2308 ιι
1088 2246 1161 2332 pest
1184 2239 1272 2330 regis
1299 2240 1354 2310 lu-
1499 2323 1505 2330 ¹

147 2385 227 2455 gam
250 2363 386 2434 Metello
411 2362 580 2444 dederant,
614 2383 715 2454 quam
740 2361 921 2454 plurimum
946 2361 1088 2455 quisque
1118 2383 1214 2455 aquae
1238 2374 1353 2456 porta-

147 2500 211 2569 ret,
235 2488 325 2559 diem
351 2489 541 2580 locumque,
568 2487 625 2557 ubi
649 2498 769 2579 praesto
795 2485 904 2568 luerit,
931 2485 1089 2578 praedieit.
1132 2487 1205 2579 lpse
1227 2509 1269 2556 ex
1286 2485 1354 2558 flu·
1389 2497 1391 2500 ’

149 2613 251 2693 mine.
290 2633 391 2705 quam
424 2633 622 2704 proxumam
653 2609 776 2703 oppido
798 2585 930 2703 'aquam
963 2631 1035 2682 esse
1066 2611 1352 2703 supradiximus,

150 2738 298 2808 iumenta
323 2749 459 2818 onerat;
490 2759 531 2806 eo
557 2735 656 2806 modo
681 2734 858 2805 instructus
883 2734 926 2804 ad
952 2734 1095 2806 Thalam
1120 2734 1351 2828 proficiscitur.

149 2860 280 2932 Deinde
306 2861 364 2932 uhi
389 2861 432 2931 ad
458 2860 490 2930 id
516 2860 582 2930 lnei
607 2869 755 2942 ventum,
790 2881 857 2950 quo
882 2858 1035 2930 Numidis
1067 2871 1281 2952 praeeperat,
1321 2869 1354 2930 et

150 2997 256 3056 casua
280 2984 388 3078 posita
412 2983 608 3076 munitaque
641 2992 733 3064 eunt;
773 2992 863 3052 tanta
896 2992 1032 3075 repente
1061 2983 1146 3053 eoelo
1179 2983 1280 3054 missa
1303 2983 1352 3054 vis

150 3133 246 3203 aquae
263 3109 395 3191 dieitur,
420 3119 457 3177 ut
474 3131 514 3178 ea
529 3108 630 3178 modo
652 3105 814 3178 exercitui
839 3106 917 3176 satis
943 3129 1108 3200 superque
1126 3107 1220 3178 toret.
1262 3109 1354 3178 Prae-

151 3247 240 3306 terea
265 3245 470 3305 commeatus
496 3255 554 3326 spe
587 3231 740 3325 amplior,
777 3231 855 3324 quia
881 3231 1045 3313 Numida,
1080 3232 1176 3302 sieuti
1200 3233 1352 3325 plerique

151 3361 182 3430 in
207 3381 299 3430 nora
322 3356 501 3440 deditione,
534 3355 646 3426 officia
669 3354 889 3426 intenderant.
941 3354 1095 3427 Ceterum
1125 3354 1246 3426 milites
1270 3357 1353 3427 reli-

150 3485 250 3576 grone
276 3483 389 3579 pluria
413 3483 521 3573 magis
546 3482 609 3564 usi,
636 3503 743 3574 eaque
769 3503 821 3550 res
847 3481 987 3551 multum
1004 3479 1125 3551 animis
1150 3503 1264 3551 eorum
1291 3482 1353 3552 ad-

151 3608 242 3690 tiata,
260 3629 339 3678 uam
355 3607 418 3677 rati
435 3627 508 3676 sese
525 3605 589 3675 diis
607 3603 836 3676 inmortalibus
853 3625 941 3674 eura
959 3626 1042 3674 esse.
1074 3603 1205 3675 Deinde
1222 3619 1354 3700 postero

151 3733 204 3803 die
228 3741 344 3803 eontra
368 3731 560 3824 opinionem
586 3730 752 3822 iugurthae
781 3729 824 3800 ad
849 3729 991 3799 Thalam
1024 3730 1232 3823 perveniunt.
1279 3733 1353 3827 Op-

152 3857 275 3951 pidani,
302 3856 360 3949 qui
385 3879 421 3925 se
445 3857 594 3926 loeorum
619 3852 795 3946 asperitate
816 3852 963 3922 munitos
983 3851 1203 3936 erediderunt,
1229 3878 1352 3948 magna

153 3993 248 4075 atque
275 3980 409 4050 insolita
433 4002 471 4050 re
495 3976 640 4072 perculsi
664 3975 772 4046 nihile
796 3976 931 4066 segnius
952 3975 1079 4045 bellum
1100 3999 1235 4068 parare:
1263 3980 1351 4054 idem

153 4105 254 4176 nostri
279 4105 401 4177 lacere.

224 4250 341 4299 eurr.
400 4226 463 4297 Sed
501 4249 562 4297 rex
598 4225 684 4296 nihil
726 4223 792 4296 iam
831 4224 989 4296 intertum
1028 4225 1163 4298 ldetello
1201 4227 1351 4313 eredens,

155 4351 273 4444 quippe
297 4351 358 4444 qui
383 4351 506 4431 omnia,
531 4372 636 4432 arma,
664 4349 741 4430 tela,
768 4349 867 4430 loeos,
895 4360 1055 4441 tempora,
1086 4347 1229 4442 denique
1255 4363 1353 4422 uatu-

155 4497 223 4544 ram
240 4477 358 4569 ipsam,
385 4473 502 4544 eeteris
519 4472 775 4566 imperitantem,
802 4471 961 4542 industria
977 4471 1113 4554 vicerat,
1140 4495 1215 4541 eum
1239 4473 1351 4546 liberis

156 4609 186 4668 et
219 4621 343 4692 magna
376 4609 468 4692 parte
501 4597 651 4690 pecuniae
685 4619 728 4666 ex
760 4595 882 4689 oppido
912 4607 1012 4666 unctu
1042 4596 1202 4687 profugit,
1242 4619 1352 4691 neque

154 4735 262 4816 postea
288 4723 324 4796 in
349 4723 420 4794 ullo
444 4723 517 4794 loeo
542 4721 686 4813 amplius
712 4743 779 4792 uuo
805 4719 859 4790 die
884 4731 941 4790 aut
975 4741 1040 4790 una
1071 4731 1164 4790 noete
1194 4734 1350 4806 moratus,
