3610 5592
491 669 543 738 tn

487 885 649 958 pugnare.
691 864 781 949 Qno·
793 865 951 936 audacius
975 863 1234 958 ndgrcdinmini,
1260 887 1424 938 memores
1449 867 1593 959 pristina
1617 869 1680 938 vir-

487 990 574 1062 tutis.
618 990 729 1062 Licuit
751 990 845 1062 vobis
882 1013 958 1065 cum
991 1012 1121 1062 summa
1146 989 1347 1083 turpitudine
1373 991 1408 1062 in
1433 992 1535 1062 exilio
1558 1003 1681 1062 entem

487 1136 603 1206 agero:
637 1115 786 1208 potuistis
818 1115 973 1186 nonnulli
1008 1115 1122 1209 Romae
1156 1114 1285 1184 amissis
1318 1115 1414 1186 bonis
1444 1115 1570 1186 alienas
1608 1139 1681 1210 opes

487 1249 672 1331 expectare.
711 1237 800 1321 Quin
824 1239 883 1309 illa
908 1236 997 1309 loedn
1021 1249 1119 1332 aque
1145 1236 1353 1310 intoleranda
1376 1239 1455 1310 viris
1480 1239 1681 1322 videbantur,

486 1363 559 1434 hec
582 1363 676 1455 sequi
702 1362 904 1434 demendis.
943 1364 977 1433 Si
1004 1362 1277 1456 haecrelinquere
1301 1363 1414 1446 voltis,
1440 1364 1581 1434 audacia
1605 1387 1683 1457 opus

487 1498 553 1566 est;
579 1508 680 1562 nomo
705 1486 769 1556 nisi
785 1487 983 1579 victorpace
1008 1486 1132 1557 bellum
1150 1486 1298 1558 maudo
1336 1489 1422 1558 Nam
1448 1488 1483 1558 in
1509 1488 1589 1580 luga
1612 1510 1684 1581 spe-

485 1633 562 1682 rare
587 1611 745 1692 salutem,
780 1633 856 1682 oum
881 1633 999 1693 arma,
1022 1609 1142 1702 quibus
1167 1633 1285 1703 corpus
1309 1611 1447 1702 tegitur,
1474 1612 1516 1682 ab
1542 1611 1685 1682 hostibus

486 1736 662 1818 avortcris,
688 1758 728 1805 ea
753 1735 1012 1806 vcrodementia
1037 1743 1095 1804 est.
1131 1735 1269 1827 Semper
1294 1736 1328 1805 in
1354 1735 1472 1827 praelio
1495 1757 1685 1806 maxumum

431 1953 435 1962 ⁸
485 1842 751 1952 est'pericnlum,
778 1860 836 1951 qni
848 1881 1005 1930 innume
1018 1859 1150 1938 timent;
1175 1857 1317 1930 audacia
1338 1881 1398 1951 pro
1414 1881 1511 1928 muro
1535 1858 1684 1930 babetur.

486 1983 574 2054 Cnm'
609 2006 666 2055 vos
700 1983 893 2065 consident,
931 1984 1071 2064 milites,
1106 1993 1139 2052 et
1168 2005 1244 2054 cum
1277 1983 1363 2052 lucta
1399 1993 1507 2054 vestra
1539 1995 1685 2064 oestnmo,

485 2130 609 2199 magna
632 2130 687 2178 me
711 2131 786 2203 spes
811 2108 957 2181 victorias
982 2119 1080 2180 tenet.
1130 2108 1290 2189 Animus,
1323 2117 1421 2190 atas,
1455 2107 1558 2178 vhtns
1582 2117 1687 2177 vestra

485 2254 539 2302 me
565 2231 751 2314 hortantur,
778 2243 938 2325 proteron
965 2231 1189 2314 necessitudo,
1219 2254 1292 2325 quae
1315 2232 1416 2302 etiam
1433 2230 1564 2302 timidos
1588 2232 1687 2300 fortes

486 2355 574 2426 lucit.
616 2358 702 2426 Nam
726 2357 901 2427 multitudo
928 2356 1071 2428 hostium
1096 2379 1138 2426 ne
1163 2355 1403 2426 circumvenire
1428 2367 1547 2448 quent,
1573 2355 1688 2448 prohi-

485 2479 565 2550 bent
597 2479 755 2570 angustia
789 2481 866 2552 loci.
917 2480 1046 2564 Quodsi
1069 2481 1181 2552 vionti
1215 2489 1331 2551 vestra
1365 2479 1497 2550 fortuna
1521 2479 1687 2561 inviderit,

486 2613 612 2686 cavete,
639 2604 735 2674 inulti
752 2605 900 2676 animam
917 2604 1091 2686 amittetis;
1116 2627 1183 2675 neu
1201 2605 1288 2697 copti
1313 2604 1421 2697 potius
1445 2604 1542 2674 sicuti
1568 2627 1689 2698 pecora

485 2725 713 2809 trucidemini,
751 2751 853 2820 quam
885 2729 1034 2798 virorum
1058 2751 1150 2800 more
1185 2737 1369 2822 pugnantes
1393 2738 1565 2798 cruentam
1590 2737 1689 2820 atque

485 2849 669 2921 luctuosam
693 2851 867 2922 vicwriam
892 2851 1041 2923 hostibus
1065 2853 1295 2945 relinquatis.»

560 2996 629 3044 anx.
680 2975 763 3044 llaec
787 2975 845 3046 ubi
870 2975 970 3058 dixit,
996 2977 1170 3068 paululum
1195 2985 1430 3056 commoratus,
1456 2973 1551 3066 signa
1568 2997 1691 3046 canere

486 3096 578 3168 iubet
602 3107 700 3190 atque
726 3097 898 3170 instructos
920 3099 1053 3170 ordines
1073 3100 1109 3168 in
1130 3100 1241 3170 locnrn
1270 3121 1402 3192 aeqnum
1419 3098 1562 3168 deducit.
1601 3099 1691 3170 Dein

486 3222 620 3292 remotis
645 3221 795 3291 omnium
820 3223 932 3316 equis,
958 3245 1024 3316 quo
1048 3222 1209 3293 militibus
1234 3233 1406 3317 exequere
1439 3222 1590 3317 periculo
1615 3223 1693 3292 ani-

485 3367 560 3416 mus
585 3346 728 3437 amplior
753 3355 854 3428 esset,
887 3347 958 3440 ipse
983 3346 1084 3439 pedes
1109 3347 1292 3418 exercitum
1316 3369 1377 3440 pro
1403 3346 1479 3417 loco
1504 3357 1604 3439 atque
1630 3370 1692 3416 co·

486 3469 551 3561 piis
583 3469 724 3540 instruit.
774 3471 862 3542 Nam
892 3471 941 3541 nti
971 3470 1126 3564 planities
1159 3482 1230 3541 erat
1262 3471 1348 3542 inter
1381 3471 1529 3542 sinistros
1560 3482 1692 3542 montes

487 3590 587 3662 stab
613 3591 728 3662 dextra
753 3615 836 3686 rupe
871 3617 1003 3686 aspera,
1034 3605 1108 3666 octo
1141 3593 1290 3666 cobortes
1316 3595 1351 3664 in
1377 3595 1485 3664 honte
1510 3596 1691 3674 constituit,

486 3715 690 3809 reliquarum
715 3717 812 3808 signo
841 3717 875 3788 iu
901 3717 1047 3790 subsidio
1066 3719 1169 3790 artius
1193 3719 1344 3790 collocat
1393 3719 1446 3790 Ab
1464 3719 1515 3790 bis
1541 3719 1694 3788 centuri-

487 3861 569 3908 ones
592 3861 718 3921 omnes,
744 3841 844 3911 lectos
870 3851 902 3912 ct
915 3851 1082 3924 evocatos,
1108 3853 1269 3936 praeterea
1285 3865 1328 3912 ex
1345 3843 1509 3935 gregariis
1526 3842 1693 3912 militibus

486 3971 658 4054 optumum
683 3985 849 4058 quemque
874 3977 1038 4036 amatum
1071 3967 1106 4035 in
1131 3969 1274 4060 primam
1299 3968 1407 4038 eciem
1432 3966 1594 4038 subducit.
1649 3968 1693 4038 G.

486 4085 648 4156 blanlium
681 4086 717 4156 in
755 4087 888 4172 dextra,
923 4089 1132 4162 Faesulanum
1165 4091 1330 4184 quendam
1361 4092 1395 4162 in
1429 4091 1562 4162 sinistra
1592 4099 1694 4184 parte

486 4231 604 4282 carne
638 4210 746 4293 iubot;
784 4212 854 4304 ipsc
887 4236 964 4283 cuns
996 4213 1122 4286 libertis
1155 4226 1190 4286 et
1221 4216 1347 4286 colonis
1380 4227 1515 4309 propter
1539 4216 1695 4308 aquilam

487 4335 629 4417 adsistit,
655 4359 756 4430 quam
781 4337 871 4407 bello
896 4337 1065 4408 Cimbrico
1090 4339 1130 4409 G.
1149 4339 1274 4412 Marius
1299 4339 1334 4410 in
1359 4339 1507 4410 exercitu
1532 4338 1695 4410 babuisse

487 4457 669 4530 dicebatur.
719 4461 764 4531 At
795 4483 837 4529 ex
867 4461 970 4531 altere
1004 4472 1096 4554 parte
1128 4464 1168 4534 G.
1199 4464 1380 4546 Antonius,
1414 4462 1553 4557 pedibus
1584 4487 1694 4555 aeger,

487 4583 576 4676 quod
601 4583 716 4678 praelio
734 4583 847 4654 adesse
864 4584 1039 4676 nequibat,
1064 4587 1110 4658 hl.
1123 4587 1252 4658 Petreio
1277 4588 1387 4680 lugeto
1413 4588 1596 4659 exercitum
1609 4612 1698 4681 per-

487 4707 593 4778 mittit.
627 4708 687 4778 llle
712 4708 862 4780 cobortes
885 4719 1074 4791 veteranas,
1100 4731 1183 4804 quas
1208 4711 1367 4782 tumultus
1392 4733 1492 4784 cansa
1517 4714 1697 4806 conscrip-
