3554 5600
440 609 512 677 ete

440 807 582 877 nominis
598 806 758 897 intellego
777 805 958 876 timentem.
997 807 1031 876 6.
1061 803 1166 874 Video
1192 803 1410 892 indigentiam
1436 803 1525 875 duna
1550 827 1647 899 quae·

440 931 537 1001 sitnm
576 931 624 1002 ire
656 944 898 1026 properantem.
955 935 989 1001 7.
1025 933 1110 1001 Nam
1140 931 1167 1000 si
1200 933 1232 1035 ip
1269 932 1425 1024 Pompeio
1460 933 1540 1024 quid
1581 933 1647 1002 bu-

440 1054 530 1126 mani
556 1057 728 1125 evenisset.
772 1055 807 1124 8.
837 1054 966 1138 Quibus
992 1055 1033 1124 de
1059 1055 1166 1123 causis
1193 1055 1319 1124 Sullam
1347 1055 1380 1123 in
1407 1055 1546 1124 victoria
1572 1054 1646 1125 dic-

439 1186 581 1246 tatorem
597 1177 654 1247 nni
670 1178 734 1246 sibi
750 1179 951 1248 descendere
971 1201 1068 1270 equo,
1087 1178 1266 1268 adsurgere
1280 1178 1374 1257 sella,
1397 1189 1496 1271 caput
1511 1181 1645 1272 aperire

440 1301 585 1371 solitum.
628 1302 662 1372 9.
692 1300 771 1371 lnde
798 1311 888 1372 ortus
918 1324 1027 1371 sermo
1053 1301 1321 1394 percontantibus
1351 1302 1528 1395 utrimque,
1560 1305 1645 1373 satin
1756 1289 1757 1316 ¹

440 1425 542 1504 salve,
575 1447 677 1516 quam
712 1427 796 1516 grati
830 1425 969 1495 ducibus
1003 1425 1081 1508 suis,
1122 1426 1253 1518 quantis
1288 1426 1507 1497 familiaribus
1540 1430 1644 1522 copiis

440 1561 654 1642 augerentur.
699 1552 755 1621 16.
783 1553 927 1621 Peractis
954 1553 1043 1623 Lxx
1067 1550 1163 1620 annis
1188 1562 1334 1621 armatus
1360 1575 1481 1645 equum
1505 1553 1642 1623 insilire.

444 1675 501 1744 11.
528 1674 592 1745 Sed
618 1675 676 1748 ubi
703 1675 760 1745 ille
780 1675 923 1745 militum
944 1677 1148 1745 veluntatem
1171 1687 1336 1745 causatur.
1380 1677 1435 1746 12.
1462 1678 1564 1748 Cares
1591 1679 1643 1748 in-

441 1801 549 1871 sulani
575 1802 688 1895 populi
715 1802 859 1884 fuerunt,
886 1802 1024 1894 piratica
1048 1801 1178 1883 famosi,
1209 1803 1286 1872 victi
1312 1827 1332 1872 a
1358 1804 1480 1884 Minoe,
1508 1803 1558 1872 uti
1584 1804 1642 1872 Sa-

441 1925 557 1995 lustius
583 1936 615 1994 et
640 1923 849 2017 Thucydides
876 1926 1020 1996 tradunt.

442 2148 520 2207 satis
546 2147 722 2207 defenditur
747 2149 818 2208 locu
848 2165 887 2207 ex
912 2145 1020 2208 Licinii
1047 2147 1144 2208 Macri
1172 2149 1323 2208 oratione:
1362 2147 1505 2206 licentium
1536 2152 1568 2206 r’n
1596 2166 1640 2208 eor

441 2261 555 2314 nrrctunr
570 2261 655 2332 etque
670 2255 796 2314 ediutmn
803 2258 978 2331 properans,
993 2257 1094 2314 tamen
1111 2271 1192 2330 prop.
1208 2273 1295 2332 quer.
1310 2259 1355 2314 r're
1368 2255 1477 2314 melius
1491 2273 1528 2315 se
1543 2255 1637 2322 babet

441 2362 485 2420 ita
505 2365 539 2421 nt
560 2361 713 2422 sententie
734 2362 789 2420 sit:
811 2361 893 2420 uideo
913 2362 1042 2420 beminen
1062 2379 1169 2438 eqenor
1189 2362 1266 2420 dune
1284 2368 1452 2440 querentes,
1475 2362 1579 2439 qur'dua
1598 2363 1638 2421 ue

442 2468 537 2528 studia
557 2484 658 2528 eurum
678 2474 885 2527 remuneretur.
928 2470 956 2528 6.
973 2468 1054 2527 idem
1070 2467 1144 2526 ibid.
1186 2471 1214 2528 7.
1232 2468 1341 2527 Arrus.
1357 2486 1380 2526 s.
1394 2486 1424 2526 v.
1439 2485 1518 2526 enen.
1534 2486 1563 2545 p.
1578 2470 1636 2528 228.

442 2577 470 2634 8.
492 2574 600 2634 Arrus.
622 2593 646 2634 a.
667 2592 695 2632 v.
708 2575 835 2651 ,adaurp
856 2591 885 2652 p.
908 2576 975 2633 111.
997 2575 1073 2634 Nun.
1095 2576 1164 2634 236.
1188 2577 1234 2634 18.
1249 2576 1318 2635 ³97.
1340 2576 1385 2634 13.
1405 2573 1494 2632 Serv.
1514 2575 1554 2634 ad
1571 2575 1636 2633 Aen.
1756 2655 1757 2660 ἵ

446 2686 471 2740 1.
494 2682 700 2741 1013166.
744 2684 773 2740 9.
794 2681 869 2740 Dun.
891 2681 931 2740 ad
945 2679 1022 2740 Eun.
1037 2685 1065 2740 5.
1080 2681 1107 2740 6.
1124 2684 1152 2740 8.
1196 2683 1240 2740 tt).
1258 2680 1405 2740 Arruns.
1422 2681 1635 2757 uinclum.

445 2791 491 2846 11.
514 2787 623 2847 Arrun.
644 2804 712 2847 sv.
734 2787 815 2847 duur.
838 2790 949 2864 11211.
994 2789 1040 2845 12.
1056 2785 1143 2846 Serv.
1157 2788 1197 2846 ad
1210 2786 1285 2846 Aen.
1306 2789 1334 2846 8.
1350 2787 1417 2846 725.
1460 2787 1546 2847 Cure
1558 2786 1635 2845 Serv.
1756 2771 1757 2790 ¹

443 2899 574 2972 propter
594 2895 798 2956 accusativum
820 2896 980 2973 Ceresque,
1003 2893 1055 2969 qui
1077 2895 1125 2952 est
1145 2895 1226 2970 apud
1251 2893 1421 2970 Virgilium.
