3526 5604
466 625 537 694 356

465 827 553 896 enim
581 827 675 897 ludos
700 830 866 898 seculares
896 830 1018 899 exactis
1052 831 1199 922 regibus,
1235 841 1307 924 post
1332 833 1472 902 Romam
1506 833 1651 904 conditam

465 950 559 1020 annis
585 951 729 1024 CCXLV
755 974 773 1020 a
799 952 935 1022 Valerio
952 953 1123 1024 Publicola
1150 955 1315 1026 institutos
1341 979 1413 1026 essc
1447 959 1580 1028 Valerios
1596 962 1652 1028 An·

465 1077 527 1144 ties
552 1078 609 1154 uit,
636 1088 670 1148 at
693 1079 903 1149 XVvirorum
932 1081 1163 1152 commentarii
1189 1105 1278 1153 auno
1305 1084 1595 1156 CCLXXXXVHH
1614 1088 1650 1157 ld.

465 1200 599 1270 Valerio
625 1202 744 1293 Spurio
769 1203 930 1294 Verginio
955 1227 1039 1274 coss.
1071 1205 1209 1275 Secundi
1236 1207 1317 1288 ludi,
1348 1222 1384 1277 ut
1408 1197 1521 1278 Antias
1544 1212 1650 1301 quiden

464 1327 542 1404 vult,
577 1328 622 1396 Μ.
649 1329 787 1419 Popillio
807 1329 889 1398 1111.
922 1331 967 1399 Μ.
1001 1329 1123 1400 Valerio
1148 1332 1247 1401 Coroo
1272 1356 1348 1402 coss.
1374 1335 1454 1425 [orti
1477 1349 1548 1402 suot
1577 1356 1651 1402 anuo

464 1461 537 1542 post
562 1450 679 1521 urbem
705 1454 868 1524 conditam
896 1467 1013 1526 octavo
1039 1467 1071 1524 et
1095 1455 1436 1549 quadringentesimo,
1471 1469 1507 1528 nt
1530 1459 1648 1529 veroin

464 1580 710 1649 commentariis
735 1582 942 1652 XVvirorum
977 1584 1135 1675 seriptum
1162 1595 1211 1654 cst
1236 1607 1323 1655 anno
1349 1585 1459 1657 CCCC
1484 1595 1516 1654 et
1538 1583 1649 1652 decimo

463 1703 509 1774 Μ.
537 1704 673 1774 Valerio
699 1706 844 1777 Corvino
869 1709 898 1776 ll
929 1708 966 1778 C.
994 1709 1140 1778 Poetelio
1171 1732 1254 1779 coss.
1304 1710 1406 1779 Tertii
1439 1710 1508 1780 ludi
1538 1709 1649 1778 filerunt
1733 1747 1734 1764 ,

464 1827 596 1898 Antiate
614 1830 776 1921 Livioque
802 1832 992 1903 auctoribus
1018 1835 1053 1902 P.
1073 1832 1214 1904 Claudio
1232 1832 1375 1903 Pulchro
1401 1835 1441 1904 L.
1459 1818 1557 1910 lunio.
1570 1831 1648 1901 Pullo
1733 1831 1734 1846 ¹

465 1971 548 2018 coss.
575 1975 660 2023 onoc
685 1955 759 2035 DV,
793 1970 849 2024 out
873 1970 909 2024 ut
933 1959 969 2026 io
995 1957 1087 2026 libn's
1112 1957 1312 2026 Xtsotrorcm
1336 1959 1488 2050 scriptum
1510 1971 1551 2026 est
1576 1977 1647 2024 anno
1733 1989 1734 2020 t

464 2075 730 2169 quingentesimo
763 2077 1034 2176 duodevicesimo
1065 2083 1101 2150 P.
1128 2080 1287 2171 Cornelio
1310 2080 1452 2151 Lentulo
1477 2081 1513 2150 C.
1538 2076 1647 2146 Licinio
1733 2151 1734 2154 Ἴ

463 2203 552 2272 Varo
566 2224 648 2271 coss.
676 2202 863 2272 Censorinus
878 2205 916 2272 dc
929 2205 981 2273 dic
991 2219 1056 2274 cut.
1076 2203 1132 2275 17.
1221 2207 1281 2274 20.
1308 2205 1356 2273 lta
1372 2214 1468 2273 noete
1485 2226 1523 2273 ac
1539 2203 1644 2272 diocte.
1733 2243 1734 2246 =

463 2349 561 2418 sopra
578 2351 614 2418 p.
628 2324 712 2406 302,
739 2326 795 2397 16.
816 2329 995 2446 qutlarcio
1014 2329 1047 2397 iu
1067 2328 1229 2421 Hispania
1247 2339 1308 2398 etc.
1324 2351 1424 2421 supro
1445 2353 1480 2421 p.
1497 2324 1574 2406 354.
1596 2321 1644 2395 25.

464 2451 523 2520 21.
556 2451 673 2543 Aeque
702 2462 736 2520 et
759 2452 826 2521 elia
853 2452 938 2538 inter
968 2465 1118 2523 auctores
1145 2453 1332 2546 discrepant
1359 2507 1367 2523 .
1398 2506 1407 2522 .
1434 2505 1442 2521 .
1475 2450 1645 2544 Scorpioues

464 2575 606 2644 maiores
632 2576 845 2670 minoresque
870 2577 912 2646 ad
937 2577 1110 2670 sexaginta
1138 2589 1249 2671 captos
1266 2576 1475 2669 scripserim,
1500 2575 1526 2644 si
1549 2583 1645 2644 aucto-

463 2722 533 2770 rem
561 2699 725 2770 Graccum
750 2723 871 2794 sequar
895 2701 1064 2784 Silenum;
1100 2702 1128 2770 si
1154 2702 1325 2773 Valerium
1352 2700 1527 2780 Antiatem,
1557 2695 1644 2766 naio-
1733 2687 1734 2692 ’

463 2845 538 2892 rum
567 2823 778 2916 scorpionum
803 2847 861 2894 sex
894 2826 998 2905 milia,
1038 2826 1205 2898 minorum
1240 2825 1398 2896 tredecim
1434 2824 1540 2894 milia:
1573 2819 1642 2890 adeo
1733 2807 1734 2902 ]

463 2947 574 3016 nullus
596 2949 777 3019 mentiendi
800 2951 917 3020 modus
935 2961 993 3020 est.
1033 2953 1082 3020 Ne
1106 2949 1146 3020 de
1173 2949 1311 3020 ducibus
1335 2949 1472 3042 quidem
1496 2944 1642 3020 convenit:
1733 2979 1734 2990 κ

464 3071 617 3164 plerique
642 3074 794 3145 Laelium
820 3075 1001 3166 praefuisse
1027 3074 1135 3154 classi,
1166 3085 1241 3144 suut
1256 3074 1322 3166 qui
1348 3075 1393 3145 tt.
1420 3073 1550 3144 lunium
1572 3068 1643 3138 Sila·
1733 3091 1734 3096 ¹

463 3217 543 3266 num
570 3195 700 3276 dicant;
740 3199 865 3268 Arinen
899 3199 1081 3290 pracluissc
1109 3198 1233 3268 Punico
1263 3197 1428 3290 pracsidio
1454 3196 1642 3283 deditumque
1733 3179 1734 3250 ss

463 3318 620 3388 Romanis
653 3319 769 3389 Antias
803 3321 966 3402 Valerius,
1006 3323 1184 3413 Magonem
1220 3321 1278 3391 alii
1311 3321 1488 3414 scriptores
1519 3317 1641 3389 uadunt.
1733 3385 1734 3390 ,

462 3444 574 3512 Holus
596 3441 656 3525 26,
684 3441 743 3515 49.
779 3441 832 3530 [Ρ.
857 3445 1033 3516 Africanus
1055 3445 1221 3538 superior]
1247 3445 1414 3536 virginem
1440 3440 1640 3538 tempestivam

463 3567 570 3637 forma
596 3569 730 3661 egregia
756 3569 878 3639 nobilis
909 3571 971 3640 viri
998 3571 1137 3662 Hispani
1170 3571 1274 3640 filiam
1299 3582 1430 3663 captam
1457 3568 1641 3662 perductam·

463 3713 529 3782 que
555 3691 596 3760 ad
615 3715 650 3761 se
667 3694 752 3786 patri
771 3693 963 3764 inviolatam
980 3694 1123 3764 reddidit
1149 3748 1157 3762 .
1178 3747 1186 3763 .
1206 3747 1214 3763 .
1241 3695 1301 3764 His
1320 3716 1383 3786 ego
1399 3694 1545 3764 versibus
1560 3685 1640 3758 crede
1733 3695 1734 3772 ἴ

462 3815 641 3886 adductum
666 3817 837 3887 Valerium
863 3816 1029 3888 Antiatem
1063 3817 1235 3888 adversum
1267 3827 1393 3886 eeteros
1419 3839 1530 3886 omues
1553 3809 1640 3901 scrip·

462 3951 549 4010 tores
574 3940 615 4009 dc
633 3941 797 4035 Scipionis
821 3942 968 4012 moribus
995 3943 1145 4023 sensisse,
1173 3954 1205 4012 et
1229 3965 1301 4012 eam
1328 3941 1477 4034 puellam
1502 3936 1638 4031 captivam
1733 3995 1734 3998 ,

461 4088 527 4134 uon
549 4065 711 4135 redditam
731 4066 813 4157 patri
836 4067 1017 4159 scripsisse,
1044 4080 1158 4136 contra
1183 4089 1284 4160 quam
1310 4089 1369 4136 nos
1390 4060 1637 4159 supradiximus,

462 4191 520 4260 sed
546 4202 707 4260 retentam
734 4213 754 4260 a
779 4191 934 4283 Scipione
960 4203 1059 4283 atquc
1086 4193 1118 4261 in
1145 4191 1274 4261 deliciis
1299 4190 1532 4282 amoribusque
1555 4183 1590 4254 ah
1607 4201 1638 4248 ω

462 4326 664 4407 usurpatam.
710 4313 830 4383 Gellius
857 4314 891 4395 6,
924 4313 958 4385 8.
1069 4319 1127 4386 22.
1159 4316 1293 4386 Eisdem
1326 4314 1443 4385 diebus
1476 4323 1535 4382 etc.
1559 4325 1639 4398 supro
1733 4369 1734 4372 ,

459 4436 596 4530 p.319,
619 4437 674 4509 10.
775 4437 833 4507 23.
859 4440 995 4532 Equites
1020 4495 1027 4509 .
1049 4493 1085 4510 ..
1113 4463 1188 4511 cum
1216 4441 1286 4534 ipso
1311 4440 1395 4510 ducc
1417 4443 1573 4510 Hannone
1589 4441 1637 4498 ett-

461 4586 607 4655 soprnp.
627 4560 711 4643 320,
737 4561 796 4634 26.
897 4565 956 4633 st.
984 4567 1078 4635 Haec
1103 4588 1163 4657 per
1188 4563 1319 4634 nuntios
1344 4576 1418 4633 acta
1442 4552 1637 4654 magisequi·
1733 4629 1734 4652 ἶ

461 4687 537 4756 dem
555 4686 750 4756 crediderim
776 4680 821 4774 (et
847 4688 890 4757 ita
916 4712 992 4780 pars
1017 4690 1123 4758 maior
1148 4700 1298 4759 auctores
1318 4684 1405 4778 suut)
1430 4711 1527 4781 quam
1550 4691 1636 4776 ipsum
1733 4761 1734 4766 ἵ
