3576 5602
468 655 540 725 384

465 859 502 925 io
528 856 669 925 13300001
691 879 726 948 p.
748 852 793 926 13
812 853 909 925 orett.
1010 853 1044 922 5.
1072 853 1215 936 Quidam
1242 877 1309 923 non
1335 853 1401 924 duo
1426 853 1574 924 tribunos
1596 853 1657 946 ple·

466 980 516 1049 bis
543 992 603 1048 etc.
635 1001 732 1071 supro
756 1003 789 1070 p.
813 976 896 1058 310,
915 975 952 1049 8.
1053 979 1087 1049 6.
1115 971 1337 1069 [Coriolanus]
1365 1002 1440 1048 eum
1468 979 1658 1069 03110ος10-

443 1103 691 1195 Δ3110313001,
724 1103 838 1195 populi
872 1101 995 1192 ingrati
1029 1103 1143 1194 pulsus
1177 1103 1299 1172 iniuria
1325 1126 1360 1172 se
1386 1105 1427 1174 ad
1453 1103 1563 1174 hostes
1586 1113 1659 1172 'cou-

466 1228 541 1298 tulit
574 1237 794 1318 conatumque
824 1225 1016 1295 iracundiae
1051 1249 1131 1295 suae
1165 1238 1270 1296 morte
1304 1227 1441 1296 sedavit.
1493 1229 1575 1297 Nam
1607 1226 1657 1296 etsi

465 1353 561 1424 aliter
587 1362 635 1421 est
662 1351 749 1444 apud
775 1362 821 1432 te,
860 1351 985 1430 Attice,
1025 1350 1066 1420 de
1092 1349 1282 1432 Coriolano,
1322 1351 1466 1421 concede
1499 1361 1605 1420 tamen
1629 1361 1659 1420 ut

465 1475 544 1546 hnic
578 1477 692 1566 generi
730 1475 845 1544 mortis
884 1474 991 1567 potius
1026 1475 1196 1544 assentiar.
1249 1476 1354 1545 010000
1384 1477 1484 1546 Bruto
1517 1475 1575 1554 10.
1602 1473 1655 1546 12.
1746 1469 1747 1490 ³

465 1602 500 1669 ’1.
527 1600 629 1692 Atqui
656 1599 711 1668 hic
737 1598 849 1668 Livius
875 1599 1000 1691 primus
1027 1598 1171 1668 tabulam
1198 1595 1235 1666 C.
1258 1597 1399 1669 Claudio
1419 1599 1517 1669 Caeci
1543 1599 1606 1668 lilio
1628 1610 1656 1668 01

464 1725 510 1795 ld.
537 1722 700 1793 Tuditano
725 1722 919 1792 consulibus
945 1721 1057 1790 docuit
1082 1743 1168 1790 anno
1194 1721 1266 1814 ipso
1296 1734 1474 1814 antequam
1500 1733 1655 1792 natusest

465 1849 605 1925 Ennius,
640 1855 711 1938 post
735 1847 876 1915 Romam
904 1844 1071 1914 conditam
1097 1855 1207 1915 autem
1237 1847 1487 1938 quartodecimo
1512 1857 1544 1915 et
1566 1848 1654 1940 quio·
1746 1849 1747 1856 ’

467 1971 667 2063 gentesimo,
706 1981 740 2039 ut
769 1968 824 2037 hic
857 1968 903 2037 ait
938 1991 1037 2060 quem
1072 1991 1131 2039 nos
1161 1969 1350 2062 sequimur;
1389 1980 1438 2038 est
1467 1971 1552 2038 euim
1580 1969 1653 2039 inter

463 2095 638 2185 scriptores
664 2094 704 2163 de
729 2115 871 2162 numero
897 2115 1058 2162 annorum
1085 2093 1320 2162 controversia.
1364 2095 1484 2164 Accius
1509 2107 1650 2163 autema

464 2218 507 2301 Q.
534 2219 680 2290 Maximo
705 2217 859 2310 quintum
886 2217 1022 2286 consule
1054 2227 1187 2310 captum
1213 2217 1349 2287 Tarenti
1380 2219 1509 2311 scripsit
1534 2217 1650 2288 Livium

464 2337 569 2431 (anuis
586 2343 678 2411 XXX
695 2349 867 2434 postquam
895 2361 974 2408 cum
1001 2342 1145 2412 labulam
1173 2341 1324 2411 docuisse
1351 2352 1382 2411 et
1404 2344 1528 2412 Atticus
1552 2340 1651 2410 scribit

463 2477 495 2536 et
529 2488 588 2535 nos
623 2465 657 2534 in
691 2465 834 2557 antiquis
868 2464 1113 2534 commentariis
1139 2461 1349 2555 invenimus)
1384 2467 1529 2537 docuisse
1552 2477 1650 2535 autem

462 2590 609 2660 tabulam
636 2589 731 2658 annis
756 2599 829 2682 post
850 2589 897 2657 Xl
923 2591 959 2658 C.
984 2588 1140 2660 Cornelio
1162 2589 1203 2672 Q.
1226 2591 1371 2660 Minucio
1397 2591 1582 2661 consulibus
1605 2588 1650 2657 ln·

462 2714 512 2784 dis
538 2713 727 2793 luventatis,
754 2735 835 2804 quos
856 2713 1021 2781 Salinator
1039 2713 1177 2780 Senensi
1203 2715 1331 2805 proelio
1358 2729 1502 2785 voverat.
1543 2716 1576 2784 ln
1593 2731 1649 2804 quo

462 2850 570 2908 tantus
596 2859 688 2906 error
711 2837 803 2906 Accii
829 2837 899 2914 luit,
928 2847 963 2904 ut
988 2835 1039 2905 his
1066 2837 1256 2906 consulibus
1276 2839 1335 2907 XL
1353 2859 1459 2908 annos
1484 2850 1572 2908 natus
1588 2837 1648 2906 En·

462 2961 538 3032 nius
564 2961 679 3040 luerit;
707 2959 760 3029 cui
786 2959 813 3027 si
839 2959 988 3052 aequalis
1007 2960 1107 3029 luerit
1125 2960 1249 3040 Livius,
1275 2960 1387 3030 minor
1412 2961 1474 3031 luit
1495 2962 1647 3054 aliquanto

461 3086 571 3179 isqui
602 3084 729 3177 primus
762 3083 906 3153 fabulam
941 3082 1032 3152 dedit
1064 3106 1163 3175 quam
1194 3083 1217 3152 ii
1249 3084 1307 3175 qui
1334 3085 1457 3154 multas
1482 3086 1644 3154 docuerant

461 3221 536 3280 aute
568 3208 628 3277 hos
662 3209 824 3288 consules,
859 3218 892 3276 et
917 3208 1050 3277 Plautus
1082 3220 1115 3277 et
1139 3209 1294 3278 Naevius.
1341 3210 1447 3279 Cicero
1480 3211 1571 3278 Bruto
1599 3205 1645 3286 18,

461 3333 509 3405 72
537 3358 583 3425 sq.
692 3333 726 3402 8.
762 3330 917 3401 Antiochi
954 3332 1043 3422 regis
1078 3331 1147 3401 lilio
1186 3341 1247 3400 etc.
1285 3356 1385 3424 supro
1414 3359 1448 3426 p.
1483 3333 1562 3414 383,
1595 3332 1644 3400 30.

460 3461 495 3528 9.
523 3457 652 3541 Quibus
670 3456 859 3525 consulibus
877 3455 1039 3525 interierit
1056 3449 1261 3546 [Hannibah]
1284 3479 1350 3527 non
1370 3459 1531 3528 convenit.
1555 3458 1645 3526 Nam·

459 3605 525 3676 que
551 3581 678 3652 Atticus
712 3581 755 3652 Μ.
783 3579 924 3650 Claudio
950 3580 1108 3649 Marcello
1138 3580 1180 3663 Q.
1209 3581 1312 3650 Fabio
1337 3583 1493 3652 Labeone
1516 3577 1645 3650 consuli·

459 3707 521 3776 bus
547 3715 713 3774 mortuum
739 3703 774 3771 in
800 3703 911 3772 annali
937 3725 997 3771 suo
1023 3704 1179 3797 scriptum
1206 3705 1351 3798 reliquit,
1384 3717 1416 3774 at
1446 3691 1643 3799 Polybius'h.

459 3830 604 3901 Aemilio
631 3828 733 3898 Paulo
759 3827 821 3897 Cn.
850 3827 977 3897 baebio
1004 3826 1191 3920 Tamphilo,
1225 3829 1391 3921 Sulpicius
1416 3840 1524 3900 autem
1546 3825 1642 3899 Blitho

459 3957 495 4024 Ρ.
515 3955 670 4024 Cornelio
689 3952 837 4044 Cethego
864 3955 907 4024 bl.
934 3953 1058 4023 Bnebio
1076 3953 1262 4046 Tamphilo.
1304 3956 1460 4024 1100111101
1484 3952 1644 4026 1210301111

458 4105 524 4150 eno.
550 4081 681 4150 ducibus
699 4094 760 4148 001.
779 4103 810 4170 9.
825 4077 885 4159 22,
918 4076 974 4149 13.
1002 4083 1059 4172 cfr.
1078 4103 1177 4170 supro
1195 4105 1229 4173 p.
1253 4079 1336 4158 361,
1356 4079 1390 4151 T.
1494 4083 1547 4151 to.
1571 4074 1643 4161 Oui·

458 4206 519 4276 bus
544 4205 733 4274 consulibus
751 4202 939 4273 Carneades
966 4214 998 4271 01
1023 4227 1062 4270 00
1088 4203 1209 4294 legatio
1227 4203 1365 4272 Romam
1392 4204 1530 4283 venerit,
1554 4199 1642 4290 scrip-

458 4338 527 4396 tum
554 4337 603 4397 est
628 4326 662 4395 in
688 4335 745 4395 tuo
765 4325 890 4394 annali.
928 4327 1021 4420 11000
1043 4349 1130 4396 0000
1155 4346 1281 4418 quaero
1308 4348 1394 4418 quac
1419 4348 1517 4396 eausa
1542 4320 1642 4394 lueritl

457 4453 508 4521 Da
534 4453 645 4542 Oropo
671 4449 800 4542 opinor,
827 4449 884 4518 sed
911 4461 1036 4520 certum
1063 4449 1188 4531 nescio,
1215 4450 1300 4518 etsi
1328 4451 1371 4519 ita
1394 4460 1451 4531 est,
1478 4469 1642 4543 quaesou-

458 4573 657 4642 troversiae‘l
694 4583 755 4641 etc.
800 4573 905 4642 Cicero
931 4575 974 4642 od
999 4575 1063 4643 dtr.
1091 4571 1147 4653 12,
1174 4570 1233 4653 23,
1260 4572 1294 4643 2.
1400 4574 1455 4642 ll.
1484 4575 1572 4642 Fecit
1593 4572 1642 4640 hoo

457 4698 545 4768 idem
574 4697 749 4791 separatim
784 4698 817 4767 in
854 4697 927 4768 aliis
962 4697 1074 4776 libris;
1114 4707 1150 4768 ut
1183 4699 1227 4769 111.
1254 4698 1347 4768 Bruti
1380 4709 1498 4788 rogatu
1532 4695 1641 4768 luciam
