3582 5594
1303 701 1350 770 '19

145 896 217 978 bat,
257 909 289 966 et
324 899 465 969 avaritia
500 899 752 992 magistratuum
785 911 861 970 ante
894 899 929 969 id
963 910 1091 991 tempus
1129 899 1162 967 in
1197 900 1354 972 Numidia

145 1033 267 1092 nocuae
292 1045 374 1116 opes
400 1033 544 1094 contusa
568 1023 778 1115 boetiumque
803 1033 907 1094 ancta
933 1033 1036 1094 arant.

221 1169 315 1217 xciv.
368 1148 433 1219 Sed
465 1148 523 1220 ubi
554 1149 587 1219 in
613 1148 762 1220 Abicam
795 1148 895 1232 venit,
930 1149 1093 1219 exereitus
1119 1149 1150 1218 ei
1175 1148 1355 1220 traditura

146 1271 270 1363 Spurio
288 1270 415 1342 Albino
439 1274 638 1365 proconsule
662 1273 763 1354 iners,
790 1272 934 1354 inbellis,
960 1295 1070 1365 neque
1087 1273 1228 1366 periculi
1243 1296 1353 1365 neque

146 1393 272 1464 laboris
298 1395 446 1486 patiens,
483 1396 599 1488 lingua
629 1418 731 1490 quam
755 1418 858 1466 manu
884 1396 1085 1490 promptior,
1121 1396 1286 1490 praedator
1311 1419 1353 1466 ex

147 1517 247 1586 sociis
272 1526 305 1587 et
330 1518 399 1612 ipse
425 1518 538 1612 prada
563 1518 721 1602 bostium,
748 1520 820 1590 sine
848 1520 987 1612 imperio
1014 1532 1045 1590 et
1070 1520 1229 1590 modestia
1255 1519 1353 1591 babi-

148 1653 211 1710 tus.
252 1643 302 1712 lta
328 1643 517 1736 imperatori
534 1666 622 1713 novo
645 1643 720 1736 plus
745 1666 788 1713 ex
822 1642 917 1712 malis
948 1642 1096 1714 moribus
1123 1643 1353 1715 sollicitudinis

147 1788 250 1856 wana
275 1789 318 1835 ex
344 1767 440 1858 copia
457 1766 598 1836 militum
624 1766 739 1836 auxilii
764 1777 822 1837 aut
846 1766 917 1860 spei
942 1768 1037 1839 bonae
1063 1767 1251 1838 accedebat.
1280 1770 1353 1840 Sta·

87 1891 97 1906 ⁸
147 1890 209 1959 tuit
234 1901 346 1960 tamen
371 1889 538 1970 Metellus,
564 1911 767 1983 quamquam
793 1900 825 1958 et
844 1890 1030 1962 aestimrum
1053 1901 1181 1983 tempus
1198 1891 1353 1962 comitio-

147 1987 222 2084 rum
248 2036 344 2083 mora
361 2013 571 2094 inminuerat,
602 2023 638 2082 et
659 2013 888 2106 expectatione
915 2024 1050 2084 eventus
1076 2013 1201 2082 civium
1224 2014 1352 2085 animos

147 2137 289 2208 intentos
316 2137 467 2230 putabat,
502 2161 570 2207 non
595 2137 686 2230 prius
712 2137 839 2207 bellum
870 2138 1031 2228 attingere
1062 2159 1162 2230 quam
1188 2138 1352 2208 maiorum

146 2260 323 2354 disciplina
349 2263 469 2333 milites
494 2261 646 2332 laborare
672 2261 841 2352 coegisset.
885 2264 970 2332 Nam
996 2260 1148 2342 Albinus,
1177 2261 1254 2332 Auli
1281 2262 1352 2332 sra-

147 2385 204 2454 tris
237 2384 469 2478 exercitusque
504 2384 597 2454 clade
631 2382 816 2476 perculsus,
852 2393 1027 2476 postquam
1062 2382 1254 2454 decreverat
1285 2406 1351 2454 non

147 2511 260 2602 egredi
296 2510 483 2603 provincia,
524 2520 683 2602 quantum
722 2509 878 2601 temporis
916 2508 1103 2578 aestivorum
1141 2508 1177 2578 in
1211 2507 1352 2600 imperio

148 2635 217 2717 init,
244 2634 443 2728 plerumque
469 2635 589 2705 milites
614 2631 737 2704 stativis
764 2633 878 2703 ansuis
902 2632 1060 2715 babebat,
1089 2632 1151 2702 nisi
1177 2654 1252 2702 cum
1270 2632 1351 2702 odor

148 2769 202 2828 ant
226 2758 342 2852 pabuli
368 2768 497 2851 egestas
521 2759 633 2828 locum
658 2765 787 2826 mutare
812 2757 1000 2848 subegerat.
1052 2755 1116 2826 Sed
1141 2779 1250 2849 neque
1275 2780 1352 2828 mu-

147 2882 325 2952 niebantur
350 2905 390 2953 ea
423 2905 532 2976 neque
562 2905 655 2952 more
683 2880 820 2950 militari
851 2880 973 2971 vigilias
999 2879 1264 2962 deducebantur;
1303 2880 1352 2950 uti

147 3006 267 3098 cuique
293 3007 444 3088 lubebat,
470 3007 512 3077 ab
537 3006 640 3096 signis
667 3005 792 3074 aberat.
835 3004 929 3075 Lixae
954 3004 1109 3097 permixti
1135 3028 1210 3075 cum
1236 3004 1352 3074 militi·

147 3129 205 3199 bus
230 3129 287 3200 die
312 3141 479 3223 noctuque
503 3130 720 3222 vagabantur,
756 3140 788 3198 et
812 3128 962 3221 palantes
988 3149 1085 3218 agros
1110 3137 1250 3210 vastare,
1287 3128 1352 3198 vil·

146 3253 193 3322 las
210 3276 417 3347 expugnare,
443 3255 572 3347 peeoris
598 3266 631 3322 et
656 3251 897 3344 mancipiorum
922 3251 1050 3344 praedas
1071 3261 1232 3322 certantes
1250 3273 1351 3343 agere

146 3401 251 3470 caque
278 3387 406 3448 mutare
431 3400 507 3449 cnm
533 3375 770 3448 mercatoribus
801 3375 879 3446 uno
904 3375 1084 3446 advecticio
1119 3384 1152 3445 et
1176 3375 1250 3445 aliis
1275 3376 1352 3446 tali-

148 3501 223 3583 bns;
262 3513 422 3594 praeterea
447 3502 647 3572 trumentum
678 3500 813 3594 publice
838 3499 952 3570 datum
976 3499 1136 3582 vendere,
1168 3521 1290 3592 panem
1316 3500 1350 3570 in
1403 3579 1406 3584 ,

148 3623 214 3694 dies
234 3625 394 3707 mercari:
419 3637 585 3720 postremo
601 3646 820 3719 quacumque
834 3623 898 3694 dici
912 3635 968 3694 aut
980 3624 1060 3715 tingi
1071 3632 1198 3716 queunt
1210 3624 1350 3716 ignaviae

149 3747 353 3842 luxuriaque
374 3748 512 3842 probra,
539 3749 574 3818 in
600 3747 658 3819 illo
683 3749 829 3818 exercitu
856 3757 974 3818 cuncta
999 3747 1103 3830 luere,
1130 3756 1164 3817 at
1187 3747 1255 3818 alia
1275 3771 1350 3818 am·

148 3871 242 3963 plius.

216 4017 298 4065 xcv.
349 3994 415 4064 Sed
441 3995 476 4065 in
501 4017 542 4065 ea
563 3993 755 4066 difficultate
773 3995 944 4066 ldetellum
969 4017 1036 4064 non
1061 3994 1171 4064 minus
1196 4017 1297 4086 qnam
1315 3994 1350 4063 in

149 4118 243 4188 rebus
261 4117 435 4189 hostilibus
451 4141 611 4211 magnum
637 4129 670 4188 et
694 4118 876 4211 sapientem
898 4119 1006 4189 virum
1028 4118 1128 4188 fuisse
1146 4117 1349 4210 comperiam

150 4251 233 4312 unta
267 4243 484 4336 temperantia
517 4244 603 4314 inter
635 4243 851 4314 ambitionem
881 4242 1106 4336 saevitiamque
1131 4241 1348 4311 moderatum.

150 4367 296 4460 Namque
322 4367 431 4437 edicto
447 4367 592 4460 primum
615 4366 805 4438 adiumenta
825 4367 964 4459 ignaviae
982 4365 1162 4448 sustulisse,
1197 4388 1239 4434 ne
1257 4367 1350 4457 quis-
1379 4367 1382 4374 '

150 4513 244 4582 quam
271 4491 306 4560 in
333 4490 447 4560 caenis
463 4513 584 4583 panem
609 4501 665 4561 aut
689 4513 789 4584 quem
816 4491 919 4562 alium
945 4501 1072 4562 coctum
1092 4489 1202 4559 cibum
1224 4488 1350 4559 vande-

151 4625 212 4698 rct,
245 4637 289 4684 ne
323 4614 400 4686 lixae
434 4615 617 4692 exercitum
653 4624 886 4707 sequerentur,
924 4637 967 4686 ne
992 4615 1088 4685 miles
1113 4613 1288 4704 gregarius
1314 4612 1348 4682 in

150 4739 257 4810 castris
281 4761 377 4846 neve·
393 4738 426 4808 in
452 4739 587 4830 agmine
612 4761 743 4810 servum
769 4749 826 4810 aut
850 4740 1033 4812 iumentum
1052 4737 1206 4823 baberet,
1232 4737 1350 4809 ceteris
