3554 5600
443 617 510 687 180

438 818 527 888 mine
552 819 677 889 Marius
711 817 926 908 interemptus
961 824 1027 884 est:
1068 813 1178 884 Carbo
1203 814 1338 906 perditis
1371 813 1468 884 rebus
1504 814 1640 904 aufugit.

436 943 522 1012 Tum
548 940 712 1012 Sertorius
738 938 921 1010 commissis
946 948 1045 1030 atque
1071 937 1187 1008 deletis
1213 937 1374 1032 partibus,
1408 960 1493 1030 quas
1522 961 1642 1030 seque·

436 1065 544 1146 hatur,
571 1063 733 1157 optimum
751 1061 926 1132 eonsilium
945 1061 1083 1132 eredens
1101 1061 1286 1131 exereitum
1311 1083 1379 1131 non
1397 1061 1577 1141 dimittere,
1601 1083 1641 1132 ne

435 1189 577 1261 nudatus
601 1187 764 1282 supplicia
789 1184 968 1257 victoribus
993 1186 1165 1278 penderet,
1191 1185 1331 1256 eniieeta
1357 1185 1530 1278 Hispaniae
1555 1186 1642 1254 mui-

434 1313 586 1394 titudine,
611 1322 725 1383 eontra
747 1312 936 1381 Romanum
964 1309 1145 1380 exereitum
1170 1309 1283 1380 statuit
1303 1308 1472 1380 dimicare.
1512 1311 1641 1381 Mortuo

435 1439 546 1532 itaque
563 1436 665 1529 Sylla,
691 1434 819 1506 bostem
837 1444 951 1527 aperte
976 1457 1011 1504 se
1037 1434 1204 1526 professus
1225 1445 1284 1504 est.
1323 1434 1376 1505 Ad
1393 1457 1495 1527 quem
1512 1457 1642 1528 expug-

434 1563 582 1635 nandum
606 1561 700 1632 missi
724 1571 801 1631 sunt
824 1561 980 1632 Meteilus
1005 1572 1103 1653 etque
1124 1561 1318 1654 Pompeius;
1344 1561 1403 1653 qni
1427 1583 1505 1630 eum
1530 1559 1641 1651 graui-

435 1689 496 1758 bus
521 1699 621 1782 atque
646 1687 786 1758 assiduis
804 1687 925 1780 pugnis
950 1686 1121 1766 afflixere;
1149 1687 1207 1781 qui
1233 1699 1344 1756 tamen
1370 1685 1506 1756 difficile
1526 1685 1642 1756 vinee-

433 1823 537 1894 retur,
563 1813 628 1884 nisi
654 1836 714 1908 per
739 1811 1001 1884 coniurationem
1029 1811 1061 1880 in
1088 1811 1240 1882 convivio
1265 1835 1286 1880 a
1310 1811 1378 1882 suis
1399 1821 1484 1880 esset
1499 1809 1640 1881 occisus.

434 1939 550 2006 Postea
584 1935 759 2028 Pompeius
794 1937 1001 2028 Perpennam
1044 1933 1193 2026 subegit,
1236 1935 1432 2017 Auxumen‚
1472 1932 1641 2012 Cluuium,

437 2060 651 2152 Calagurrim
666 2059 815 2130 civitates
833 2059 955 2130 delevit
972 2069 1004 2128 et
1017 2057 1111 2128 saetis
1129 2057 1331 2150 inPyrenaen
1349 2056 1480 2149 tropaeis
1496 2049 1643 2149 (trophiis

434 2179 528 2274 tot.)
554 2185 693 2255 Romam
720 2205 889 2276 regressus
917 2195 975 2252 est.

434 2797 568 2884 turult
592 2795 789 2883 inmittis
813 2793 1066 2881 ntttfflttt
1105 2794 1264 2881 ttttm
1287 2795 1440 2882 tuctu!
1462 2793 1642 2881 stetit!

925 2935 1153 3022 ttmtttttt

509 3177 544 3245 Si
569 3177 651 3270 qnid
676 3177 831 3272 precihus
856 3178 945 3271 apud
970 3180 1059 3249 Dens
1085 3179 1300 3260 immortales,
1326 3178 1524 3262 sanctissimi
1551 3177 1643 3248 iudi-

435 3322 501 3382 ees,
527 3301 697 3372 vobiscum
723 3301 903 3395 aliquando
928 3302 1156 3384 valuissemus,
1183 3303 1376 3374 iamdudum
1401 3312 1435 3372 et
1459 3303 1642 3394 potiremur

434 3426 631 3518 republica
664 3435 774 3498 nostra
807 3425 1050 3508 florentissima,
1093 3438 1126 3495 et
1158 3425 1246 3496 cives
1280 3437 1408 3497 nostros
1443 3424 1642 3496 haberemus

434 3557 504 3617 tum
530 3548 692 3619 studiosos
716 3571 829 3619 rerum
855 3547 1091 3640 gerendarum,
1130 3562 1199 3619 tum
1234 3549 1348 3643 patriae
1379 3549 1482 3619 simui
1507 3572 1548 3620 ae
1573 3550 1642 3620 vir·

435 3671 511 3744 tutis
536 3675 796 3745 amantissimos:
833 3674 934 3768 idque
960 3675 1117 3767 temporis
1142 3675 1265 3746 eximia
1299 3675 1411 3745 iaetitia
1440 3675 1640 3754 frueremur,

435 3819 511 3866 cum
545 3798 690 3868 rationes
725 3821 840 3869 omnes
873 3798 1008 3870 dicendi
1036 3811 1163 3869 nostras
1201 3800 1236 3870 in
1267 3799 1399 3870 landem
1433 3821 1641 3869 summorum

433 3931 533 4014 atque
558 3921 759 4014 optimorum
784 3923 906 3992 civium
931 3924 1174 3994 consumendas
1205 3945 1275 3993 esse
1300 3923 1498 3994 videremus.
1549 3921 1641 3994 Nihil

434 4045 524 4116 enim
555 4047 728 4118 statuimus
759 4047 870 4117 animo
903 4047 1036 4138 dignius
1062 4071 1124 4118 nec
1157 4047 1350 4118 auctoritate
1376 4046 1541 4117 maiorum
1577 4067 1641 4116 nee

432 4169 589 4262 opinione
614 4171 779 4264 populari,
812 4192 914 4264 quam
947 4171 981 4240 in
1008 4195 1048 4242 eo
1073 4194 1198 4264 genere
1223 4173 1349 4244 versari
1375 4171 1515 4242 forensis
1541 4193 1641 4241 exer-

433 4293 610 4375 citationis,
645 4316 719 4388 quae
755 4315 874 4364 canere
901 4294 1016 4365 laudes
1043 4297 1195 4388 egregias
1229 4319 1433 4368 summorum
1465 4296 1638 4366 hominnm

433 4428 542 4508 posset
558 4430 658 4512 atque
676 4420 805 4489 animos
825 4417 1034 4489 inflammare
1051 4431 1171 4492 nostrae
1197 4422 1336 4492 civitatis
1363 4421 1406 4493 ad
1429 4419 1636 4492 imitandum.

507 4564 543 4610 n.
594 4543 718 4613 Verum
751 4565 790 4610 ea
822 4540 955 4613 dicendi
989 4543 1138 4637 voluptas
1172 4545 1254 4615 olim
1293 4544 1533 4638 sapientissimo
1566 4542 1636 4612 viro

432 4665 477 4733 Μ.
500 4663 618 4735 Catoni
643 4667 743 4759 plane
769 4666 955 4758 eontigerit,
984 4690 1113 4738 necnon
1141 4682 1172 4740 et
1198 4669 1324 4753 Galbae,
1349 4668 1508 4762 Scipioni,
1533 4668 1634 4738 Grac·
