3576 5602
434 658 506 728 tto

433 856 617 928 exhiberet.
665 859 794 930 Deinde
820 883 895 930 eum
921 882 941 928 a
966 882 1001 928 se
1028 860 1099 952 ipso
1125 871 1293 950 tamquam
1327 859 1369 927 ab
1397 859 1541 927 Hercule
1566 859 1627 926 vic·

432 993 485 1052 tus
511 993 604 1062 esset,
632 982 774 1053 debitam
801 1006 940 1053 coenam
966 995 998 1053 et
1024 983 1262 1053 nobilissimam
1284 981 1491 1052 meretricem
1511 984 1627 1052 Lurco·

432 1105 536 1176 tinam
562 1106 625 1178 deo
651 1108 789 1178 Herculi
814 1107 914 1178 dedit.
963 1110 1007 1178 At
1043 1107 1099 1176 illa
1134 1129 1209 1176 cum
1242 1106 1416 1176 dormisset
1442 1107 1476 1174 in
1504 1107 1628 1198 templo,

432 1230 517 1301 vidit
542 1230 576 1300 in
602 1233 726 1302 somnis
748 1233 928 1302 Herculem
954 1230 1015 1300 sibi
1036 1254 1106 1300 esse
1124 1230 1338 1300 commixtum
1355 1230 1487 1323 sibique
1504 1231 1630 1310 dixisse,

433 1354 524 1448 quod
558 1355 635 1426 iude
671 1356 841 1426 discedens
875 1357 930 1425 cui
963 1356 1107 1448 priorum
1141 1356 1252 1425 iuveni
1289 1355 1387 1424 obvia
1420 1356 1515 1424 lieret
1550 1352 1630 1446 apud

433 1478 529 1549 illum
555 1492 639 1549 esset
672 1479 843 1550 inventura
877 1478 1077 1559 mercedem,
1111 1503 1212 1572 quam
1247 1479 1309 1548 sibi
1340 1479 1476 1549 credere
1504 1479 1633 1548 deberet

432 1604 476 1672 ab
502 1604 650 1688 Hercule
675 1605 888 1696 persolutam.
939 1605 989 1674 Ae
1023 1604 1069 1673 sic
1095 1602 1229 1673 abeunti
1257 1625 1333 1672 cum
1359 1605 1486 1695 primus
1512 1602 1633 1672 iuvenis

434 1725 616 1796 ditissimus
633 1727 786 1797 Tarutius
812 1727 1008 1798 occurrisset
1033 1750 1174 1821 eamque
1199 1727 1353 1796 dilectam
1379 1749 1493 1796 seeum
1520 1726 1634 1796 diutius

437 1849 618 1930 habuisset,
645 1851 703 1922 illa
724 1851 847 1922 berede
865 1852 1038 1922 defunctus
1061 1862 1118 1922 est.
1152 1852 1248 1935 Quae
1266 1852 1506 1944 amplissimam
1524 1851 1635 1943 adepta

437 1977 626 2068 pecuniam,
652 2000 694 2044 ne
719 1977 850 2046 divinae
876 1977 1022 2047 mercedi
1048 1976 1214 2047 videretur
1240 1976 1382 2068 ingrata,
1408 1976 1501 2069 quod
1523 1997 1636 2067 accep-

435 2099 599 2174 tissimum
633 2101 758 2192 putavit
789 2123 859 2170 esse
891 2101 1093 2182 numinibus,
1132 2102 1291 2193 populum
1321 2102 1509 2170 Romanum
1542 2099 1635 2169 etiam

436 2225 507 2317 ipsa
539 2222 668 2317 scripsit
701 2223 874 2304 heredem,
916 2235 1015 2316 atque
1047 2224 1105 2295 illa
1140 2247 1205 2294 non
1231 2235 1444 2318 comparente
1470 2225 1636 2296 inventum

436 2359 484 2418 est
510 2357 754 2436 tastamentum.
806 2346 934 2429 Quibus
964 2349 1091 2418 meritis
1123 2373 1197 2419 eam
1231 2351 1340 2421 lerunt
1370 2350 1470 2419 etiam
1497 2349 1635 2420 bonores

435 2473 595 2544 meruisse
622 2471 762 2543 divinos.
814 2473 906 2542 llaec
1027 2496 1047 2542 a
1073 2485 1162 2544 tanto
1188 2484 1321 2544 auctore
1353 2466 1531 2562 [Varrone]
1564 2495 1635 2564 pro-

435 2598 569 2669 duntur.
611 2597 811 2686 duqustr‘uur
836 2597 874 2664 dc
895 2597 954 2664 cic.
976 2598 1029 2666 det'
1047 2595 1082 2677 6,
1108 2595 1142 2666 t.
1169 2601 1225 2690 cfr.
1250 2599 1437 2670 Plutarchus
1452 2597 1590 2666 Romulo
1605 2597 1634 2667 5.

437 2714 591 2810 [Romae]
628 2744 743 2791 verum
769 2742 890 2790 nomen
917 2743 1016 2789 nemo
1046 2722 1099 2790 vel
1128 2721 1162 2791 in
1196 2722 1298 2792 sacris
1324 2721 1484 2792 enuntiat.
1537 2721 1636 2790 Deni-

436 2868 503 2938 que
529 2845 679 2916 tribunus
703 2845 810 2939 plebis
836 2845 971 2938 quidam
998 2846 1152 2916 Valerius
1170 2849 1326 2928 Soranus,
1354 2859 1390 2916 ut
1413 2847 1460 2916 ait
1477 2849 1587 2916 Varro
1609 2857 1638 2914 et

436 2971 532 3040 multi
558 2970 632 3052 alii,
671 2970 749 3062 quia
775 2969 839 3038 boc
863 2992 985 3039 nomen
1012 2992 1110 3040 ausus
1136 2983 1185 3040 est
1216 2971 1405 3052 enuntiare,
1445 2981 1481 3040 ut
1507 2969 1636 3064 quidam

437 3093 551 3166 dicunt
575 3102 687 3186 raptus
713 3116 732 3162 a
757 3102 873 3162 senatu
900 3104 933 3162 et
957 3094 990 3161 in
1018 3115 1148 3162 crucem
1169 3094 1295 3164 levatus
1318 3105 1376 3174 est,
1404 3106 1440 3163 ut
1456 3093 1526 3174 alii,
1553 3105 1637 3164 meto

437 3218 590 3313 supplicii
616 3218 700 3309 fugit
725 3230 757 3287 ct
783 3218 816 3286 in
834 3217 948 3288 Sicilia
974 3218 1231 3311 comprehensus
1256 3241 1275 3288 a
1296 3230 1448 3311 praetore
1464 3229 1639 3311 praecepto

438 3353 571 3414 senatus
596 3342 723 3413 occisus
749 3351 807 3412 est
849 3342 979 3412 Servius
995 3345 1039 3413 od
1060 3345 1149 3434 Verq.
1175 3345 1253 3412 Aer.
1279 3342 1311 3423 1,
1329 3341 1413 3415 281.
1515 3343 1576 3412 at.
1603 3343 1641 3412 Ut

438 3467 581 3539 affirmat
605 3468 711 3536 Varro
747 3476 861 3537 auctor
889 3466 1171 3558 diligentissimus,
1210 3449 1350 3536 Romam
1379 3466 1530 3536 condidit
1564 3459 1639 3554 [nou

438 3593 602 3663 Hercules
626 3602 684 3661 aut
709 3589 867 3672 Arcades,
899 3590 969 3675 sed]
1009 3592 1170 3661 Romulus
1196 3592 1301 3661 Marte
1333 3591 1463 3682 genitus
1490 3600 1523 3659 et
1550 3589 1640 3658 llbea

438 3714 542 3786 Silvia
567 3715 632 3794 vel,
659 3723 694 3784 ut
722 3714 885 3796 nonnulli,
919 3716 1024 3814 lllprte
1049 3723 1081 3783 et
1106 3713 1177 3783 llia.
1226 3713 1388 3805 Dictaque
1420 3725 1471 3782 est
1497 3715 1640 3806 primum

430 3841 547 3910 'Roma
572 3838 743 3931 quadrata,
774 3839 861 3931 quod
888 3839 930 3908 ad
956 3838 1191 3931 aequilibrium
1220 3839 1303 3908 loret
1330 3837 1457 3930 posita:
1491 3862 1531 3908 ea
1559 3839 1641 3908 inci-

438 3964 487 4057 pit
511 3986 531 4032 a
556 3962 638 4033 silva
663 3985 749 4054 quac
775 3973 825 4032 est
849 3963 884 4031 in
911 3985 991 4032 area
1007 3962 1186 4055 Apollinis,
1213 3973 1245 4032 et
1269 3962 1310 4030 ad
1336 3963 1555 4056 supercilium
1570 3985 1641 4031 sce-

438 4089 548 4159 lerum
574 4087 652 4158 Caci
678 4086 776 4157 babet
801 4087 979 4157 terminum
1007 4087 1064 4156 nbi
1095 4088 1264 4178 tugurium
1291 4087 1352 4156 fuit
1377 4088 1541 4157 Faustuli.
1596 4087 1641 4158 lbi

438 4211 600 4280 Romulus
622 4212 820 4293 mansitavit,
846 4211 905 4304 qui
928 4211 1096 4302 auspicato
1122 4211 1342 4281 fundamenta·
1357 4233 1530 4281 murorum
1556 4211 1638 4288 iecit,

440 4332 669 4427 duodeviginti
694 4347 791 4406 natus
817 4359 933 4416 annos,
959 4337 1006 4406 XI
1023 4336 1097 4405 Kal.
1116 4335 1230 4416 lllaias,
1257 4335 1339 4405 bora
1364 4343 1438 4428 post
1462 4336 1639 4406 secundam

439 4471 515 4530 ante
541 4461 673 4531 tertiam
699 4462 844 4554 plenem,
871 4461 956 4531 sicut
979 4466 1018 4533 L.
1044 4463 1199 4532 Tarutius
1223 4461 1366 4554 prodidit
1391 4459 1640 4530 matbematico-

439 4606 514 4654 rum
546 4584 783 4665 nobilissimus,
826 4585 901 4654 love
938 4584 971 4652 iu
1005 4583 1161 4677 piscibus,
1202 4587 1344 4654 Saturno
1378 4586 1509 4655 Venere
1539 4587 1638 4654 Marte

440 4711 607 4782 Mercurio
628 4710 661 4780 in
679 4711 863 4804 scorpione,
891 4712 966 4781 Sole
985 4712 1018 4780 in
1035 4723 1142 4792 tauro,
1170 4714 1265 4782 Luna
1284 4712 1318 4780 in
1344 4710 1427 4781 libre
1450 4709 1637 4780 constitutis.
