3582 5594
1321 695 1368 762 67

170 891 311 983 pecunia
342 889 588 982 adgrediamur.
648 888 714 972 Qui
756 899 929 982 postquam
961 890 1100 959 Romam
1139 889 1368 974 adventabant,

168 1026 301 1086 senatrrs
334 1037 353 1084 a
380 1014 491 1084 hestia
522 1013 688 1083 consultus
722 1024 789 1083 est:
824 1015 1011 1106 placeretne
1043 1013 1168 1104 legatos
1201 1012 1369 1104 lugurtbae

167 1139 273 1231 recipi
288 1138 479 1209 moenibus?
505 1137 606 1230 hique
619 1136 814 1219 decrevere,
840 1138 903 1207 nisi
919 1157 1061 1228 reguum
1078 1135 1251 1230 ipsumque
1277 1138 1370 1209 dedi-

168 1273 238 1332 tum
264 1261 442 1344 venissem,
467 1261 515 1332 uti
531 1262 566 1330 in
592 1259 708 1330 diebus
724 1261 893 1354 proxumis
910 1261 1025 1332 decern
1043 1259 1137 1330 ltalia
1163 1260 1369 1333 decederent.

167 1387 292 1457 Consul
317 1385 470 1456 Numidis
494 1408 537 1455 ex
562 1395 694 1455 senatus
720 1385 850 1455 decreto
868 1384 1012 1456 nuntiari
1038 1384 1146 1464 iuhet;
1173 1383 1218 1455 ita
1243 1385 1370 1456 infectis

167 1511 270 1582 rebus
295 1510 344 1580 illi
369 1509 504 1580 domum
529 1509 711 1580 discedunt.
748 1508 884 1578 luterim
909 1508 1106 1600 Calpurnius
1134 1520 1248 1601 parato
1274 1532 1371 1580 exer-

168 1634 236 1703 citu
263 1635 355 1724 legat
375 1633 438 1703 sibi
461 1633 610 1703 homiues
635 1632 781 1716 nobiles,
815 1633 983 1717 factiosos,
1013 1655 1154 1727 quornm
1179 1632 1370 1704 auctoritate

165 1779 241 1850 quae
276 1757 467 1851 deliquisset
496 1756 623 1826 munita
657 1756 726 1825 lore
755 1757 926 1849 sperabat,
963 1758 996 1826 in
1031 1757 1104 1850 quis
1130 1756 1191 1827 luit
1215 1757 1370 1840 Scaurus,

166 1881 264 1951 cuius
289 1879 330 1950 de
355 1891 473 1950 natura
499 1891 531 1950 et
556 1879 670 1949 habitu
695 1902 793 1973 supra
809 1880 1075 1953 memoravimus.
1118 1883 1203 1952 Nam
1228 1881 1262 1950 in
1289 1902 1371 1950 con-

166 2005 240 2076 sule
266 2017 378 2074 nostro
396 2004 507 2074 multae
524 2003 686 2095 beneque
710 2015 796 2075 artes
821 2005 925 2075 animi
942 2015 975 2074 et
995 2005 1141 2098 corporis
1158 2015 1262 2087 erant,
1289 2025 1371 2098 quas

166 2129 278 2199 omnis
310 2128 448 2198 avaritia
480 2126 723 2220 prepediebat3
757 2127 884 2220 patiens
917 2128 1085 2210 laborum,
1120 2128 1189 2198 acri
1224 2128 1370 2220 ingenio,

167 2253 247 2322 satis
273 2253 466 2345 providens,
491 2250 572 2323 belli
598 2250 687 2322 haud
712 2251 865 2343 ignarm,
900 2250 1118 2325 firmissumus
1143 2263 1257 2322 conha
1282 2253 1372 2346 peri·

168 2377 246 2447 cula
279 2385 313 2446 et
346 2376 492 2446 insidias.
543 2375 608 2445 Sed
647 2375 795 2466 legiones
826 2397 886 2466 per
919 2376 1046 2446 ltaliam
1072 2375 1238 2467 Rhegium
1274 2387 1371 2469 aqua

168 2502 245 2571 iude
272 2499 441 2582 Siciliam,
466 2521 565 2592 porro
591 2521 633 2568 ex
658 2497 772 2568 Sicilia
797 2498 832 2567 iu
849 2499 997 2570 Africam
1023 2511 1225 2571 transvecta.
1267 2499 1372 2590 Igitur

169 2625 264 2694 initio
301 2624 422 2693 acriter
446 2622 643 2714 Calpurnius
679 2622 803 2715 paratis
835 2623 1070 2694 commeatibus
1095 2624 1285 2695 Numidiam
1318 2625 1372 2694 iu-

169 2769 301 2840 grcssus
326 2759 375 2816 est
388 2746 573 2839 multosque
590 2747 747 2816 mortales
760 2755 791 2814 et
816 2745 914 2816 urbes
928 2746 1052 2840 aliquot
1068 2748 1249 2840 pugnando
1273 2748 1370 2841 cepit.

243 2893 342 2941 xm.
394 2870 458 2940 Sed
495 2870 553 2940 ubi
583 2869 742 2961 lugurtha
774 2891 835 2961 per
872 2871 998 2961 legatos
1035 2872 1177 2963 pecunia
1210 2881 1370 2964 temptare

169 2994 336 3088 bellique,
374 2993 462 3086 quod
500 2991 765 3075 administrabat,
804 2993 1012 3086 asperitatem
1045 2995 1218 3066 ostendere
1259 2997 1369 3088 coepit,

169 3121 301 3190 animus
325 3140 415 3210 aeger
438 3117 576 3189 avaritia
600 3117 698 3187 facile
723 3139 900 3189 convorsus
926 3129 984 3188 est.
1027 3120 1182 3191 Ceterum
1207 3119 1314 3190 socius
1340 3130 1371 3188 et

170 3243 365 3315 administer
388 3243 539 3313 omnium
556 3241 769 3312 consiliorum
786 3243 963 3312 assumitur
980 3243 1140 3326 Scaurus,
1167 3243 1226 3337 qui
1244 3243 1372 3313 tomani

171 3367 393 3460 aprincipio,
428 3366 594 3459 plerisqw
626 3388 668 3433 ex
700 3365 843 3436 lechone
877 3365 947 3436 eius
981 3365 1160 3459 corruptis,
1199 3389 1372 3436 acerrume

171 3514 287 3584 regem
312 3492 568 3584 inpugnaverat,
595 3499 706 3558 tamen
731 3489 956 3580 magnitudine
982 3490 1130 3581 pecnnia
1155 3513 1175 3560 a
1200 3491 1288 3560 bono
1309 3490 1372 3561 ho·

170 3627 331 3708 nestoque
356 3616 391 3685 in
408 3636 545 3708 pravum
563 3613 742 3684 abstractus
758 3623 817 3682 est.
860 3612 923 3682 Sed
940 3612 1102 3704 Iugurtha
1126 3613 1270 3706 primum
1297 3623 1372 3684 tan-

171 3739 343 3810 tummodo
376 3739 455 3810 belli
488 3760 617 3809 moram
654 3736 857 3819 redimebat,
896 3738 1097 3807 existumans
1134 3759 1206 3807 sese
1245 3737 1371 3831 aliquid

170 3864 305 3934 interim
320 3865 432 3932 Romae
449 3862 556 3955 pretio
580 3871 638 3930 aut
662 3862 769 3952 gratia
794 3860 1007 3941 effecturum
1030 3871 1143 3954 postea
1168 3884 1246 3933 vero
1270 3886 1370 3956 quarn

171 3987 367 4081 participem
383 3986 508 4078 negotii
521 3987 684 4056 Scaurum
697 3985 834 4078 accepit,
853 3985 888 4053 in
901 4007 1091 4055 maxumam
1103 4007 1194 4078 spem
1212 3987 1371 4058 adductus

170 4110 406 4205 recuperandae
430 4109 521 4203 pacis
537 4110 649 4180 statuit
673 4131 750 4180 cum
775 4109 822 4179 eis
839 4109 880 4180 de
896 4109 1050 4179 omnibus
1062 4110 1268 4201 pactionibus
1284 4133 1371 4204 prae-

170 4258 248 4306 scus
273 4257 386 4326 agere.
438 4235 592 4306 Ceterum
618 4235 743 4304 interea
776 4233 854 4303 fidei
887 4255 986 4304 causa
1019 4233 1157 4304 mittitur
1186 4257 1205 4304 a
1236 4235 1371 4305 consule

169 4358 302 4430 Sentius
339 4369 482 4452 quantor
523 4359 559 4429 in
600 4359 759 4451 oppidum
789 4356 959 4450 lugurthae
994 4359 1154 4439 Vaccam,
1193 4359 1286 4428 cuius
1322 4359 1372 4428 rei

169 4484 298 4576 species
322 4493 394 4552 erat
417 4483 565 4576 acceptio
590 4482 763 4564 frumenti,
788 4481 878 4575 quod
896 4480 1093 4573 Calpurnius
1119 4481 1229 4574 palam
1254 4483 1372 4574 legatis

170 4609 410 4700 imperaverat,
449 4607 607 4699 quoniam
640 4606 816 4677 deditionis
851 4628 946 4675 mora
981 4589 1116 4675 indutie
1152 4605 1371 4696 agitabantur.

171 4733 276 4823 Igitur
301 4755 382 4816 rex,
406 4732 455 4802 uti
480 4731 708 4816 constituerat,
733 4730 769 4800 in
786 4739 892 4802 castra
912 4729 1001 4801 veuit
1025 4751 1063 4798 ac
1088 4750 1194 4821 pauca
1217 4732 1370 4822 praesenti

1172 4846 1211 4911 51
