3526 5604
1271 687 1344 756 347

122 907 210 956 cum
236 896 370 957 centum
395 885 641 979 quinquaginta
665 885 802 956 delectis
828 886 994 979 equitibus
1018 887 1225 981 perrupisse3
1258 909 1343 960 eun·

122 1011 209 1081 den
236 1035 328 1092 mox,
360 1033 436 1082 cum
462 1011 529 1081 iam
554 1012 711 1083 Muttines
736 1012 771 1081 in
797 1012 908 1084 medio
941 1013 1125 1108 elephantis
1159 1012 1340 1096 collocatis,

121 1137 159 1204 in
188 1159 318 1206 cornua
343 1137 508 1229 equitibus
533 1136 697 1230 dispositis
723 1159 860 1208 manum
886 1161 962 1208 cum
988 1137 1083 1208 hoste
1108 1137 1340 1220 conseruisset,

121 1271 295 1331 terrorem
324 1261 367 1331 ab
397 1269 493 1352 tergo
523 1261 735 1354 praebuisse:
779 1270 879 1354 atque
908 1261 985 1332 iude
1017 1262 1165 1333 turbatos
1195 1263 1341 1354 equestri

121 1386 222 1456 velut
238 1385 388 1478 procella
405 1383 507 1455 hostis
526 1384 567 1455 ad
593 1386 742 1477 peditum
768 1407 890 1477 agmen
915 1407 981 1456 non
1006 1386 1195 1456 accessisse.
1231 1387 1343 1457 hiulce

122 1506 190 1590 38,
212 1506 276 1590 41,
306 1508 353 1582 12
370 1533 417 1603 sq.
521 1510 581 1581 50.
615 1511 857 1602 Quadrigarius
883 1511 995 1581 annali
1025 1509 1083 1582 lib.
1108 1513 1202 1583 VIII:
1241 1512 1276 1581 in
1301 1535 1341 1582 eo

124 1635 204 1704 loco
221 1635 367 1728 populus
384 1635 586 1706 murmurari
604 1634 724 1728 coepit.
753 1635 878 1705 Nouius
886 1658 922 1726 p.
935 1631 1021 1716 478,
1036 1632 1071 1706 6.
1171 1634 1231 1705 51.
1257 1637 1341 1706 Item

122 1759 219 1853 quod
246 1782 307 1830 nos
330 1747 534 1853 ‘suspicatur'
559 1753 789 1854 [wspicutcrt]
815 1771 943 1831 veteres
966 1743 1152 1854 ‘ospicatur'
1172 1760 1339 1830 dixerunt.

122 1883 290 1955 Claudius
314 1896 430 1955 octavo
454 1884 666 1955 historiarum
692 1884 813 1955 Flacco
843 1885 1011 1978 ospicatur
1035 1884 1090 1954 eit.
1131 1883 1301 1956 Diomedes
1322 1883 1344 1954 I

120 2031 158 2100 p.
186 2005 264 2080 378
285 2009 321 2078 P.
429 2009 487 2079 52.
519 2007 679 2080 Claudius
712 2008 798 2078 nihil
831 2031 1026 2102 responsum
1063 2002 1338 2099 [Rhodiensibus]

124 2145 247 2204 auctor
272 2143 341 2214 est;
379 2143 507 2204 tantum
532 2143 667 2203 senatus
692 2133 881 2203 consultum
912 2132 1100 2214 recitatum,
1135 2153 1203 2226 quo
1236 2133 1340 2204 Ceras

124 2268 159 2326 et
184 2257 307 2351 Lycios
338 2258 460 2329 liberos
492 2279 564 2328 esse
592 2257 722 2328 iuberet
749 2257 893 2351 populus
925 2259 1106 2336 Romanus,
1146 2255 1339 2348 litterasque

123 2381 297 2475 extemplo
322 2382 365 2452 ad
391 2393 567 2475 utramque
598 2393 732 2473 gentem
754 2381 768 2408 '
790 2381 889 2452 sciret
914 2379 1096 2452 indicatum
1122 2379 1218 2450 mitti.
1262 2379 1338 2462 Qua

123 2505 242 2576 audita
273 2526 311 2574 re
345 2506 530 2598 principem
561 2506 758 2598 legationis,
799 2505 893 2577 cuius
926 2501 1248 2596 magniloquentiam
1281 2501 1338 2572 vix

124 2629 221 2699 curia
254 2629 356 2722 paulo
389 2639 466 2698 aute
500 2641 651 2722 ceperat,
691 2631 865 2700 corruisse.
917 2629 1029 2699 liuius
1050 2624 1112 2710 44,
1144 2626 1202 2710 15,
1238 2624 1256 2697 1
1290 2649 1338 2718 sq.

124 2752 185 2824 53.
212 2755 388 2824 Praeterea
414 2754 710 2826 animadvertimus
735 2753 997 2848 Quadrigarium
1027 2754 1061 2824 in
1089 2763 1206 2824 octavo
1231 2773 1339 2823 anne·

123 2878 209 2949 lium
241 2879 403 2971 particula
434 2865 536 2971 ‘quin‘
566 2901 663 2950 usum
696 2901 768 2950 esse
801 2879 1045 2950 obscurissime.
1096 2878 1203 2972 Ipsius
1236 2875 1337 2946 verba

123 3003 312 3096 posuimus:
325 3004 477 3074 ‘Romam
493 3003 596 3086 venit,
621 3004 677 3074 vix
701 3014 836 3097 superet
859 3003 940 3096 quin
964 3001 1150 3096 triumphus
1176 3000 1338 3071 decerna-

124 3139 188 3199 tur.
234 3127 358 3198 Gslls'cs
380 3125 437 3210 17,
457 3127 492 3210 2,
514 3127 549 3200 5.
651 3127 710 3198 51.
737 3129 821 3200 Cum
846 3129 1001 3199 Metellus
1025 3138 1159 3220 praetor
1183 3124 1336 3197 Achaeos

123 3252 346 3344 Bueotiosque
379 3251 571 3323 coniunctos
604 3249 733 3322 duobus
766 3251 881 3333 hellis,
922 3251 985 3322 hoc
1023 3261 1073 3320 est
1105 3249 1216 3343 primo
1247 3247 1336 3343 apud

123 3377 377 3471 Thermopylas,
403 3377 523 3448 iterum
550 3379 584 3447 in
601 3377 746 3448 Phocide
771 3378 914 3460 vicisset,
940 3399 1084 3473 quorum
1109 3376 1227 3470 priore·
1245 3375 1335 3445 bello

122 3504 235 3573 occisa
261 3523 332 3572 esse
356 3501 474 3595 viginti
494 3503 598 3585 milia,
626 3501 770 3574 secundo
786 3512 912 3594 septem
938 3502 1031 3572 milia
1057 3523 1154 3572 caesa
1176 3499 1334 3572 Claudius

123 3625 301 3697 historicus
325 3627 444 3697 refert:
476 3627 628 3698 Valerius
653 3626 771 3697 Antias
796 3628 831 3696 in
856 3626 985 3698 Achaia
1014 3637 1199 3718 pugnatum
1225 3635 1257 3695 et
1280 3625 1334 3694 si·

123 3749 208 3840 giuti
235 3749 330 3819 milia
355 3748 567 3822 Achaeorum
594 3773 670 3822 cum
696 3750 781 3821 duce
806 3772 867 3820 suo
890 3751 997 3820 Iliaeo
1026 3749 1184 3818 cecidisse
1210 3747 1334 3819 conlir-

122 3885 202 3944 mat.
239 3874 394 3968 Polybius
416 3887 478 3945 etc.
511 3875 647 3946 Orosius
668 3872 702 3956 5,
725 3873 760 3946 3.
861 3874 920 3944 55.
946 3873 1075 3945 Eodem
1101 3883 1249 3966 tempore
1265 3883 1334 3944 tae-

122 3997 210 4068 ueuti
227 3996 376 4069 Lusitani
402 4019 479 4068 cum
502 3996 594 4068 mille
610 3999 768 4068 Romanis
794 4000 829 4066 in
855 3996 999 4091 quodam
1025 3998 1111 4067 saltu
1136 4007 1333 4067 contraxere

121 4144 287 4214 pugnarn,
322 4123 356 4190 in
381 4144 449 4215 qua
474 4122 683 4215 septuaginta
708 4121 900 4203 Lusitanos,
935 4122 1103 4191 Romanos
1127 4130 1236 4190 autem
1262 4131 1333 4189 tre-

122 4257 237 4316 centos
262 4245 380 4338 viginti
405 4246 563 4316 cecidisse
589 4245 747 4317 Claudius
773 4246 884 4316 refert.
927 4248 970 4316 Et
995 4269 1070 4316 cum
1095 4244 1236 4314 victores
1259 4245 1332 4314 Lu-

121 4373 219 4441 sitani
251 4372 356 4464 sparsi
389 4393 429 4441 ac
463 4371 571 4441 securi
605 4370 746 4450 abirent,
782 4393 866 4440 unus
900 4393 942 4439 ex
972 4369 1012 4439 iis
1041 4370 1141 4461 longe
1168 4391 1188 4437 a
1214 4367 1331 4436 ceteris

121 4504 329 4586 segregatus,
375 4517 451 4565 curn
484 4517 502 4564 a
534 4494 742 4564 circumfusis
774 4493 940 4585 equitibus
972 4493 1074 4586 pedes
1106 4493 1176 4586 ipse
1210 4492 1331 4584 depre-

122 4617 242 4688 hensus
276 4619 375 4688 unius
406 4641 523 4690 corum
557 4639 644 4710 equo
678 4618 793 4686 lancea
825 4616 974 4710 perfosso
1005 4616 1107 4708 ipsius
1136 4613 1257 4707 equitis
1288 4613 1329 4684 ad

122 4765 225 4813 unum
252 4742 356 4834 gladii
382 4743 484 4813 ictum
511 4755 610 4835 caput
628 4741 838 4822 desecuisset,
865 4741 910 4810 ita
934 4761 1050 4811 omnes
1070 4751 1160 4810 metu
1177 4737 1328 4831 perculit,
