3582 5594
486 666 533 738 98

485 867 590 937 hohus
615 875 825 957 acceperam.
869 862 1063 955 imperatori
1082 860 1250 942 nobilitas,
1276 881 1351 954 quae
1368 873 1464 932 antea
1489 861 1601 933 decori
1618 861 1683 944 fuit

483 989 617 1061 invidiae
636 1011 722 1072 esse,
755 988 855 1058 atilli
875 989 972 1059 alteri
998 985 1130 1079 generis
1148 984 1319 1055 humilitas
1337 986 1482 1056 favorem
1500 987 1684 1069 addiderat;

483 1125 632 1184 ceterum
658 1114 694 1183 in
719 1124 862 1206 utroque
887 1111 995 1202 magis
1018 1110 1127 1182 studia
1144 1111 1287 1203 partium
1304 1133 1405 1205 quam
1423 1111 1512 1182 hona
1529 1124 1587 1182 aut
1601 1113 1686 1182 mala

482 1261 542 1310 sua
568 1239 748 1310 moderata.
792 1240 956 1306 Praeterea
989 1235 1137 1306 seditiosi
1172 1236 1384 1325 magistratus
1413 1237 1549 1328 volgum
1574 1239 1686 1327 exagi-

482 1377 564 1446 tare,
603 1362 775 1434 Metellum
809 1360 964 1432 omuibus
992 1359 1202 1430 contionibus
1227 1359 1343 1452 capitis
1374 1381 1554 1441 arcessere,
1592 1361 1686 1431 hlarii

482 1490 636 1560 virtutem
662 1486 695 1554 in
720 1485 830 1554 maius
856 1485 1038 1555 celebrare.
1082 1483 1236 1576 Denique
1261 1483 1376 1576 plehes
1400 1484 1449 1554 sic
1465 1507 1616 1566 accensa,
1641 1485 1686 1555 uti

481 1612 617 1706 opifices
643 1619 856 1702 agrestesque
881 1631 1008 1691 omnes,
1048 1631 1191 1700 quorum
1223 1631 1277 1677 res
1303 1607 1451 1702 fidesque
1477 1609 1511 1678 in
1536 1609 1686 1679 manihus

480 1739 551 1808 sitae
577 1745 683 1817 erant,
708 1735 832 1806 relictis
857 1733 1015 1828 operibus
1040 1733 1291 1826 frequentarent
1305 1734 1461 1815 hiarium,
1488 1745 1521 1804 et
1545 1757 1604 1804 sua
1626 1757 1687 1804 ne·

480 1861 624 1932 cessaria
648 1871 722 1953 post
746 1859 836 1930 illius
862 1857 1026 1928 honorem
1051 1857 1222 1927 ducerent.
1265 1859 1313 1926 lta
1338 1858 1491 1950 perculsa
1516 1859 1687 1930 nobilitate

479 1997 552 2080 post
576 1987 696 2056 multas
721 1995 930 2077 tempestates
955 2005 1042 2052 novo
1067 1982 1195 2052 homini
1221 1983 1410 2052 consulatus
1435 1983 1626 2065 mandatur:
1657 1996 1688 2054 et

478 2119 593 2204 postea
617 2109 760 2202 populus
785 2131 805 2178 a
824 2107 1081 2200 tribunoplebis
1099 2106 1223 2178 lllanlio
1241 2107 1398 2177 Mancino
1415 2118 1561 2200 rogatus,
1588 2132 1688 2201 quem

478 2235 578 2306 vellet
603 2256 679 2303 cnm
705 2230 866 2324 Iugurtha
890 2230 1017 2301 hellnm
1043 2231 1182 2321 gereret
1224 2231 1381 2323 frequens
1406 2233 1550 2302 Marium
1576 2233 1686 2316 iussit;

479 2359 536 2430 sed
553 2369 685 2429 senatus
708 2357 808 2451 paulo
825 2366 901 2426 ante
920 2355 1055 2427 Metello
1081 2355 1290 2436 decreverat;
1326 2378 1366 2425 ea
1390 2379 1444 2426 res
1469 2356 1587 2426 frustra
1614 2359 1687 2429 fuit.

552 2505 668 2554 cmv.
719 2481 848 2554 Eodem
874 2491 1025 2573 tempore
1046 2479 1208 2571 Iugurtha
1234 2480 1363 2550 amissis
1389 2479 1517 2562 amieis,
1544 2503 1687 2574 quorum

476 2609 653 2702 plerosque
679 2607 749 2700 ipse
774 2615 960 2686 necaverat,
987 2605 1089 2674 ceteri
1115 2603 1304 2687 formidine,
1337 2628 1414 2698 pars
1439 2606 1481 2676 ad
1507 2607 1686 2690 Romanos,

477 2733 535 2804 alii
561 2732 604 2803 ad
629 2753 745 2822 regem
770 2729 938 2801 Bocchum
964 2730 1191 2822 profugerant,
1222 2753 1299 2799 cum
1325 2753 1435 2823 neque
1461 2729 1588 2801 bellum
1614 2733 1686 2824 geri

476 2859 547 2929 sine
582 2858 783 2928 administris
814 2867 935 2949 posset,
976 2865 1009 2924 et
1039 2879 1203 2925 novorum
1237 2855 1337 2926 fidem
1370 2857 1403 2924 in
1430 2866 1521 2926 tanta
1546 2857 1688 2950 perfidia

476 2992 625 3054 veterum
650 2981 795 3074 experiri
821 2978 1046 3074 periculosum
1072 2980 1219 3060 duceret,
1245 2980 1357 3051 varius
1382 2981 1593 3074 incertusque
1611 2983 1688 3073 agi-

476 3107 578 3177 tahat.
621 3108 738 3198 Neque
771 3105 820 3175 illi
854 3128 908 3174 res
939 3127 1049 3197 neque
1083 3103 1260 3174 consilinm
1288 3115 1345 3174 aut
1368 3105 1546 3199 quisquam
1574 3104 1688 3175 homi-

475 3253 556 3300 num
582 3231 661 3300 satis
686 3229 855 3324 placebat;
882 3229 1002 3298 itinera
1018 3229 1258 3322 praetectosquo
1276 3229 1310 3297 in
1328 3228 1400 3299 dies
1418 3239 1558 3311 mutare,
1585 3230 1688 3300 modo

475 3354 653 3425 advorsum
687 3353 807 3434 hostes,
848 3351 1015 3422 interdum
1049 3351 1083 3420 in
1114 3351 1308 3422 solitudines
1339 3374 1491 3445 pergere,
1526 3375 1615 3446 saepe
1651 3353 1687 3423 in

474 3478 554 3569 fuga
579 3501 619 3548 ac
644 3487 716 3570 post
740 3476 842 3570 paulo
868 3475 902 3545 in
928 3476 1029 3544 armis
1055 3498 1146 3568 spem
1167 3475 1311 3548 hahere:
1339 3477 1491 3547 dubitare
1508 3477 1622 3548 virtuti
1641 3501 1686 3547 an

327 3605 334 3626 ”
474 3601 553 3672 fidei
578 3602 792 3696 popularium
817 3600 927 3670 minus
952 3599 1118 3680 crederet;
1153 3601 1211 3679 ita,
1246 3624 1458 3696 quocumque
1485 3601 1686 3685 intenderat,

472 3749 526 3797 res
551 3724 698 3796 advorsos
725 3732 830 3794 erant.
882 3723 946 3794 Sed
972 3724 1141 3794 intereas
1167 3748 1277 3796 moras
1303 3737 1439 3820 repente
1464 3749 1537 3796 sese
1561 3727 1688 3799 Metel-

472 3851 524 3920 lus
550 3873 625 3920 cnm
653 3849 802 3919 exercitu
828 3847 980 3918 ostendit.
1026 3849 1179 3920 Numidae
1204 3851 1246 3921 ah
1263 3851 1424 3942 Iugurtha
1449 3874 1510 3944 pro
1531 3861 1687 3944 tempore

471 3975 579 4068 parati
604 3973 831 4066 instructique,
859 3973 936 4042 dein
962 3973 1116 4065 praelium
1142 3974 1308 4068 incipitur.
1352 3975 1427 4058 Qua
1454 3975 1488 4045 in
1510 3987 1604 4070 parte
1621 3999 1687 4046 rex

470 4121 593 4191 pugnae
618 4097 733 4179 adlisit,
760 4095 805 4166 ihi
828 4097 1035 4188 aliquamdiu
1053 4109 1224 4180 certatum,
1253 4099 1355 4169 ceteri
1381 4100 1453 4169 eius
1479 4122 1596 4168 omues
1616 4101 1687 4168 mi-

471 4223 545 4293 lites
569 4224 678 4316 primo
711 4243 892 4312 congressu
926 4221 1013 4314 pulsi
1045 4221 1227 4315 fugatique.
1279 4224 1422 4293 Romani
1447 4224 1624 4313 signorum
1651 4233 1686 4292 et

470 4370 641 4417 armorum
655 4346 826 4438 aliquanto
839 4367 991 4426 numero,
1004 4343 1147 4416 hostium
1157 4367 1340 4438 paucorum
1352 4347 1463 4440 potiti:
1482 4369 1559 4416 nam
1573 4347 1686 4416 ferme

469 4469 629 4540 Numidas
643 4470 678 4539 in
696 4468 849 4546 omnihus
866 4468 990 4561 praeliis
1011 4469 1117 4560 magis
1135 4469 1234 4562 pedes
1252 4492 1355 4562 quarn
1370 4491 1463 4540 arma
1477 4480 1579 4540 tutata
1592 4483 1685 4540 sunt.

542 4617 646 4665 cxxv.
697 4595 748 4664 Ea
765 4592 845 4683 fuga
863 4592 1024 4684 Iugurtha
1049 4594 1219 4686 inpensius
1244 4594 1344 4663 modo
1368 4595 1468 4665 rehus
1494 4593 1563 4664 suis
1589 4594 1687 4664 difli-

469 4720 550 4790 dens
570 4743 644 4790 cum
662 4717 811 4812 perfugis
827 4727 861 4787 ot
877 4728 969 4810 parte
987 4718 1152 4810 equitatus
1170 4719 1203 4786 in
1217 4718 1422 4803 solitudines,
1440 4719 1518 4789 dein
1536 4719 1684 4789 Thalam
