3576 5602
400 617 471 686 521

400 816 580 885 lllarmessn
605 815 693 883 circa
718 814 877 906 oppidum
903 812 1100 903 Gergitium‚
1133 835 1233 904 mam
1263 810 1378 882 scribit
1409 811 1613 884 Heraclides

401 941 554 1010 Ponticus
580 941 710 1010 Solonis
736 949 767 1008 et
793 939 872 1034 Cyri
898 940 997 1011 luisse
1024 939 1242 1032 temporibus:
1268 960 1391 1008 nonam
1413 935 1612 1029 Phrygiam,

400 1086 487 1158 quae
512 1066 688 1136 vaticinata
712 1067 754 1136 sit
780 1068 952 1160 Ancyrae:
988 1065 1151 1135 decimam
1179 1064 1350 1134 Tiburtem
1382 1064 1520 1133 nomine
1547 1061 1614 1132 At·

400 1188 557 1267 buneam.
583 1211 669 1280 quae
695 1189 811 1259 Tiburi
837 1189 964 1260 colatur
990 1200 1026 1259 ut
1051 1189 1113 1258 den
1140 1188 1232 1258 iuxta
1257 1187 1345 1280 ripas
1371 1186 1478 1256 amnis
1504 1185 1614 1257 Anie-

402 1311 465 1394 nis,
497 1312 591 1382 cuius
617 1312 651 1380 in
689 1314 820 1405 gurgite
847 1314 1060 1384 simulacrum
1095 1313 1166 1382 eius
1192 1313 1362 1382 inventum
1390 1333 1462 1380 esse
1488 1309 1613 1379 dieitur

402 1445 517 1506 teneus
551 1439 584 1508 in
612 1461 711 1509 mauu
740 1441 875 1522 librum,
914 1441 1008 1511 cuius
1045 1450 1149 1509 sortes
1182 1449 1314 1510 senatus
1347 1439 1380 1508 in
1407 1437 1611 1531 Capitolium

402 1562 613 1632 transtulerit.
656 1565 842 1633 Lactantius
859 1567 996 1634 institut.
1013 1563 1045 1644 1,
1064 1562 1099 1646 6,
1121 1561 1177 1635 12.
1277 1562 1336 1634 38.
1362 1562 1456 1631 ldem
1484 1561 1518 1630 in
1538 1565 1609 1631 An·

402 1685 491 1755 nali:
531 1709 704 1756 nummum
737 1701 932 1779 argenteum
965 1689 1081 1758 llatum
1116 1687 1262 1780 primum
1297 1709 1316 1754 a
1348 1685 1464 1754 Servio
1499 1684 1611 1754 Tullio

404 1807 532 1890 dicuut;
559 1811 587 1880 is
614 1822 754 1902 quatuor
779 1812 945 1906 scriptulis
971 1812 1078 1882 maior
1104 1812 1166 1882 luit
1188 1833 1287 1904 quam
1313 1833 1403 1879 nnnc
1428 1819 1489 1878 est.
1527 1809 1613 1878 Cliu-

403 1936 502 2004 tisim
534 1933 566 2016 1,
597 1934 652 2016 18,
679 1934 739 2008 29.
840 1936 900 2006 39.
925 1938 1033 2007 Varro
1058 1937 1100 2004 de
1126 1936 1192 2004 vita
1218 1937 1253 2004 P.
1273 1937 1310 2005 tt.
1338 1935 1398 2004 tit.
1421 1937 1455 2004 l:
1492 1944 1525 2002 ct
1550 1955 1612 2001 ex-

405 2067 454 2126 tra
482 2059 597 2128 urbem
632 2059 665 2128 in
698 2059 851 2150 regiones
885 2061 990 2130 XXVI
1025 2082 1122 2151 agros
1153 2059 1274 2129 viritim
1300 2058 1414 2128 liberis
1439 2057 1611 2128 adtribuit.

404 2181 528 2251 Nonius
537 2207 570 2275 p.
584 2181 652 2264 43..
663 2183 698 2254 9.
739 2187 918 2256 Romulicm
930 2187 1054 2255 'trr'bum
1070 2186 1261 2278 appellatam
1282 2184 1456 2255 Terentius
1474 2182 1612 2275 quidem

412 2303 509 2373 Varro
533 2308 580 2374 ait
605 2331 627 2376 u
653 2309 804 2389 Romulo,
843 2308 963 2378 deinde
995 2308 1156 2379 detortam
1183 2309 1323 2378 vocalem
1351 2332 1374 2376 o
1398 2309 1434 2375 in
1459 2309 1475 2376 i
1500 2305 1613 2374 credi·

405 2426 484 2496 bite.
521 2431 627 2500 Festus
646 2433 701 2500 lib.
724 2431 768 2503 17
787 2457 812 2502 s.
834 2458 864 2504 v.
889 2435 1047 2503 Romulia.
1088 2433 1142 2503 Sic
1162 2433 1311 2526 reliquae
1337 2431 1473 2523 triginta
1499 2433 1541 2502 ab
1559 2429 1613 2500 his

405 2550 515 2631 rebus,
542 2552 662 2643 quibus
687 2554 722 2624 in
741 2556 903 2626 Trihuum
921 2558 1006 2627 libro
1028 2555 1155 2648 scripsi.
1201 2557 1302 2625 Varro
1323 2557 1360 2624 de
1383 2557 1419 2624 L.
1440 2557 1476 2624 L.
1495 2555 1531 2635 5,
1550 2552 1611 2630 56.

407 2674 465 2744 to.
504 2677 568 2745 Pro
598 2701 699 2748 censu
731 2681 844 2750 classis
881 2681 1048 2751 iuniorum
1083 2682 1154 2750 Ser.
1189 2680 1317 2749 Tullius
1351 2702 1428 2749 cum
1462 2679 1548 2748 dixit
1578 2679 1611 2748 in

406 2795 623 2891 descriptione
657 2803 898 2884 centuriarum,
940 2805 1046 2898 accipi
1077 2804 1174 2875 dehet
1206 2805 1241 2873 in
1272 2827 1386 2883 censu,
1420 2813 1456 2872 ut
1485 2804 1531 2873 ait
1565 2806 1610 2874 ll.

406 2924 513 2995 Varro
538 2925 571 2993 in
594 2927 653 2997 tit.
668 2931 713 2998 Vl
739 2930 862 2999 Rerum
885 2929 1120 3009 humanarum,
1146 2929 1241 2997 sicuti
1267 2951 1327 3019 pro
1348 2927 1431 2997 aede
1455 2928 1612 3008 Castoris,

408 3070 468 3140 pro
493 3049 662 3132 tribunali,
694 3076 755 3145 pro
782 3054 980 3123 testimonio.
1027 3054 1133 3124 Fatus
1159 3054 1213 3122 lid.
1243 3051 1289 3123 16
1314 3077 1339 3122 s.
1362 3078 1391 3122 v.
1429 3053 1493 3121 Pro
1510 3076 1612 3120 muso.

407 3172 659 3264 Praerogativac
686 3177 854 3248 centuriae
879 3177 1045 3256 dicuntur,
1075 3188 1111 3247 ut
1140 3176 1235 3247 docet
1262 3176 1368 3245 Varro
1394 3176 1522 3246 Rerum
1549 3175 1614 3246 ltu-

408 3319 584 3368 manarum
609 3299 631 3367 l.
651 3301 706 3382 Vl,
733 3324 801 3391 quo
826 3301 940 3371 rustici
963 3301 1117 3382 Romani,
1144 3301 1201 3392 qui
1228 3299 1422 3392 ignorarent
1447 3301 1611 3392 petitores,

409 3422 540 3492 facilius
566 3446 621 3492 eos
648 3425 910 3496 animadvertere
936 3439 1079 3518 possent.
1124 3427 1230 3496 Festus
1254 3426 1309 3494 lid.
1341 3422 1385 3495 16
1411 3449 1437 3494 s.
1459 3449 1490 3492 o.
1518 3426 1613 3494 Proe-

406 3549 578 3637 roqotiooe.
680 3550 737 3618 11.
773 3551 911 3643 Equites
950 3549 1037 3642 apud
1070 3561 1198 3620 veteres
1231 3550 1370 3620 llexutos
1395 3551 1611 3628 vocabantur,

407 3671 491 3740 sicut
516 3672 561 3740 ait
586 3674 693 3743 Varro
714 3675 838 3744 Rerum
866 3674 1097 3744 humanarum.
1141 3675 1269 3744 Seuius
1293 3676 1337 3744 ud
1367 3675 1455 3764 Verp.
1481 3677 1559 3742 Aen.
1577 3671 1611 3752 9,

408 3794 493 3866 606.
544 3797 594 3865 lle
621 3798 771 3868 trossulis
797 3800 920 3868 Nonius
941 3824 975 3891 p.
1003 3797 1062 3880 49,
1094 3798 1129 3869 2.
1183 3800 1233 3868 De
1271 3798 1438 3890 equitibus
1469 3797 1612 3891 pedariis

408 3920 528 3990 Gellius
549 3919 583 4000 3.
605 3919 661 4001 18,
682 3920 716 3992 5.
761 3923 867 3991 Varro
893 3931 1036 3992 turmam
1062 3925 1200 3994 XXXVI
1226 3924 1353 4016 equites
1378 3922 1500 4012 posuit.
1540 3923 1613 3992 Ser·

407 4047 479 4114 vius
503 4047 547 4115 od
578 4047 667 4138 Verq.
694 4048 771 4116 Aen.
793 4044 849 4127 11,
868 4045 952 4118 592.
1053 4051 1111 4119 12.
1138 4051 1168 4120 Α
1190 4048 1305 4119 Servio
1333 4047 1444 4118 Tullio
1470 4058 1504 4116 et
1527 4070 1614 4118 nun-

408 4168 502 4239 dinas
539 4169 717 4250 institutas,
756 4171 898 4240 Varroni
931 4172 1051 4264 placet.
1111 4174 1292 4243 dlumodius
1327 4174 1458 4242 Satura.
1490 4171 1523 4254 1,
1558 4169 1611 4241 13.

405 4294 512 4363 Varro
538 4293 615 4364 dicit
640 4293 792 4387 antiquos
819 4295 984 4365 nundinas
1017 4297 1140 4368 feriatis
1171 4296 1287 4367 diebus
1314 4295 1512 4377 instituisse,
1548 4317 1613 4388 quo

406 4419 537 4488 [acilius
562 4417 753 4487 commercii
780 4441 880 4488 causa
906 4420 947 4489 ad
975 4421 1090 4490 urbem
1118 4423 1230 4492 rustici
1257 4430 1493 4491 commearent.
1539 4420 1613 4490 Ser·

406 4547 478 4616 vius
501 4547 546 4614 ud
572 4546 662 4636 Verq.
687 4544 800 4637 Georq.
830 4544 861 4626 1,
889 4544 973 4617 275.
1017 4548 1177 4618 Geminus
1200 4548 1247 4617 ait
1273 4547 1359 4618 diem
1386 4545 1613 4616 nundinarum

407 4671 529 4740 exactis
556 4671 622 4740 iam
647 4671 782 4760 regibus
809 4673 956 4764 coepisse
983 4673 1155 4752 celebrari,
1182 4671 1263 4765 quia
1289 4671 1440 4763 plerique
1457 4668 1500 4738 dc
1518 4667 1613 4762 plebe
