3702 5600
423 635 495 706 500

421 835 466 894 uti
487 835 641 894 debuisse.
683 833 771 902 Quod
792 834 820 894 si
841 833 958 894 elevari
980 835 1033 892 vix
1053 835 1167 911 potest,
1196 833 1332 893 fortame
1353 831 1548 892 statuendum
1569 832 1628 908 cai,

422 941 535 1016 duplex
555 941 681 1000 militnm
702 959 799 1017 genus
821 941 962 1018 intelligi,
992 941 1121 1001 alterurn
1151 939 1234 1014 quod
1260 957 1300 998 ex
1328 938 1480 1032 elassibus
1501 940 1627 998 scribe-

420 1046 519 1122 batur,
539 1047 670 1106 alterum
691 1047 772 1122 quod
794 1063 832 1106 ex
854 1047 991 1106 emeritis
1013 1050 1044 1106 et
1065 1047 1220 1106 veteranis
1245 1046 1427 1122 eligebatur,
1449 1063 1508 1120 qua
1530 1045 1570 1104 de
1592 1061 1627 1104 re

421 1153 492 1212 vide
513 1153 593 1214 inlra
620 1152 681 1229 lug.
711 1155 758 1214 84.
795 1154 969 1231 ,postulare
996 1154 1169 1230 legionibus
1195 1155 1446 1231 supplementum,
1470 1153 1627 1212 emilina

420 1261 543 1336 populis
565 1263 597 1319 et
617 1260 741 1336 regibus
763 1260 919 1334 sociisque
941 1277 1112 1334 accersere,
1137 1263 1287 1338 praeterea
1311 1277 1350 1319 ex
1370 1259 1462 1320 Latio
1484 1258 1627 1319 fortissi-

419 1384 498 1426 mum
526 1384 684 1442 quemque,
714 1367 880 1444 plerosque
901 1365 1026 1442 militia,
1055 1385 1170 1444 paums
1193 1367 1274 1428 lama
1293 1369 1434 1445 cognitos
1459 1367 1571 1440 accire,
1595 1371 1628 1424 et

420 1474 584 1534 ambiundo
605 1491 718 1550 cogere
739 1473 878 1534 homines
900 1474 1037 1532 emeritis
1058 1473 1220 1550 stipendiis
1244 1491 1346 1533 secum
1366 1466 1549 1551 proticisci.“
1589 1470 1627 1532 ut

419 1581 498 1658 apud
520 1579 655 1639 Curtium
682 1579 804 1654 quidem
825 1597 876 1636 vu.
898 1581 925 1636 5.
947 1581 994 1638 27.
1018 1579 1077 1655 ipsi
1099 1580 1237 1639 veterani
1259 1580 1454 1657 appellantur
1475 1579 1565 1653 secu
1594 1581 1626 1638 et

419 1687 463 1746 ita
485 1687 573 1746 lectos
595 1691 628 1746 et
647 1693 780 1745 evocatos
794 1685 936 1760 coniungi
961 1703 1053 1762 supra
1076 1685 1207 1746 vidimus
1230 1686 1294 1746 Cat.
1313 1690 1360 1746 59.
1384 1691 1415 1746 et
1434 1685 1542 1746 liberti
1562 1685 1624 1746 Ce-

418 1792 505 1870 tbogi
526 1793 590 1852 lecti
612 1799 640 1852 el
659 1795 811 1851 cmcrmtoli
835 1795 865 1850 ln
886 1792 1038 1851 oudoclom
1059 1793 1250 1870 appellantur
1277 1811 1301 1852 c.
1324 1796 1371 1853 50.
1413 1793 1506 1854 Immo
1529 1793 1624 1853 lulius

418 1899 522 1959 Caesar
542 1899 572 1958 in
594 1916 628 1958 re
643 1899 736 1958 simili
753 1899 906 1958 vocabulo
922 1898 1027 1957 elector
1043 1900 1145 1974 utitur,
1172 1899 1405 1974 ,adolescentes
1420 1905 1513 1975 atque
1526 1918 1624 1979 expe-

418 2011 499 2071 ditos
523 2025 562 2068 ex
582 2007 789 2083 antesignanis
806 2007 911 2066 electro
934 2007 1047 2064 milites
1066 2006 1104 2065 ad
1119 2001 1349 2082 pernicitatem“
1372 2005 1406 2066 ll.
1424 2005 1489 2066 Cir.
1511 2027 1554 2066 m.
1575 2011 1623 2068 84.

418 2121 450 2176 et
476 2115 669 2194 participium
695 2113 817 2190 quidem
843 2114 931 2173 lectus
959 2117 1052 2188 atque
1080 2113 1186 2172 clectus
1212 2115 1292 2192 apud
1320 2115 1418 2192 ipsum
1444 2113 1624 2175 Ciceronem

417 2223 529 2300 sapius
551 2222 659 2280 eadem
680 2220 903 2297 significatione
924 2221 1074 2297 usurpari,
1105 2221 1134 2278 in
1156 2221 1278 2281 dubium
1301 2223 1409 2281 vocari
1429 2239 1488 2282 non
1509 2227 1624 2299 potest.

416 2329 480 2388 lam
501 2345 567 2388 cnm
589 2345 627 2387 ex
649 2329 787 2386 evocatis
809 2327 940 2385 maxime
962 2328 1159 2387 centuriones
1182 2331 1213 2387 et
1233 2330 1347 2389 tribuni
1369 2329 1499 2389 militum
1519 2347 1623 2390 sume·

416 2439 529 2507 rentur,
552 2436 657 2510 potest
675 2431 828 2492 Salustius
850 2433 949 2492 videri
970 2435 1200 2494 accuratissime
1222 2435 1366 2494 dilectum
1389 2439 1544 2496 exercitus
1565 2437 1622 2496 de-

416 2541 565 2616 scribere,
588 2541 740 2617 quomodo
755 2541 904 2617 Polybius
920 2541 980 2599 boc
1000 2539 1113 2600 lactum
1134 2559 1205 2601 esse
1220 2543 1384 2616 enarravit,
1405 2546 1439 2602 ut
1452 2545 1544 2620 primi
1564 2544 1622 2602 tri·

416 2649 487 2707 buni
509 2649 636 2707 militum
657 2648 844 2726 legerentur,
865 2652 974 2724 postea
995 2649 1129 2726 gregarii
1151 2649 1262 2709 milites
1285 2650 1564 2710 conscriberentur.

497 2757 628 2815 Celerum
648 2756 688 2813 ud
715 2772 751 2814 eo
775 2755 922 2831 patrando
946 2760 1064 2814 amnuo
1093 2759 1262 2815 auctoritate
1287 2759 1360 2815 socii
1383 2773 1544 2834 nomenque
1560 2757 1621 2816 Lu-

414 2865 501 2922 liuum
529 2868 556 2921 el
583 2878 667 2938 repes
697 2862 775 2921 ultro
801 2863 916 2922 cosilio
937 2863 1082 2936 mittendo,
1110 2869 1257 2936 postremo
1278 2866 1370 2921 omnir
1390 2865 1491 2922 uicum
1513 2879 1621 2922 auarmo

414 2969 508 3028 studio
529 2969 716 3029 odnilelotur.
738 2969 783 3028 ita
804 2969 871 3028 cod.
893 2968 964 3028 Bas.
984 2970 1141 3045 ipsamque
1162 2969 1437 3046 interpunctionem
1455 2969 1620 3029 confirmat

413 3077 546 3135 mittendo
562 3076 669 3134 itidem
690 3092 794 3135 omnes
813 3076 968 3135 meliores.
989 3079 1099 3134 mittere
1113 3075 1294 3152 deteriores,
1316 3093 1393 3135 unus
1407 3080 1526 3152 nudum,
1543 3077 1620 3136 alius

412 3185 573 3256 mittebant·
594 3183 780 3258 quaomnia
800 3182 995 3242 librariorum
1013 3183 1135 3242 inventa
1156 3187 1232 3258 sunt,
1255 3185 1305 3258 qui
1323 3187 1508 3243 structuram
1526 3184 1565 3242 ud
1585 3199 1621 3242 eu

410 3292 556 3368 palruudo
574 3321 615 3332 —
633 3289 764 3348 mittendo
782 3323 819 3332 -
839 3289 1019 3349 oduilctolur
1044 3306 1102 3348 non
1125 3290 1352 3350 intellexerunt.
1380 3293 1503 3350 Senulua
1527 3291 1622 3366 igitur

412 3417 470 3479 pro
491 3397 680 3458 nominativo
703 3396 876 3455 babendum
901 3401 933 3456 et
962 3400 1132 3455 auctoritate
1156 3398 1194 3456 ad
1216 3397 1395 3457 odmlebmur
1422 3396 1620 3471 trahendum

413 3522 481 3581 quae
504 3519 593 3578 quam
614 3501 693 3562 bene
713 3502 795 3560 inter
817 3519 852 3561 ae
875 3502 1062 3578 oobaercant,
1088 3521 1147 3563 non
1169 3521 1245 3580 opus
1267 3507 1324 3576 est,
1347 3505 1381 3563 ut
1400 3503 1541 3580 pluribus
1563 3521 1620 3562 cx·

414 3628 530 3688 ponam.

494 3724 573 3778 ortes
590 3718 681 3778 bonor
699 3717 768 3778 Bas.
791 3721 817 3776 1.
832 3721 859 3777 4.
880 3719 947 3777 Τιιι.
966 3719 1156 3778 vetustiores
1171 3719 1251 3778 llivii
1270 3723 1302 3778 et
1316 3719 1451 3779 fortasse
1466 3719 1553 3778 multi
1568 3717 1619 3776 alii

412 3825 500 3899 libri,
535 3841 603 3882 nam
632 3825 662 3883 in
690 3823 799 3883 ordine
826 3825 990 3884 verborum
1016 3824 1208 3884 restituendo
1237 3824 1336 3884 adbuc
1361 3824 1454 3884 multa
1476 3824 1619 3901 neglecta

413 3933 491 3990 sunt.
518 3930 589 3989 alii:
622 3930 713 3989 bonos
740 3933 827 4006 orllr,
861 3936 1005 4007 utsupra
1035 3933 1138 4006 ο.41;
1169 3933 1198 3990 in
1229 3935 1341 4007 opiinus
1372 3933 1483 3992 ortibus
1507 3949 1533 3990 c.
1562 3933 1617 4006 85;

413 4037 544 4114 ollasque
564 4038 655 4096 bonos
676 4043 756 4096 ortes
777 4036 798 4096 l.
816 4040 841 4095 1.
864 4038 958 4098 mullo
974 4039 1111 4116 boumque
1131 4044 1210 4098 ortes
1224 4039 1245 4098 1.
1261 4041 1313 4114 283
1336 4045 1441 4099 conba
1454 4039 1621 4099 muclone

413 4142 476 4203 Cat.
498 4145 525 4201 2.
550 4145 596 4203 10.
623 4142 743 4202 Auctor
763 4141 818 4220 Ep.
841 4145 867 4202 2.
893 4143 932 4202 de
957 4161 1021 4221 rep.
1045 4146 1109 4204 ord.
1138 4161 1230 4223 neque
1257 4145 1408 4220 disciplina
1427 4162 1520 4221 neque
1540 4152 1620 4204 artes

412 4250 501 4309 boum.
536 4247 610 4309 Cum
631 4249 724 4326 igitur
744 4256 904 4326 utrumqne
925 4255 1010 4311 recte
1032 4252 1094 4311 dici
1117 4253 1226 4328 possit,
1257 4252 1324 4312 baec
1344 4253 1384 4312 ad
1404 4253 1619 4312 auctoritatem

414 4357 599 4434 optimorum
620 4356 770 4416 librorum
792 4362 863 4416 sunt
884 4357 1111 4418 conformanda.

495 4480 520 4523 o.
538 4465 586 4522 44.
612 4465 753 4537 ospurlo
776 4463 877 4522 Albino
893 4463 1071 4538 proconsule
1093 4464 1163 4523 Bas.
1185 4483 1204 4522 1.
1225 4464 1292 4522 Par.
1315 4463 1400 4523 Leid.
1422 4465 1523 4524 Altino
1542 4481 1618 4540 pro-

413 4570 531 4629 consule
544 4571 611 4629 Tur.
634 4587 670 4628 m.
685 4572 712 4628 2.
734 4570 827 4629 Albini
849 4569 985 4630 nonnulli
1006 4572 1059 4630 alli
1080 4572 1166 4647 liuri;
1195 4589 1284 4647 quam
1306 4572 1429 4647 quidem
1451 4572 1617 4632 lectionem

414 4693 509 4750 quare
520 4677 671 4754 potiorem
683 4677 837 4750 ducamus,
853 4678 905 4736 vix
917 4679 1109 4756 probabilem
1120 4680 1270 4738 rationem
1280 4679 1400 4738 efferas.
1423 4677 1537 4738 Contra
1546 4679 1617 4756 ple-
