3576 5602
1301 631 1367 698 tte

160 827 211 884 42.
235 827 282 884 73.
306 829 419 885 tantum
444 825 507 903 lug.
530 827 577 884 38.
601 826 639 885 ab
661 825 720 885 boc
747 844 801 886 usu
828 827 988 904 paulisper
1016 827 1157 888 dellexit:
1184 831 1263 902 ,ipsc
1284 833 1367 904 quari

158 933 334 992 cildundor
351 949 407 1007 per
426 933 557 993 sobroso
579 933 643 991 loco
663 936 838 992 attrociter
859 937 1018 992 conabam
1039 927 1182 992 dortomfl

246 1056 274 1099 c.
299 1042 343 1098 13.
370 1045 519 1098 constrato
539 1037 610 1100 Has.
632 1058 651 1096 ι.
675 1043 706 1098 et
726 1038 817 1116 longe
844 1041 966 1116 plurimi
995 1043 1027 1100 et
1051 1041 1157 1117 optimi
1183 1041 1264 1099 libri.
1294 1059 1368 1100 ron-

161 1151 275 1204 sbrwtn
294 1162 333 1204 cx
354 1145 532 1204 melioribus
553 1143 617 1205 Hrl.
640 1145 710 1224 leg.
737 1148 769 1204 ct
790 1146 888 1206 Paris.
916 1164 943 1206 e.
968 1148 1058 1206 etiam
1081 1148 1175 1206 tertia
1197 1151 1245 1207 est
1265 1147 1368 1226 lectio,

161 1259 321 1326 concocta,
344 1270 433 1327 qnam
453 1252 597 1312 Horatius
619 1253 832 1312 commendare
854 1252 978 1311 videtur
995 1251 1091 1312 Carm.
1113 1271 1154 1312 ιιι.
1177 1257 1203 1311 1.
1226 1257 1273 1313 33.
1295 1273 1368 1314 coa-

162 1364 259 1417 trorto
274 1362 373 1433 piscar
394 1375 512 1435 oepooro
533 1362 664 1418 comunt.
687 1358 847 1435 Quaritur,
870 1377 959 1434 quam
972 1360 1138 1420 lectionem
1159 1361 1256 1439 ipsios
1277 1360 1368 1422 Salu-

162 1465 218 1524 stii
239 1481 358 1524 manum
379 1465 499 1524 ret'errc
521 1471 697 1526 statuamus.
731 1466 842 1544 Agitur
857 1466 896 1526 dc
911 1466 1115 1527 Romanorum
1134 1468 1261 1542 luxuria,
1283 1469 1369 1529 cuius

162 1572 269 1632 varias
290 1571 405 1631 termas
427 1571 524 1632 luisse
545 1573 622 1632 satis
644 1577 775 1632 constat.
816 1569 901 1647 Nam,
921 1575 955 1633 ut
977 1572 1089 1632 Tibulli
1109 1592 1139 1632 rr.
1162 1577 1189 1632 3.
1212 1576 1259 1633 db.
1296 1591 1370 1634 ver-

163 1679 214 1737 bis
235 1681 313 1753 utar,
336 1696 420 1738 mare
447 1679 624 1738 indomitum
651 1679 782 1738 molibus
805 1678 996 1752 claudebant,
1023 1679 1091 1738 sivo
1113 1685 1145 1739 ut
1166 1679 1307 1740 Manilius
1329 1699 1370 1741 ιν.

164 1787 235 1846 263.
257 1784 401 1846 litoribus
422 1786 512 1845 novis
534 1803 590 1862 per
612 1786 714 1845 luxum
735 1786 831 1862 ponto
853 1783 1030 1861 illudebant,
1057 1786 1098 1846 ita
1124 1789 1157 1846 ut
1176 1804 1263 1861 aquea
1285 1789 1370 1848 saxis

165 1892 398 1968 expellerentur
412 1895 444 1951 et
459 1907 542 1950 marc
557 1891 642 1952 arvis
656 1895 843 1950 nasceretur.
860 1890 982 1950 Petroo.
991 1889 1053 1951 Sat
1067 1910 1092 1952 c.
1105 1895 1170 1952 120.
1197 1893 1285 1962 Quod
1300 1895 1370 1970 qui-

166 1999 237 2058 dem
258 2016 295 2057 eo
317 1999 449 2058 consilio
472 1997 583 2058 lactum
605 2005 662 2072 cst,
693 2001 727 2057 ut
750 1998 885 2075 piscinas
907 2001 1017 2058 recens
1039 2001 1212 2058 exstructas
1234 2017 1252 2058 a
1275 2001 1369 2060 maris

165 2105 309 2165 ductibus
329 2104 541 2164 defenderant.
579 2104 709 2173 Quarum
725 2105 846 2181 quidem
861 2105 1099 2180 magnitudinem
1118 2105 1187 2165 inde
1205 2105 1371 2184 intelligas,

168 2212 253 2288 quod
274 2212 353 2290 apud
374 2211 532 2272 Horatium
555 2209 585 2270 C.
608 2229 638 2268 ιι.
664 2214 710 2270 15.
732 2213 750 2270 2
772 2213 835 2270 est:
857 2211 943 2271 bnon
964 2217 1080 2271 calcato
1101 2216 1229 2272 visentur
1244 2215 1371 2274 lumino

166 2327 272 2396 empto
293 2319 376 2388 lacn,¹
400 2321 431 2378 et
453 2317 589 2394 inprimis
611 2317 734 2393 quidem
754 2314 897 2377 Lucullus
917 2322 1017 2378 enaim
1037 2322 1122 2377 etiarn
1143 2325 1237 2379 monta
1257 2349 1295 2358 —
1317 2337 1373 2378 cu-

168 2431 263 2501 rtporn
291 2432 320 2484 et
343 2428 438 2484 morio
464 2424 578 2482 admisit
601 2422 680 2482 Plio.
700 2422 735 2482 N.
763 2423 797 2482 H.
819 2441 859 2482 rx.
882 2426 928 2483 bd.
971 2425 1071 2484 Varro
1092 2425 1126 2483 ll.
1149 2426 1183 2484 R.
1205 2444 1246 2484 ιιι.
1270 2429 1317 2485 17.
1340 2431 1372 2486 ct

170 2535 202 2592 in
224 2532 352 2592 cundem
375 2532 442 2592 lero
464 2531 584 2591 modum
605 2531 691 2590 lacus
712 2529 860 2590 Lucrinus
882 2531 939 2590 luit
968 2534 1149 2607 exstructus,
1172 2531 1226 2591 cfr.
1249 2531 1372 2593 Sueten.

168 2639 247 2715 Aug.
272 2639 317 2697 16.
338 2638 423 2714 Virg.
446 2635 555 2714 Georg.
578 2655 607 2695 rr.
631 2638 697 2696 161.
724 2641 756 2697 ct
781 2637 833 2712 qui
863 2643 1006 2698 auctores
1031 2637 1072 2698 ad
1099 2638 1128 2697 b.
1155 2639 1175 2698 l.
1202 2638 1373 2699 laudantur.

168 2744 234 2804 Sed
253 2744 303 2803 bis
323 2743 402 2821 ipsis
422 2743 562 2819 molibus,
584 2743 694 2819 quibus
715 2744 764 2803 vis
787 2743 928 2803 ductuum
950 2744 1123 2822 arcebatur,
1151 2745 1244 2805 villas
1264 2746 1373 2805 inaedi-

169 2851 311 2926 licabant,
334 2850 416 2926 quod
436 2849 553 2910 Seneca
574 2849 651 2928 pr.
673 2852 721 2910 89.
742 2850 793 2909 bis
815 2850 921 2908 verbis
943 2851 1100 2927 exprimit:
1127 2852 1238 2928 ubique
1261 2853 1289 2911 in
1312 2853 1373 2911 ali·

169 2975 262 3032 quem
285 2959 381 3018 sinum
404 2957 477 3015 litus
500 2957 683 3031 curvabitur,
710 2973 766 3015 vos
787 2957 927 3033 protinus
949 2955 1144 3016 fundamenta
1165 2958 1294 3034 iacietis,
1317 2976 1373 3018 nce

170 3065 307 3125 contenti
322 3064 391 3124 solo
405 3065 466 3124 nisi
481 3065 562 3140 quod
576 3081 666 3123 manc
678 3063 826 3138 lcccrltis,
842 3063 937 3122 maria
953 3064 1053 3140 agetis
1076 3064 1236 3124 introrsus.
1273 3065 1373 3134 Quare

171 3177 257 3232 recte
284 3171 366 3248 apud
393 3170 551 3231 Horatium
578 3171 691 3230 dicitur
716 3169 847 3229 domnos
875 3175 962 3230 terro
988 3169 1169 3246 sooddinsna.
1210 3171 1305 3232 Carm.
1331 3191 1373 3231 ιιι.

173 3281 199 3338 1.
222 3281 268 3338 36.
291 3285 322 3338 et
342 3277 438 3338 Carm.
461 3280 508 3337 21.
530 3281 557 3336 3.
602 3279 752 3338 Camenas
782 3276 853 3335 licet
869 3293 993 3351 occupes
1016 3277 1190 3352 Tprrbcnom
1216 3295 1299 3337 omna
1318 3282 1374 3338 tuis

172 3392 199 3444 et
218 3402 299 3444 crore
320 3385 493 3460 Apputicom.
531 3385 594 3444 lam
614 3384 743 3443 aedilicia
765 3382 794 3442 in
817 3383 950 3442 molibus
970 3383 1035 3442 iHis
1058 3387 1213 3444 exstructa
1233 3389 1375 3462 poterant

174 3491 395 3566 quodammodo
422 3492 484 3550 dici
512 3507 596 3550 mare
617 3498 804 3550 conclamare
824 3495 858 3556 ut
878 3490 959 3566 apud
980 3488 1110 3549 Hirtium
1131 3490 1166 3550 Β.
1189 3490 1223 3551 G.
1244 3509 1307 3550 vrn.
1336 3494 1374 3550 ll

171 3599 256 3673 polus
277 3603 426 3658 coartato
443 3599 576 3673 pontius
599 3601 630 3656 et
651 3595 757 3656 Livius
779 3615 872 3655 xxxv.
895 3599 942 3654 to.
970 3601 1126 3656 consternit
1150 3601 1243 3657 morio
1267 3598 1374 3658 elnoci-

173 3707 225 3767 lns
244 3711 316 3766 auis.
362 3705 424 3764 Sed
452 3707 580 3782 primum
610 3704 669 3762 boc
697 3694 918 3784 inspectanti·
944 3702 1057 3763 dictum
1087 3709 1179 3780 essct,
1209 3707 1271 3765 tum
1297 3705 1372 3764 ciliis

174 3813 224 3873 vol
245 3812 376 3885 adificiis
406 3823 473 3871 crat
500 3810 718 3888 adponendum.
762 3811 863 3869 Aliter
891 3811 969 3868 enim
996 3813 1181 3870 constratum
1209 3828 1292 3871 marc
1313 3811 1374 3869 eli-

175 3921 244 3995 quis
265 3919 346 3979 idem
367 3935 439 3978 csse
462 3919 553 3993 dicat,
575 3917 656 3992 quod
679 3916 759 3995 apud
780 3917 942 3994 Virgilium
964 3915 1069 3994 liclog.
1092 3937 1132 3976 rx.
1155 3921 1202 3977 59.
1237 3917 1277 3978 Ht
1298 3935 1376 3978 nunc

175 4043 262 4086 omne
292 4025 349 4084 tibi
375 4029 502 4084 stratum
531 4023 602 4084 silet
625 4041 739 4098 aequor.
764 4025 782 4082 i.
810 4041 835 4083 e.
856 4009 896 4083 τό
916 4021 1000 4100 κῦμα
1025 4015 1169 4106 ἔστρωτο
1189 4023 1301 4084 Herod.
1323 4043 1374 4081 vu.

175 4135 241 4192 193.
264 4137 296 4192 et
317 4131 373 4194 Od.
396 4150 437 4190 111.
462 4133 527 4190 158.
548 4117 716 4212 ἐστόρεσεν
736 4125 770 4191 di
794 4117 873 4203 θεός
885 4119 1063 4215 μεγακήτεα
1077 4117 1203 4193 πόντον.
1238 4129 1376 4204 Denique

176 4257 213 4299 oe
234 4239 281 4299 sic
308 4238 428 4314 quidem
456 4236 610 4313 oppositio
641 4237 717 4296 satis
750 4239 798 4295 est
825 4239 942 4314 aperta.
968 4237 1114 4296 subamara
1140 4241 1212 4296 caim
1238 4236 1377 4294 montbar

175 4346 295 4406 nonnisi
317 4348 411 4405 mario
431 4349 596 4404 constructo
616 4343 813 4419 respondent.
848 4344 981 4403 Accedit
995 4342 1076 4418 quod
1091 4343 1182 4420 paulo
1203 4342 1376 4402 infracto

176 4453 214 4512 da
236 4452 343 4512 cadem
364 4469 401 4511 re
422 4450 549 4510 dicitur:
573 4452 603 4508 ia
624 4449 800 4509 exstruendo
821 4452 896 4508 mori
910 4454 941 4509 et
954 4449 1034 4526 apud
1049 4448 1184 4508 Tacitum
1200 4447 1307 4507 Annal.
1323 4465 1376 4507 xu.

176 4561 224 4618 56.
245 4565 347 4635 stupco
368 4562 411 4618 cir
433 4559 553 4617 Tiberim
574 4564 690 4618 olmeto.
733 4557 793 4616 Sed
817 4556 952 4633 pessime
980 4554 1102 4630 faciunt,
1132 4555 1183 4630 qui
1212 4559 1377 4614 conoberto

176 4665 298 4742 quidem
320 4665 460 4738 retinent,
491 4664 546 4722 sed
568 4669 716 4724 commoto
740 4663 988 4738 interpretantur,
1018 4678 1106 4736 quern
1140 4679 1276 4721 errorem
1298 4678 1376 4736 quo-

1179 4769 1217 4828 29
