3526 5604
385 669 457 738 372

384 878 464 937 tare.
486 865 621 960 ρ.502,
643 865 772 938 19...
798 867 910 937 omnia
936 889 1022 959 quae
1048 865 1192 934 diximus
1219 864 1290 934 loca
1315 865 1424 935 statim
1449 867 1583 959 potitus.

383 993 492 1064 Idem:
519 993 619 1063 bostis
643 994 717 1063 loca
741 994 911 1083 superiora
938 993 1040 1087 potiti.
1065 1017 1099 1085 p.
1122 989 1206 1073 502,
1230 989 1279 1063 25
1305 1043 1313 1060 .
1335 1043 1373 1060 ..
1400 1002 1500 1084 atque
1527 1013 1585 1062 ar-

382 1119 444 1188 mis
478 1117 519 1186 de
559 1117 624 1186 vita
658 1117 806 1186 certatim
840 1116 997 1185 dimicare
1031 1116 1207 1185 nitebatur.
1245 1139 1278 1207 p.
1311 1113 1395 1196 516,
1435 1113 1581 1187 29...

381 1245 528 1315 sublatus
546 1243 668 1313 laetitia
687 1243 791 1312 nimia
807 1255 906 1335 atquc
923 1241 1103 1334 inpotentia
1124 1252 1295 1312 conmotus
1315 1241 1428 1310 animi.
1445 1265 1480 1332 p.
1495 1237 1583 1322 527,

384 1366 452 1440 13.
474 1421 481 1437 .
502 1421 510 1438 .
529 1367 706 1439 Otacilium
726 1367 871 1459 legatum
889 1390 964 1436 cum
982 1367 1077 1436 scalis
1095 1390 1133 1436 ac
1150 1366 1279 1437 lambis.
1293 1390 1326 1459 p.
1341 1362 1426 1446 534,
1447 1365 1490 1436 11
1512 1417 1521 1434 .
1542 1417 1552 1434 .
1572 1417 1580 1434 .

380 1491 499 1585 quibus
524 1489 641 1561 occisis
666 1489 826 1559 actuarias
852 1489 893 1558 ad
919 1489 1037 1580 viginti
1059 1491 1161 1573 navis,
1188 1490 1266 1558 item
1292 1473 1470 1582 conplures
1497 1511 1581 1559 one-

380 1615 483 1686 rarias
515 1614 708 1684 incendunt.
736 1639 771 1706 p.
798 1611 882 1693 535,
913 1611 946 1684 3.
974 1611 1057 1693 536,
1083 1610 1106 1684 3
1223 1624 1354 1685 senatus
1385 1615 1580 1685 auctoritate

379 1739 510 1830 sagacia
540 1759 641 1807 nunc.
669 1761 702 1830 p.
729 1734 813 1816 538,
843 1736 982 1807 29
1009 1746 1194 1829 praeterea¹
1213 1737 1392 1830 catapultas
1420 1739 1577 1818 sedecim,

378 1876 532 1960 quattuor
565 1864 726 1944 ballistas,
762 1863 878 1954 viginti
911 1863 1055 1956 plaulras
1086 1864 1186 1932 coriis
1218 1860 1378 1956 [plaustro
1403 1861 1576 1956 scorpiis‘l]

379 2013 418 2059 ac
442 1989 627 2059 minoribus
653 1988 777 2078 sagittis
803 1996 932 2057 onusta.
956 2012 990 2081 p.
1013 1985 1097 2067 552,
1126 1987 1182 2058 19.
1210 2041 1219 2056 .
1243 2041 1251 2056 .
1274 2041 1282 2058 .
1305 2009 1343 2058 ac
1368 1999 1441 2082 post
1465 2009 1579 2057 arma-

379 2129 427 2187 tos
461 2115 643 2186 funditores
676 2126 711 2184 et
742 2114 928 2206 sagittarios
955 2113 1058 2206 ponit.
1088 2137 1121 2206 p.
1157 2111 1241 2196 553,
1274 2111 1418 2185 16...
1446 2111 1577 2201 longius

378 2239 522 2332 scorpios
547 2239 710 2330 catapulta
736 2238 890 2306 concitos.
918 2261 950 2330 p.
977 2234 1060 2316 553,
1088 2235 1136 2309 25
1159 2289 1167 2306 .
1188 2289 1197 2306 .
1219 2288 1227 2305 .
1250 2237 1355 2329 sparis
1387 2259 1428 2306 ac
1452 2235 1578 2304 lanceis

378 2365 507 2433 eminus
533 2374 682 2456 peterent
707 2364 819 2434 bostis.
855 2388 889 2455 p.
910 2360 994 2444 555,
1021 2361 1068 2433 22
1097 2414 1106 2431 .
1131 2415 1138 2430 .
1163 2413 1171 2430 .
1198 2373 1371 2431 conmutus
1409 2373 1518 2431 tamen
1545 2369 1579 2429 et

377 2497 527 2580 tempora
551 2487 684 2578 singula
709 2488 876 2557 constituit
904 2498 937 2557 ct
967 2486 1051 2556 sicut
1079 2496 1211 2556 steterat
1237 2486 1424 2579 manipulos
1448 2484 1578 2554 obverti

377 2611 480 2680 iussit.
532 2610 623 2680 idem
658 2611 715 2681 lib.
742 2612 815 2680 1111.
847 2634 880 2703 p.
907 2607 991 2692 556,
1023 2607 1138 2680 4...
1173 2609 1260 2681 Galli
1290 2608 1469 2679 materibus
1501 2609 1578 2678 sani

378 2729 480 2825 [cati]
509 2735 632 2807 lanceis
658 2733 839 2825 conligunt.
869 2759 903 2826 p.
923 2731 1007 2814 556,
1027 2732 1062 2805 8.
1164 2735 1198 2806 8.
1227 2734 1326 2804 Verbo
1350 2733 1408 2804 sub
1432 2735 1488 2804 boc
1510 2758 1579 2804 nu·

376 2885 460 2932 mero
485 2862 609 2931 collecto
628 2862 664 2928 is
684 2860 774 2928 bonis
798 2859 899 2929 Nonii
924 2859 1015 2928 libris
1040 2861 1157 2952 partim
1183 2861 1227 2928 ad
1252 2861 1375 2928 tertium
1393 2860 1514 2951 purtim
1531 2860 1582 2954 od·

376 3000 521 3078 quartam
547 2985 696 3054 Sisennae
720 2985 924 3053 biston'oram
941 2983 1056 3052 libram
1072 2987 1267 3076 referuntur:
1290 2994 1400 3052 tamen
1418 2983 1579 3053 Tuderti-

375 3114 436 3182 bus
453 3109 558 3180 senati
577 3109 725 3178 consulto
743 3117 775 3176 et
791 3107 904 3200 populi
923 3107 1009 3176 iusso
1029 3107 1084 3176 dat
1104 3107 1277 3177 civitatem.
1294 3132 1327 3200 p.
1345 3105 1426 3190 130,
1448 3107 1489 3178 11
1511 3161 1520 3178 .
1541 3161 1577 3178 ..

375 3235 568 3305 adoriuntur
593 3256 724 3304 aversos
749 3244 785 3303 ut
809 3233 929 3325 apertis
959 3233 1126 3304 latoribus.
1155 3257 1188 3326 p.
1214 3231 1298 3315 236,
1330 3231 1380 3305 26
1405 3287 1414 3302 .
1435 3284 1472 3301 ..
1502 3233 1580 3302 Lu·

375 3358 464 3428 cium
500 3356 694 3427 Memmium
726 3377 875 3425 socerum
910 3355 970 3426 Gai
1003 3355 1154 3425 Scriboni
1187 3357 1356 3427 tribunum
1393 3351 1577 3443 [subacti]

373 3479 491 3573 plebis,
517 3502 616 3575 quem
633 3480 737 3551 Marci
759 3479 844 3549 Livii
870 3479 1096 3549 consiliarium
1123 3479 1222 3549 fuisse
1248 3479 1415 3550 callebant
1439 3489 1472 3548 ct
1493 3490 1579 3549 tarnc

374 3605 527 3678 Curionis
550 3613 726 3672 oratorem.
745 3627 780 3695 p.
802 3599 887 3683 258,
907 3600 942 3672 6.
961 3606 1019 3695 cfr.
1048 3603 1151 3672 Cicero
1168 3604 1268 3673 Rrato
1283 3601 1345 3685 89,
1372 3600 1445 3674 304
1461 3626 1506 3694 sp.
1532 3655 1541 3672 .
1568 3656 1578 3671 .

373 3731 480 3801 subito
504 3751 597 3798 mare
622 3728 876 3800 subhorresccre
902 3750 1084 3820 caecosque
1111 3727 1228 3798 lluctus
1257 3729 1292 3798 in
1318 3751 1353 3797 se
1378 3729 1578 3822 provolvere

374 3855 491 3926 leniter
516 3853 652 3946 occepit
673 3877 705 3944 p.
724 3849 808 3933 423,
826 3850 861 3923 8.
880 3849 964 3933 449,
986 3851 1042 3922 10.
1142 3853 1175 3922 9.
1202 3854 1290 3922 Idem
1308 3853 1434 3923 Nonius
1458 3879 1497 3924 ec
1517 3857 1580 3926 si-

371 4002 494 4052 sannae
520 3977 730 4047 historiarum
757 3973 820 4061 [oel
844 3976 932 4058 bist,
957 3977 1123 4068 aliquoties
1147 3976 1314 4058 historiae,
1342 3979 1390 4048 bis
1415 3979 1579 4050 historio-

372 4101 505 4195 grapbi]
532 4102 618 4172 libro
643 4103 705 4172 1111
730 4104 802 4172 boec
826 4103 919 4172 ocrba
940 4105 1092 4173 servavit:
1124 4103 1236 4182 armis,
1268 4105 1373 4196 cquis,
1401 4127 1577 4174 commea-

370 4227 457 4298 tibus
491 4249 550 4296 nos
584 4225 689 4318 magis
723 4225 876 4295 iuverunt
905 4226 1055 4318 exleges,
1093 4237 1125 4295 at
1155 4228 1264 4297 minus
1294 4227 1421 4298 bonore
1454 4229 1577 4320 dignos

371 4351 546 4444 putabitis?
573 4376 607 4445 p.
629 4349 684 4431 10,
707 4349 784 4422 25.
805 4403 812 4418 .
833 4351 901 4420 .de
928 4351 1044 4420 virtute
1070 4374 1184 4421 eorum
1211 4354 1395 4423 accusanda
1416 4355 1575 4448 proloqui

370 4476 635 4569 supersederunt.
660 4500 693 4567 p.
715 4471 774 4555 40,
799 4473 844 4545 10
863 4527 871 4544 .
892 4527 899 4543 .
920 4527 928 4542 .
950 4476 1095 4545 inermos
1121 4481 1251 4557 armati,
1277 4477 1440 4570 inpeditos
1466 4501 1575 4571 expe-

370 4601 430 4672 diti
456 4601 527 4669 sine
553 4599 622 4668 ullo
646 4620 780 4668 suorum
807 4598 945 4668 vulnere
963 4611 1096 4669 cunctos
1115 4599 1329 4670 interficiunt.
1350 4624 1386 4693 p.
1406 4597 1466 4681 58,
1484 4599 1526 4669 7.
1540 4653 1571 4669 ..

370 4725 470 4796 Gaius
496 4721 637 4792 Titinius
661 4720 812 4813 quidam,
846 4723 898 4792 cui
923 4721 1033 4792 miuus
1058 4721 1241 4815 proprietas
1268 4723 1372 4791 manis
1405 4717 1571 4814 [montisi]
