3576 5602
447 652 520 722 128

445 850 555 945 pando
581 849 681 920 inisse
707 849 947 942 damnatusque
973 847 1089 940 cupitis
1115 869 1195 917 saxo
1220 847 1374 940 Tarpeio.
1410 857 1446 918 ut
1472 849 1515 916 Al.
1546 845 1648 912 Varro
1768 833 1769 840 '

446 976 502 1056 ait,
529 996 687 1068 praeceps
710 973 816 1042 datus.
852 973 973 1042 Gellius
1000 970 1056 1052 17,
1081 970 1141 1049 21,
1173 967 1233 1040 24.
1334 970 1392 1039 52.
1419 969 1530 1039 Verha
1557 967 1650 1062 posui

447 1100 604 1170 Varronis
630 1121 649 1167 e
675 1097 761 1168 lihro
787 1101 910 1168 Rerum
937 1098 1158 1168 humanarum
1185 1096 1304 1189 primo.
1332 1097 1426 1166 cuius
1452 1095 1650 1188 principium

447 1225 511 1295 hoc
538 1234 601 1292 est:
644 1220 842 1302 Praxiteles,
883 1221 941 1314 qui
966 1231 1101 1312 propter
1126 1218 1304 1290 artificium
1329 1219 1502 1310 egregium
1529 1216 1650 1286 nemini

448 1357 496 1416 est
521 1347 657 1439 puulum
684 1346 782 1416 modo
808 1345 997 1415 humaniori
1024 1345 1167 1435 ignotus.
1211 1344 1334 1412 Gellius
1354 1341 1410 1422 13,
1441 1341 1499 1420 16,
1517 1339 1551 1412 3.
1587 1342 1651 1410 Νο-

446 1474 521 1542 nius
534 1496 568 1563 p.
587 1471 647 1552 52,
669 1469 725 1542 17.
827 1469 886 1539 53.
913 1472 1018 1541 Varro
1045 1469 1087 1539 ad
1106 1469 1252 1538 Atticum
1277 1467 1318 1537 de
1344 1468 1411 1538 vita
1433 1470 1470 1537 P.
1488 1468 1528 1535 ll.
1546 1466 1604 1535 lih.
1622 1467 1649 1534 l:

447 1617 557 1686 neque
584 1595 640 1662 ille
666 1593 836 1674 Callicles,
871 1603 1069 1685 quaternum
1099 1591 1239 1682 digitum
1271 1590 1403 1659 tahellis
1432 1589 1554 1660 nobilis
1578 1611 1650 1658 curn

448 1728 534 1788 esset
560 1718 675 1798 lactus,
702 1729 811 1786 tamen
838 1717 872 1785 in
899 1716 1066 1809 pingendo
1092 1715 1272 1784 ascendere
1297 1715 1403 1807 potuit
1427 1714 1468 1784 ad
1490 1715 1652 1784 Eulrann-

448 1843 493 1914 ris
511 1840 730 1911 altitudinem.
775 1841 941 1910 Charisius
961 1839 992 1918 1,
1012 1838 1071 1920 21,
1091 1837 1149 1909 70.
1251 1838 1309 1906 51.
1337 1839 1374 1906 ln
1399 1838 1486 1907 lihro
1507 1839 1552 1907 Μ.
1569 1836 1652 1905 Var-

449 1965 551 2046 ronis,
579 1963 636 2055 qui
663 1962 838 2056 inscriptus
864 1974 913 2032 est
938 1965 1073 2033 Orestes
1097 1963 1151 2033 vel
1177 1959 1220 2030 de
1246 1961 1386 2042 insania,
1421 1960 1651 2053 Olympiadem

449 2087 595 2180 Philippi
627 2111 766 2157 uxorem
801 2086 1008 2157 festivissime
1041 2086 1248 2178 rescripsisse
1281 2085 1425 2176 legimus
1465 2084 1651 2156 Alexandro

450 2213 532 2283 filio.
571 2215 656 2282 Nam
683 2235 757 2281 cum
785 2212 813 2280 is
838 2212 878 2282 ad
906 2223 1044 2280 matrem
1072 2211 1117 2280 ita
1143 2209 1340 2303 scripsisset:
1368 2211 1441 2279 Rex
1466 2209 1652 2279 Alexander

449 2337 536 2407 lovis
564 2337 763 2406 Hammonis
789 2336 877 2406 lilius
903 2335 1093 2429 Olympiadi
1126 2336 1224 2404 matri
1249 2335 1389 2404 salutent
1414 2334 1505 2416 dicit,
1539 2334 1652 2426 Olym·

449 2462 522 2555 pias
549 2461 580 2530 ei
606 2462 774 2553 rescripsit
799 2461 841 2530 ad
868 2461 955 2530 hanc
979 2460 1196 2529 sententiam:
1234 2459 1363 2540 amabo,
1391 2460 1509 2553 inquit.
1536 2461 1582 2530 mi
1608 2457 1651 2528 lili

449 2588 610 2680 quiescas,
638 2611 745 2681 neque
772 2588 902 2658 deleres
929 2611 981 2656 me
1008 2609 1119 2680 neque
1145 2585 1323 2655 criminere
1349 2585 1527 2655 adversum
1555 2586 1652 2653 luno-

449 2735 547 2792 nem;
596 2713 722 2782 malum
759 2712 842 2782 mihi
879 2735 1030 2805 prorsum
1069 2711 1127 2780 illa
1168 2733 1325 2802 magnum
1360 2711 1469 2794 dabit,
1509 2734 1587 2780 cum
1621 2719 1652 2777 tu

449 2856 504 2903 me
535 2833 651 2904 litteris
687 2836 748 2904 tuis
782 2836 936 2926 pellicem
966 2835 1015 2904 illi
1046 2857 1118 2903 esse
1153 2835 1330 2904 confiteris.
1382 2835 1504 2904 Gellius
1533 2833 1589 2916 13,
1621 2829 1651 2902 A.

450 2957 509 3026 55.
536 2959 640 3028 Varro
662 2957 917 3028 Hebdomadum
943 2958 1005 3028 suh
1025 2958 1172 3048 imagine
1198 2959 1366 3028 Demetri:
1393 2959 1447 3028 hic
1470 2959 1653 3029 Demetrius

450 3090 590 3150 astratus
616 3074 776 3170 [stutuus‘l]
811 3093 891 3174 quot
919 3083 1010 3151 luces
1041 3080 1140 3151 hahet
1169 3104 1277 3151 annus
1307 3083 1489 3152 absolutus.
1536 3084 1654 3152 Nonius

448 3228 482 3297 p.
509 3201 594 3284 528,
620 3202 683 3273 26:
709 3207 766 3296 cfr.
791 3206 917 3273 Plinius
940 3218 1006 3273 unt.
1029 3205 1102 3272 ltist.
1126 3202 1185 3286 34,
1212 3204 1246 3286 6,
1274 3205 1334 3276 27.
1441 3207 1501 3276 56.
1535 3203 1654 3292 [Char-

450 3323 529 3417 tam]
556 3327 738 3398 Alexandri
765 3328 878 3418 Magni
904 3327 1040 3397 victoria
1063 3341 1229 3420 repertam
1255 3340 1368 3399 auctor
1396 3338 1444 3398 est
1467 3331 1513 3401 Al.
1539 3331 1650 3406 Varro,

451 3453 584 3522 condita
619 3452 653 3521 in
685 3454 836 3546 Aegypto
861 3451 1077 3533 Alexandria,
1117 3464 1213 3522 antea
1246 3476 1313 3522 non
1340 3454 1440 3524 luisse
1467 3453 1654 3523 chartarum

451 3599 559 3647 usum.
594 3579 631 3646 ln
650 3578 836 3669 palmarum
862 3576 949 3645 loliis
976 3577 1083 3668 primo
1109 3577 1339 3670 scriptitatum,
1367 3577 1488 3647 deinde
1511 3599 1655 3672 quarun-

450 3701 527 3770 dam
554 3701 710 3771 arhorum
735 3702 840 3779 libris,
869 3713 984 3794 postea
1009 3701 1143 3792 publica
1170 3714 1383 3771 monumenta
1407 3703 1578 3794 plumbeis
1602 3725 1655 3770 ro-

451 3825 652 3908 luminihus,
692 3849 771 3894 mox
804 3837 836 3894 et
867 3827 996 3918 privata
1031 3827 1140 3897 linteis
1174 3827 1293 3895 confici
1327 3837 1444 3919 coepta
1476 3842 1535 3898 aut
1568 3827 1654 3897 ceris.

451 3949 672 4041 Pugillarium
708 3949 797 4017 enim
830 3972 928 4019 usum
962 3951 1061 4019 luisse
1096 3951 1193 4019 etiam
1228 3962 1304 4018 ante
1331 3950 1475 4019 Troiana
1512 3963 1656 4045 tempora

451 4075 638 4145 invenimus
663 4075 750 4167 apud
773 4076 968 4145 Homerum.
1012 4077 1074 4146 lllo
1099 4100 1179 4146 vero
1203 4076 1375 4168 prodente,
1403 4099 1445 4145 ne
1471 4087 1561 4147 terra
1588 4076 1657 4168 qui·

453 4200 528 4270 dem
555 4201 637 4292 ipsa,
665 4222 751 4291 quae
778 4222 865 4269 nunc
887 4201 1069 4293 Aegyptus,
1098 4202 1295 4291 intelligitur
1320 4195 1407 4289 (cum
1436 4201 1468 4270 in
1489 4203 1657 4296 Sebenny-

453 4324 517 4393 tico
543 4324 662 4392 saltem
689 4325 758 4393 eius
785 4347 884 4393 nomo
917 4326 1049 4394 nonnisi
1081 4326 1195 4396 charta
1222 4323 1385 4417 nascatur)
1419 4337 1532 4418 postea
1559 4328 1658 4417 adag-

453 4459 567 4539 gerata
592 4448 682 4528 Nilo;
711 4449 876 4541 siquidem
895 4473 914 4518 a
932 4449 1040 4520 Pharo
1068 4451 1189 4532 insula,
1217 4473 1303 4542 quae
1330 4473 1419 4520 nunc
1438 4452 1658 4522 Alexandriae

452 4583 552 4664 ponte
578 4573 743 4664 iungitur,
783 4574 888 4643 noctis
922 4574 1056 4666 dieique
1089 4576 1221 4645 velifico
1253 4577 1378 4668 navigii
1405 4599 1505 4646 cursu
1541 4587 1659 4647 terram

453 4696 553 4766 luisse
581 4697 735 4789 prodidit.
780 4700 858 4769 Mox
883 4699 1108 4769 aemulatione
1135 4702 1223 4771 circa
1246 4701 1464 4772 bibliothecas
1483 4701 1659 4772 Ptolemaei
