3582 5594
1330 701 1376 772 59

170 909 404 979 contemnere,
418 896 587 990 tugnnbae
605 897 762 968 virtutem
779 898 938 968 extollere
955 899 1124 982 laudibus3
1143 900 1268 992 gram,
1285 924 1376 984 voce,

170 1022 316 1115 denique
334 1023 488 1094 omnibus
505 1023 609 1094 modis
622 1047 683 1117 pro
708 1023 817 1094 alieno
841 1023 968 1093 scelere
993 1035 1027 1094 et
1051 1023 1177 1116 flagitio
1202 1047 1262 1095 sua
1283 1024 1377 1118 quasi

171 1171 230 1240 pro
263 1147 376 1238 gloria
409 1147 608 1218 nitebantur.
658 1147 703 1217 At
742 1157 857 1217 contra
885 1147 1000 1239 pauci,
1038 1147 1158 1241 quibus
1189 1149 1314 1219 bonum
1347 1157 1378 1219 ct

171 1295 307 1366 equum
332 1271 456 1342 divitiis
480 1271 588 1344 carius
613 1283 697 1355 erat,
723 1271 989 1343 subveniundum
1006 1272 1189 1344 Adherbali
1215 1274 1379 1344 etHiem·

172 1396 272 1488 psalis
299 1407 440 1467 mortem
473 1419 586 1466 serere
611 1395 842 1467 vindicandam
868 1397 1056 1468 censebant.
1108 1398 1172 1468 Sed
1198 1421 1241 1470 ex
1266 1400 1378 1470 omni-

171 1522 232 1591 bus
258 1543 418 1590 maxume
442 1519 605 1592 Aemilius
630 1522 789 1603 Scaurus,
815 1521 916 1592 bomo
942 1522 1081 1603 nobilis,
1107 1523 1266 1616 impiger,
1302 1524 1373 1595 fac-

171 1647 291 1726 tiosus,
328 1645 442 1715 avidus
479 1645 651 1737 muntia,
690 1643 845 1728 honoris,
879 1645 1090 1728 divitiarum,
1129 1659 1275 1718 ceterum
1298 1648 1378 1719 sitia

171 1795 232 1842 sna
266 1769 388 1840 callide
420 1768 599 1838 occultans.
650 1769 681 1838 ls
718 1779 891 1862 postquam
925 1770 1015 1842 videt
1046 1772 1135 1864 regis
1169 1773 1378 1866 largitionem

171 1897 336 1965 famosam
366 1893 646 1986 inpudentemque
677 1894 816 1978 veritus,
855 1895 943 1988 quod
976 1893 1010 1966 in
1043 1896 1100 1966 tali
1132 1919 1168 1966 re
1201 1897 1299 1978 solet,
1335 1919 1377 1966 ne

170 2019 299 2112 polluta
315 2017 449 2088 licentia
465 2017 623 2089 invidiam
640 2018 844 2101 accenderet,
862 2018 1009 2090 animum
1028 2041 1047 2090 a
1064 2029 1218 2090 consuetu
1230 2019 1378 2091 lubidine

171 2141 344 2214 continuit.

245 2289 317 2338 xrs.
367 2266 456 2336 Vicit
479 2276 590 2336 tamen
617 2266 651 2336 in
676 2276 791 2336 senatu
816 2289 892 2359 pars
923 2267 997 2348 illa,
1034 2289 1108 2360 qua
1134 2289 1212 2337 vcro
1237 2267 1377 2361 pretium

171 2403 228 2463 aut
251 2391 393 2484 gratiam
419 2389 632 2461 anteferebat.
676 2393 854 2462 Decretum
880 2391 929 2472 fit,
957 2391 1003 2461 uti
1029 2391 1145 2462 decem
1174 2392 1274 2484 legati
1299 2413 1379 2484 reg·

173 2538 269 2596 num,
300 2514 391 2607 quod
414 2513 554 2607 Micipsa
577 2513 778 2596 obtinuerat,
813 2514 897 2584 inter
923 2512 1115 2606 lugurtbam
1143 2524 1176 2585 ct
1200 2515 1378 2588 Adherba-

174 2642 239 2711 lem
272 2640 477 2723 disiderent3
512 2641 606 2711 euius
639 2639 812 2731 legationis
846 2641 998 2733 princeps
1036 2640 1099 2710 fuit
1136 2642 1175 2711 L.
1213 2641 1377 2735 Opimius,

174 2769 273 2840 bomo
299 2770 408 2840 clarus
434 2780 466 2838 et
490 2777 559 2838 tum
577 2768 612 2838 in
637 2779 754 2838 senatu
779 2777 912 2860 potens,
939 2767 1018 2861 quia
1043 2767 1173 2849 consul,
1202 2767 1241 2838 G.
1268 2765 1378 2837 Grac-

172 2893 236 2964 cbo
262 2904 296 2964 ct
320 2896 366 2964 bl.
384 2893 503 2964 Fulvio
528 2893 648 2964 Flacco
674 2892 870 2972 interfectis,
896 2913 1069 2962 acerrume
1086 2891 1257 2963 victoriam
1282 2889 1379 2960 nobi-

173 3017 270 3086 litatis
297 3016 332 3086 in
358 3017 488 3110 plebem
515 3027 718 3086 exercuerat
760 3016 847 3085 Eum
872 3014 1032 3107 lugurtba
1057 3013 1184 3084 mmebi
1202 3014 1316 3084 Roma
1343 3013 1378 3082 in

172 3141 290 3211 amicis
314 3139 492 3220 babuerat,
519 3152 628 3211 tamen
659 3138 903 3210 accuratissime
936 3136 1078 3230 recepit;
1113 3137 1221 3207 dando
1247 3149 1278 3206 et
1303 3137 1379 3230 pol-

172 3265 331 3336 licitando
355 3264 458 3335 multa
483 3263 633 3357 perfecit,
660 3262 708 3333 uti
725 3262 833 3343 famae,
859 3260 937 3340 fide,
958 3271 1121 3354 postremo
1138 3260 1291 3332 omnibus
1309 3261 1376 3333 suis

171 3391 273 3462 rebus
297 3388 505 3460 commodum
522 3388 611 3480 regis
629 3387 817 3460 anteferret.
856 3385 1014 3479 Reliquos
1038 3386 1166 3478 legatos
1191 3386 1307 3456 eadem
1325 3386 1378 3456 via

172 3539 363 3608 aggressus,
391 3517 567 3608 plerosque
592 3515 700 3608 capit,
733 3514 847 3608 paucis
872 3513 981 3584 carior
1005 3511 1087 3584 fides
1112 3533 1212 3606 quam
1235 3510 1378 3603 pecunia

172 3639 244 3711 fuit.
295 3640 335 3710 ln
360 3638 540 3719 divisione,
573 3661 648 3731 quae
672 3659 749 3730 pars
774 3635 940 3708 Numidiae
964 3635 1204 3708 Mauretaniam
1236 3633 1378 3725 attingit,

172 3787 252 3856 agro
284 3763 431 3857 virisque
464 3763 664 3856 opulentior,
702 3760 871 3854 lugurtbae
898 3761 1055 3842 traditum
1098 3760 1189 3830 illam
1227 3759 1377 3840 alteram,

171 3889 282 3982 specie
307 3907 407 3979 quam
434 3907 494 3958 usu
519 3886 694 3980 potiorem,
731 3907 806 3978 quas
831 3885 1015 3977 portuosior
1040 3893 1073 3953 et
1097 3881 1245 3954 aediliciis
1271 3879 1378 3972 magis

172 4022 331 4083 exornata
357 4023 444 4094 erat,
470 4010 641 4082 Adherbal
666 4011 820 4104 possedit.

245 4159 330 4207 xvu.
380 4139 445 4208 lles
470 4139 636 4231 postulare
661 4138 791 4209 videtur
809 4138 930 4208 Africae
956 4137 1054 4207 situm
1072 4135 1186 4228 paucis
1212 4154 1378 4227 exponere

175 4273 206 4330 et
230 4283 286 4332 eas
304 4274 440 4353 gentes,
467 4262 665 4355 quibuscum
678 4263 774 4334 nobis
791 4262 916 4333 bellum
935 4271 991 4332 aut
1007 4259 1153 4330 amicitia
1178 4259 1252 4340 fuit,
1279 4257 1379 4327 abin-

174 4409 263 4478 gere.
316 4386 381 4457 Sed
407 4409 482 4480 que
508 4387 581 4457 loca
607 4397 639 4456 et
663 4388 813 4458 nationes
846 4387 889 4458 ob
915 4385 1060 4457 calorem
1086 4393 1143 4454 aut
1167 4381 1377 4475 asperitatem

175 4511 251 4581 item
277 4511 470 4583 solitudines
499 4511 609 4581 minus
635 4512 838 4604 frequentata
870 4519 959 4592 sunt,
999 4508 1039 4578 de
1075 4506 1127 4577 bis
1159 4505 1248 4578 baud
1281 4505 1378 4576 facile

175 4649 376 4731 mmpertum
391 4637 613 4719 amaverim,
639 4647 748 4707 cetera
761 4659 860 4730 quam
882 4633 1098 4729 paucissumis
1115 4632 1296 4703 absolvam.
1340 4632 1377 4701 ln

176 4761 333 4833 divisione
358 4762 448 4833 orbis
473 4773 569 4832 terrae
595 4761 745 4854 plerique
772 4762 805 4831 in
834 4771 924 4853 parte
941 4758 1036 4830 tertia
1054 4757 1200 4828 Africam
1227 4778 1377 4848 posuere,
