3610 5592
206 1993 230 2039 ι.
282 1968 382 2038 Falso
407 1965 558 2063 queritur
592 1965 634 2036 dc
667 1973 783 2036 nanum
817 1987 877 2035 ona
909 1985 1014 2057 genus
1045 1963 1243 2046 humanum,
1278 1963 1367 2058 qnod

163 2092 321 2164 inbecilla
356 2103 455 2184 atquo
480 2091 542 2160 avi
570 2090 679 2160 brevis
710 2090 794 2160 forte
819 2089 1050 2183 potiusquam
1077 2087 1195 2160 virtute
1221 2099 1367 2180 regatur.

162 2220 247 2288 Nam
273 2226 388 2285 oontm
421 2213 603 2307 reputando
637 2235 747 2307 nequc
773 2214 879 2284 maius
904 2213 995 2284 aliud
1019 2236 1127 2307 neque
1152 2213 1369 2307 praestabilius

162 2340 328 2420 invenias,
352 2338 526 2432 magisque
542 2347 669 2408 nuturae
687 2337 880 2409 industriam
899 2336 1069 2408 homiuum
1096 2361 1196 2432 quam
1220 2337 1287 2407 vim
1313 2346 1370 2408 ant

164 2475 292 2556 tempus
316 2461 442 2531 deesse.
485 2460 549 2531 Sed
574 2460 643 2531 dux
667 2471 766 2555 atquc
783 2461 961 2554 imperator
986 2461 1061 2532 vitae
1078 2462 1267 2533 mortalium
1294 2461 1369 2532 ani-

164 2609 236 2657 mus
266 2596 335 2666 est,
373 2585 431 2678 qui
466 2585 522 2656 ubi
556 2585 598 2654 ad
622 2585 764 2676 gloriam
788 2585 914 2655 virtutis
939 2585 993 2655 via
1017 2596 1199 2677 grassatur,
1238 2585 1370 2656 abunde

163 2711 291 2804 pollens
325 2721 505 2804 potensque
534 2720 566 2778 et
597 2709 705 2779 clarus
731 2719 796 2792 est,
828 2731 937 2803 neque
963 2709 1093 2780 fortuna
1119 2721 1211 2800 aget,
1246 2709 1369 2804 quippo

137 2835 375 2950 ‘probitatem
400 2833 595 2904 industriam
617 2833 766 2927 aliasque
792 2845 878 2903 artes
904 2834 1006 2905 bonas
1023 2857 1131 2927 neque
1157 2833 1236 2904 dare
1262 2856 1370 2926 neque

164 2960 294 3052 eripere
320 2958 476 3050 cuiquam
499 2967 620 3050 potest.
660 2957 716 3026 Sin
743 2968 856 3049 captus
881 2957 990 3050 pravis
1016 2957 1224 3050 cupidinibus
1249 2956 1290 3027 ad
1317 2956 1372 3024 in-

166 3083 283 3152 ertiam
301 3092 335 3150 et
349 3080 530 3174 voluptates
555 3079 702 3173 corporis
718 3102 850 3172 pessum
868 3079 963 3150 datus
980 3090 1047 3161 cst,
1073 3079 1258 3172 perniciosa
1283 3079 1373 3150 lubi-

165 3205 241 3276 dine
276 3205 445 3299 paulisper
470 3227 562 3288 usus,
600 3205 657 3275 nbi
683 3228 743 3298 per
766 3203 951 3275 socordiam
974 3203 1078 3286 vires,
1105 3214 1248 3297 tempus,
1275 3206 1375 3297 iugc-

165 3331 258 3400 nium
289 3329 481 3411 diffluxere,
516 3340 640 3400 natura
679 3329 853 3399 iufirmitas
878 3339 1065 3410 accusatur:
1104 3351 1199 3400 sunm
1232 3327 1372 3423 quisque

165 3454 298 3546 culpam
336 3464 486 3524 unctores
518 3453 560 3522 ad
594 3453 728 3545 negotia
761 3452 970 3523 transierunt.
1022 3451 1149 3535 Quodsi
1184 3452 1373 3523 hominihus

166 3577 331 3647 bonarum
355 3599 468 3648 rerum
485 3587 575 3646 tanta
600 3599 681 3646 eura
698 3586 803 3658 esset,
829 3587 952 3669 quanto
978 3576 1084 3648 studio
1097 3577 1206 3648 aliena
1224 3600 1263 3648 ac
1288 3576 1372 3648 nihil

166 3701 338 3794 profutura
363 3699 532 3791 multaque
552 3699 651 3769 ctiam
676 3699 861 3793 periculosa
886 3709 1019 3792 petunt;
1044 3722 1154 3792 neque
1179 3710 1375 3791 regerentur

167 3824 273 3915 magis
298 3845 398 3915 qnam
423 3832 579 3913 regerent
604 3845 717 3904 casus,
751 3832 785 3893 et
809 3845 861 3914 co·
880 3822 1119 3914 magnitudinis
1144 3824 1372 3916 procederent,

166 3947 224 4018 ubi
250 3969 313 4039 pro
337 3944 532 4015 mortalibus
557 3944 664 4036 gloria
688 3946 803 4015 aeterni
827 3945 955 4016 fierent.

240 4093 278 4141 u.
331 4073 416 4141 Nam
441 4069 489 4140 uti
522 4090 627 4161 genua
652 4068 826 4141 hominum
852 4070 1066 4162 compositum
1102 4094 1145 4140 ex
1179 4095 1316 4165 corpore
1343 4085 1375 4143 ct

168 4193 280 4266 anima
318 4202 386 4275 est,
421 4192 467 4262 itu
496 4215 549 4262 ros
583 4203 709 4262 cuncte
742 4193 916 4286 studiaque
950 4193 1061 4264 omnia
1092 4207 1202 4265 nostra
1228 4197 1374 4289 corporis

168 4316 253 4398 alia,
273 4315 357 4388 'alia
388 4314 491 4386 animi
524 4325 676 4386 nauuam
701 4328 897 4408 sequuntur.
947 4317 1052 4408 Igitur
1075 4319 1236 4410 praeclara
1261 4319 1374 4402 iacies,

169 4461 301 4532 magna
326 4436 468 4520 divitiae,
506 4437 549 4508 ad
581 4438 645 4510 hoc
679 4440 729 4511 vis
763 4439 909 4534 corporis
935 4450 968 4508 et
993 4440 1058 4510 alia
1082 4442 1194 4511 omnia
1219 4441 1376 4513 huiusce-

169 4565 262 4638 modi
279 4565 370 4636 hrcvi
389 4563 597 4648 dilabuntur,
621 4574 655 4636 at
672 4565 798 4658 ingcuii
815 4565 951 4658 egregia
980 4566 1127 4636 facinora
1151 4567 1247 4637 sicuti
1264 4566 1376 4638 anima

171 4689 363 4762 inmortalia
397 4698 483 4760 sunt.
533 4690 702 4760 Postremo
742 4689 888 4782 corporis
921 4701 955 4758 et
978 4690 1118 4760 tortuuae
1145 4691 1307 4763 honorum
1340 4703 1377 4762 ut
