3554 5600
1281 665 1350 734 167

137 867 242 938 immo
261 889 340 938 vero
359 865 526 936 infelicem
550 875 583 935 et
598 865 766 946 miseram,
792 887 868 958 quas
890 864 1164 936 crudelissumam
1182 866 1349 958 proscrip-

137 991 263 1060 tionem
299 991 422 1060 civium
456 1012 613 1083 perpessa
644 998 708 1070 est,
743 1012 821 1059 cum
848 999 898 1071 tu,
931 988 1123 1082 perturbata
1153 988 1348 1081 republica

137 1127 226 1186 metu
254 1115 426 1209 perculsos
451 1136 567 1184 omnes
597 1114 702 1183 bonos
727 1136 845 1206 parere
880 1113 1068 1184 crudelitati
1096 1124 1160 1183 tuae
1187 1113 1344 1204 cogebas;
1409 1133 1413 1147 ·

136 1263 211 1310 cum
237 1240 353 1310 omnia
377 1239 514 1320 indicia,
541 1261 657 1308 omnes
678 1239 781 1331 leges,
809 1239 843 1307 in
869 1248 927 1308 tua
953 1237 1103 1308 lubidine
1129 1247 1241 1318 erant;
1268 1261 1345 1308 eum

136 1377 181 1444 tu,
207 1364 341 1435 sublata
360 1363 435 1456 lege
451 1364 580 1444 Porcia,
612 1374 724 1456 erepta
746 1364 910 1446 libertate,
937 1375 1087 1434 nostrum
1103 1365 1252 1435 omnium
1270 1363 1344 1432 vite

135 1490 296 1582 nodoque
324 1499 520 1582 potestatem
555 1487 597 1558 ad
626 1498 657 1559 te
683 1510 788 1558 unum
813 1511 1040 1560 revocaveras.
1089 1490 1199 1582 Atque
1224 1509 1344 1580 porum

136 1623 192 1694 est,
217 1613 312 1706 quod
337 1613 474 1705 impune
491 1613 616 1694 lecisti;
643 1636 758 1684 verum
784 1613 884 1683 etiam
911 1612 1204 1684 commemorando
1222 1634 1345 1704 expro-

135 1738 221 1816 bras,
254 1759 365 1829 neque
389 1737 467 1806 licet
491 1737 640 1807 oblivisci
667 1736 830 1808 servitutis
856 1759 936 1806 suae.
979 1737 1111 1827 ligeris,
1142 1746 1259 1806 orote
1286 1736 1344 1806 Ci-

136 1885 223 1943 cero,
251 1861 430 1956 perfeceris
449 1860 538 1954 quod
564 1861 672 1930 lubet:
707 1861 785 1930 satis
809 1874 858 1930 est
882 1882 1053 1955 perpessos
1078 1883 1167 1930 esse:
1199 1861 1343 1932 etiamne

135 2011 230 2057 aures
256 1997 385 2058 nostras
410 1988 488 2059 odio
514 1999 570 2059 tuo
595 1988 775 2059 onerabis?
818 1988 961 2059 etiamne
991 1988 1240 2059 molestissumis
1265 2011 1343 2058 ver-

134 2111 183 2182 bis
200 2111 432 2183 insectabere?
459 2115 577 2184 Cedout
588 2137 681 2183 ormo
694 2126 782 2204 lopo,
801 2113 1066 2183 coccedotloureo
1080 2113 1209 2204 linquo.
1237 2111 1342 2195 Quasi

134 2259 211 2306 vero
244 2247 378 2329 togatus
411 2247 444 2308 et
476 2261 543 2308 non
576 2248 723 2309 armatus
749 2260 799 2320 ea,
839 2261 913 2332 quae
941 2237 1108 2329 gloriaris,
1148 2237 1340 2321 confeceris,

134 2373 231 2456 atque
259 2363 346 2433 inter
372 2371 404 2432 te
430 2363 625 2456 Sullamque
653 2363 857 2444 dictatorem,
894 2374 1015 2456 praeter
1048 2384 1170 2432 nomen
1197 2363 1339 2455 imperii,

134 2487 317 2579 quidquam
341 2487 539 2557 interfuerit.
565 2510 611 2557 ιν.
639 2487 703 2557 Sed
729 2487 808 2580 quid
835 2509 898 2579 ego
923 2487 1019 2579 plura
1045 2487 1086 2556 de
1111 2497 1168 2557 tua
1193 2487 1341 2558 insolen-

134 2611 176 2682 tia
207 2613 492 2683 commemorem?
526 2635 626 2704 quem
652 2613 802 2684 Minerva
833 2635 946 2683 omnes
973 2624 1059 2683 artes
1085 2613 1227 2694 edocuit,
1259 2613 1340 2706 lup·

133 2735 216 2827 piter
240 2749 398 2831 optumus
423 2761 598 2810 maxumus
631 2740 664 2808 in
697 2739 875 2809 concilium
902 2740 1040 2811 deornm
1066 2738 1209 2822 admisit,
1244 2739 1339 2810 ltalia

134 2863 282 2932 exsulem
317 2862 467 2933 humeris
495 2863 564 2934 suis
598 2865 787 2957 reportavit.
837 2866 908 2936 Oro
938 2875 981 2946 te,
1016 2866 1158 2935 Romule
1183 2865 1337 2957 Arpinas,

133 2985 188 3078 qui
213 2987 353 3078 egregia
378 2998 435 3056 tua
461 2987 580 3058 virtrue
606 3011 722 3057 omnes
747 2989 890 3071 Paullos,
916 2989 1050 3071 Fabios,
1085 2989 1255 3083 Scipiones
1280 3011 1339 3059 su·

131 3111 266 3202 perusti,
295 3133 395 3203 quem
413 3111 546 3181 tandem
572 3112 681 3182 locum
707 3111 742 3181 in
769 3113 831 3182 bac
853 3113 983 3184 civitate
1002 3113 1152 3184 obtinosl
1186 3137 1261 3208 quae
1277 3113 1337 3184 tibi

132 3245 240 3327 portes
265 3234 316 3306 rei
341 3234 485 3329 publicae
511 3235 665 3329 placenti
706 3259 806 3329 quem
835 3237 992 3318 amicum,
1031 3260 1132 3331 quem
1163 3237 1338 3308 inimicum

133 3357 257 3429 babes?
297 3359 349 3430 oui
377 3360 412 3428 in
439 3359 568 3430 civitate
602 3359 708 3429 lecisti
740 3360 888 3442 insidias,
926 3362 1116 3432 ancillarisl
1151 3385 1219 3458 quo
1251 3362 1336 3444 inre,

133 3505 206 3553 cum
231 3484 275 3554 de
304 3483 421 3554 exsilio
453 3493 510 3555 tuo
533 3482 745 3578 Dyrrhachio
769 3485 895 3568 redisti,
938 3509 1014 3557 eum
1039 3487 1211 3580 sequeris?
1253 3509 1337 3581 quos

132 3617 287 3702 qmnnos
311 3607 514 3701 appellabas,
541 3631 657 3678 eorum
675 3633 762 3680 nunc
779 3610 934 3703 potentiae
953 3609 1065 3681 laves?
1103 3611 1162 3703 qni
1183 3610 1243 3682 tibi
1260 3621 1336 3682 ante

131 3733 303 3825 optimates
327 3732 534 3815 videbantur,
570 3733 703 3804 eosdem
729 3757 818 3804 nunc
844 3733 1014 3804 dementes
1047 3757 1087 3805 ae
1111 3736 1251 3806 furiosos
1276 3760 1336 3807 vo-

130 3857 205 3926 easl
246 3857 372 3927 Vatinii
397 3879 530 3928 causam
556 3857 652 3949 agisl
679 3857 720 3927 de
747 3857 859 3928 Sextio
885 3859 974 3928 male
999 3859 1203 3931 existumas?
1229 3860 1335 3932 Bibu-

130 3981 199 4050 lum
222 3981 506 4076 petulantissumis
540 3981 651 4052 verbis
688 3981 805 4053 laedisl
844 3984 960 4056 laudas
995 3985 1190 4055 Gaesareml
1232 4009 1334 4079 quem

130 4127 285 4176 maxume
302 4104 411 4186 odisti,
438 4106 469 4175 ei
494 4128 651 4176 maxume
676 4107 892 4200 obsequeris?
918 4109 1018 4180 Aliud
1034 4121 1134 4191 stans,
1161 4108 1253 4178 eliud
1278 4131 1334 4179 se·

129 4227 219 4313 dens,
251 4230 294 4300 de
319 4253 357 4300 re
382 4230 517 4323 publica
541 4231 661 4314 sentis;
696 4230 748 4301 bis
774 4231 957 4316 maledicis,
989 4233 1067 4304 illos
1091 4231 1199 4314 odisti,
1231 4231 1334 4302 levis-

129 4373 220 4424 snme
236 4355 421 4446 banslnga,
448 4377 557 4449 neque
579 4356 615 4427 in
637 4356 710 4438 bac,
737 4379 846 4450 neque
863 4357 898 4426 in
916 4357 974 4428 illa
991 4369 1083 4450 parte
1102 4357 1200 4428 tidem
1220 4356 1331 4428 babes.

607 4608 852 4616 —-—-——----—
