3610 5592
1302 587 1342 656 5¹

148 780 299 852 virtutem
325 780 378 851 vel
406 781 548 854 hostium
582 782 708 852 sautia
733 783 831 853 facilc
856 805 933 854 eum
958 805 1165 867 occasurum,
1204 788 1350 879 pralecit

149 905 317 986 Numidis,
343 929 426 1000 quos
452 907 487 976 in
511 905 707 999 Hispaniam
723 907 883 979 mittebat.
923 907 988 978 Sed
1014 931 1056 980 ea
1080 931 1133 978 res
1159 910 1258 1001 longe
1284 911 1348 981 ali-

148 1043 214 1114 ter,
250 1054 291 1101 ac
314 1041 404 1102 ratus
430 1042 514 1114 erat,
541 1030 662 1101 evenit.
714 1034 799 1102 Nam
832 1032 1010 1124 Iugurtha,
1046 1043 1083 1102 ut
1115 1043 1185 1104 erat
1219 1033 1350 1128 inpigro

148 1165 244 1250 atque
256 1157 327 1226 acri
345 1156 498 1247 ingenio,
523 1156 582 1226 ubi
594 1166 746 1226 naturam
764 1158 798 1226 P.
814 1156 994 1250 Scipionis,
1020 1157 1079 1250 qui
1105 1167 1174 1229 tum
1191 1158 1350 1230 Romanis

149 1280 325 1374 imperator
358 1291 448 1362 erat,
487 1290 520 1350 ct
552 1302 679 1352 morem
714 1278 856 1350 hostium
889 1281 1063 1372 cognovit,
1098 1281 1204 1352 multo
1237 1283 1351 1354 labore

148 1405 316 1499 multaque
341 1429 441 1487 cura,
478 1417 640 1499 praetcrea
664 1404 914 1475 modestissume
940 1405 1088 1498 parendo
1113 1417 1145 1476 et
1175 1429 1263 1501 saepe
1289 1409 1351 1479 ob·

147 1530 232 1600 viam
258 1529 369 1600 cundo
394 1529 549 1622 periculis
575 1530 610 1598 in
635 1539 759 1600 tantam
778 1528 1009 1600 claritudinem
1024 1531 1119 1602 lirevi
1144 1543 1349 1624 pervenerat,

148 1663 181 1724 ut
203 1654 323 1724 nosmis
339 1655 554 1725 vehementer
570 1676 686 1734 carus,
713 1655 925 1725 Numantinis
942 1677 1100 1726 maxumo
1117 1657 1236 1727 terrori
1254 1667 1350 1726 esset.

148 1779 195 1850 dc
218 1801 316 1860 sane,
343 1777 433 1870 quod
459 1777 703 1848 difficillumum
720 1778 754 1848 in
772 1778 888 1871 primis
908 1789 973 1862 est,
1000 1791 1034 1848 et
1057 1780 1173 1873 praelio
1198 1791 1350 1850 strenuus

148 1915 215 1974 erat
245 1914 280 1973 et
304 1903 411 1972 bonus
436 1902 591 1982 consilio;
618 1925 759 1996 qnorum
787 1903 928 1974 alterum
954 1927 997 1974 ex
1021 1904 1227 1997 providentia
1251 1906 1351 1975 timo·

146 2050 233 2109 rem,
260 2028 403 2098 alterum
429 2050 471 2096 ex
494 2027 634 2098 audacia
656 2027 873 2098 temeritatem
899 2027 1017 2098 afferre
1034 2028 1229 2120 plerumque
1255 2029 1348 2099 solet.

147 2153 248 2244 lgitur
274 2151 453 2245 imperator
479 2173 594 2222 omnes
612 2152 681 2222 lere
706 2173 758 2222 res
784 2174 918 2245 asperas
937 2175 997 2245 per
1016 2153 1212 2244 Iugurtham
1237 2175 1350 2243 agere,

148 2275 180 2344 in
212 2276 330 2348 amicis
361 2274 504 2357 hahere,
543 2275 651 2366 magis
685 2276 857 2368 magisque
890 2298 969 2345 eum
1004 2275 1038 2344 in
1073 2275 1143 2346 dies
1174 2276 1350 2369 amplecti;

148 2401 268 2494 quippe
293 2401 387 2470 cuius
413 2421 523 2493 neque
548 2399 723 2470 consilium
753 2423 861 2492 neque
893 2401 1060 2492 inceptum
1092 2401 1198 2470 ullum
1233 2401 1351 2472 frustra

149 2535 226 2594 erat
279 2527 356 2595 Huc
389 2522 566 2593 accedebat
597 2522 824 2594 munificentia
855 2523 959 2592 animi
985 2533 1017 2593 et
1041 2523 1167 2616 ingenii
1193 2524 1350 2608 sollertia,

148 2649 267 2742 quibam
290 2649 390 2718 relius
416 2648 479 2719 sibi
505 2647 625 2718 multos
659 2671 702 2716 ex
725 2646 883 2716 llomanis
917 2647 1075 2718 familiari
1099 2647 1244 2718 amicitia
1269 2671 1351 2718 oon-

149 2773 309 2844 iunxerat.

216 2919 289 2968 vm.
341 2899 390 2968 Ea
423 2905 613 2989 tempestate
646 2896 679 2964 in
716 2895 862 2966 exercitu
895 2906 1009 2966 nostro
1037 2897 1130 2966 lucre
1163 2897 1350 2990 complures

148 3021 220 3092 novi
246 3032 346 3116 atquc
371 3019 517 3101 nobiles,
551 3019 671 3113 quibus
704 3018 826 3089 divitia
860 3019 948 3090 hono
981 3018 1183 3114 honestoque
1208 3021 1350 3113 potiores

147 3157 258 3226 mant,
283 3143 425 3224 factiosi,
451 3141 542 3212 domi
565 3153 734 3236 potentes,
768 3141 856 3235 apud
881 3141 988 3212 socios
1013 3142 1095 3212 clari
1119 3145 1225 3235 magis
1250 3167 1351 3238 quam

148 3269 294 3348 bonesti;
329 3268 387 3360 qui
420 3265 588 3358 lugurthae
621 3288 688 3337 non
721 3264 922 3338 mediocrem
956 3265 1105 3338 animum
1138 3266 1351 3360 pollicitando

146 3391 384 3472 accendebant,
411 3391 439 3459 si
463 3389 600 3483 Micipsa
625 3411 685 3459 rex
701 3387 884 3470 occidisset,
909 3389 998 3471 lore,
1024 3389 1072 3460 uti
1096 3392 1186 3461 solus
1211 3392 1352 3485 imperio

147 3519 310 3590 Numidiae
335 3517 512 3611 potiretur;
538 3516 669 3609 inipso
686 3537 878 3586 maxumam
902 3513 1074 3597 virtutem,
1100 3515 1215 3586 llomae
1240 3517 1352 3608 omnia

147 3645 277 3716 venalia
315 3667 398 3716 esse.
458 3643 522 3714 Sed
559 3653 749 3736 postquam,
788 3641 966 3714 Numantia
1003 3640 1130 3724 deletu,
1168 3643 1205 3711 P.
1240 3641 1351 3735 Scipio

148 3771 309 3842 dimittere
342 3768 468 3840 auxilia
501 3778 533 3838 et
567 3769 636 3860 ipse
670 3768 791 3838 revorti
825 3767 960 3839 domum
995 3767 1153 3849 decrevit,
1192 3766 1351 3837 donatum

147 3909 244 3991 atque
269 3894 439 3966 laudatum
475 3893 653 3985 magnifice
679 3915 739 3985 pro
764 3892 920 3962 contione
942 3892 1137 3985 Iugurtham
1171 3891 1206 3961 in
1230 3900 1352 3985 prato-

147 4021 231 4091 rium
266 4018 403 4090 adduxit
435 4019 547 4113 ibique
572 4027 699 4089 secreto
724 4017 867 4099 monuit,
901 4025 937 4086 ut
961 4015 1067 4109 potius
1092 4014 1225 4109 publice
1250 4035 1351 4108 quam

149 4145 298 4237 privatim
312 4143 490 4215 amicitiam
508 4143 621 4237 populi
637 4143 679 4212 ll.
705 4143 848 4223 coleret,
875 4163 939 4212 ocu
954 4140 1073 4234 quibus
1090 4139 1205 4231 largiri
1222 4139 1352 4208 insues-

148 4282 249 4353 cerea
276 4267 461 4363 periculose
478 4292 498 4338 a
515 4268 628 4362 paucis
642 4267 724 4349 emi,
743 4266 831 4360 quod
848 4266 1028 4336 multorum
1046 4275 1147 4345 esset3
1173 4263 1200 4334 si
1217 4281 1352 4355 perma-

147 4417 226 4466 nerc
254 4395 356 4466 vellet
388 4395 422 4464 in
456 4394 524 4466 sois
557 4395 701 4476 artibus,
738 4394 827 4463 ultro
852 4392 901 4463 illi
927 4403 960 4462 ct
983 4392 1123 4485 gloriam
1150 4401 1184 4460 et
1209 4410 1351 4480 regnum

147 4531 340 4600 venturum,
374 4517 426 4587 sin
460 4516 688 4610 properantius
714 4525 884 4609 pergeret,
917 4527 1044 4587 suamet
1077 4515 1185 4607 ipsum
1209 4512 1353 4604 pecunia

148 4641 348 4734 precipitem
375 4663 539 4711 casurum.

1120 4765 1154 4820 μ
