3576 5602
392 615 466 684 472

393 813 529 872 occurrit
547 812 602 871 cir.
624 810 646 870 l.
670 813 716 870 10.
738 817 843 873 cetera
865 828 972 871 omnes
992 813 1066 871 boni
1088 811 1159 871 libri
1180 813 1369 890 confirmant,
1395 813 1456 872 etsi
1473 813 1531 872 alii
1551 811 1610 872 ad-

394 917 513 976 modum
536 919 668 978 turbant.
694 935 793 994 rupem
815 935 957 994 ceperum,
978 935 1067 994 rupes
1089 937 1220 995 meua,
1243 938 1334 996 rupee
1356 935 1465 995 capere
1494 918 1607 989 (etiam

397 1022 468 1084 Bas.
487 1044 506 1084 1.
525 1043 561 1084 m.
583 1023 645 1102 pr.)
667 1025 777 1100 quibus
797 1027 1003 1086 coniecturam
1025 1030 1108 1101 napis
1129 1043 1236 1102 cepero
1256 1026 1456 1102 addiderunt;
1480 1025 1540 1086 sed
1562 1026 1611 1084 bae

398 1127 549 1191 lectiones
571 1149 677 1192 omnes
707 1132 779 1193 inde
802 1137 887 1208 orte,
921 1133 1003 1208 quod
1032 1133 1143 1194 borum
1169 1135 1335 1194 verborum
1356 1151 1480 1194 sensnm
1504 1150 1612 1210 parum

399 1241 485 1298 recte
509 1239 800 1316 interpretabantur.
832 1239 890 1300 sed
919 1245 953 1299 ut
982 1243 1144 1299 structurae
1173 1241 1254 1300 ratio
1287 1245 1335 1300 est
1367 1240 1609 1318 simplicissima,

400 1345 442 1404 ita
464 1345 555 1405 etiam
575 1363 684 1406 sensus
706 1352 833 1424 apertus
849 1352 905 1408 est.
932 1347 1080 1406 Planities
1103 1351 1170 1406 erat
1191 1363 1209 1405 a
1230 1347 1358 1406 sinistre
1379 1347 1536 1406 montibus
1561 1347 1610 1403 in-

400 1451 488 1512 clusa
509 1457 540 1512 et
561 1469 579 1512 a
600 1453 710 1513 dextra
731 1470 807 1530 rupe
828 1471 954 1532 aspera3
980 1471 1047 1530 que
1068 1455 1111 1513 ita
1134 1454 1288 1530 expressit
1309 1453 1472 1529 salustiae,
1496 1459 1530 1512 ut
1551 1451 1611 1511 do-

400 1561 495 1632 ceret,
517 1559 615 1619 aciem
637 1560 729 1620 latius
746 1577 806 1620 non
821 1561 960 1637 potuisse
980 1560 1114 1621 extendi.
1135 1561 1191 1620 sod
1207 1577 1274 1635 qnae
1295 1560 1459 1636 scriptoris
1480 1577 1533 1618 ars
1553 1563 1611 1632 est,

401 1664 572 1725 cretionem
585 1667 728 1744 variavit,
750 1671 781 1727 et
802 1684 869 1726 cunr
885 1666 1046 1727 dicendum
1067 1665 1194 1727 luisset:
1217 1667 1261 1726 uti
1276 1667 1420 1744 planities
1442 1669 1514 1726 erat
1532 1668 1612 1724 inter

401 1771 545 1831 sinistros
576 1779 694 1833 montes
727 1778 759 1834 et
786 1790 893 1850 rupem
915 1789 1057 1850 asperam
1086 1774 1254 1848 adextra3
1286 1774 1316 1833 in
1348 1774 1448 1834 altero
1472 1775 1611 1833 membro

401 1879 650 1956 praepositionem
664 1880 804 1940 adhibuit
824 1881 863 1940 ad
885 1881 947 1941 loci
969 1882 1060 1940 situm
1081 1880 1308 1956 declarandum,
1330 1882 1361 1941 in
1382 1883 1486 1940 altero
1501 1881 1611 1940 adiec-

403 1987 508 2060 tisum,
531 2002 597 2061 que
619 1989 781 2047 coniuncta
802 1989 1000 2064 predicatum
1022 1987 1151 2064 iaciunt;
1172 1991 1248 2047 tuter
1267 1987 1362 2066 igitur
1383 1988 1443 2047 etsi
1465 1989 1613 2046 edanum

402 2096 518 2153 tanturn
540 2093 761 2153 substantivum
783 2093 928 2170 refertur,
949 2099 1051 2155 tamen
1077 2095 1137 2154 boc
1163 2095 1323 2171 significat,
1348 2095 1510 2171 planitiem
1532 2094 1612 2152 ultra

403 2202 523 2259 montes
545 2197 689 2259 sinistros
718 2216 777 2259 non
801 2199 898 2260 luisse
920 2204 1091 2276 extentam
1126 2201 1164 2260 ab
1195 2201 1294 2261 altera
1323 2207 1425 2260 autem
1456 2187 1547 2276 parte
1576 2217 1613 2258 ea

405 2323 465 2366 uon
487 2306 585 2366 solum
606 2323 682 2384 rupe
705 2306 812 2366 clausa
832 2306 890 2366 sed
912 2309 1004 2366 etiam
1019 2323 1133 2383 aspera
1146 2307 1213 2381 fuit,
1236 2308 1279 2367 ita
1301 2313 1334 2366 ut
1351 2323 1389 2365 ne
1411 2308 1441 2365 in
1463 2307 1525 2366 boc
1544 2307 1613 2382 qui·

405 2413 475 2473 dem
489 2413 588 2472 latere
609 2414 693 2472 acies
714 2413 836 2490 longius
857 2415 975 2490 porrigi
996 2430 1089 2489 posse
1112 2414 1281 2472 videretur.
1302 2429 1409 2487 cepero
1435 2413 1528 2490 igitur
1558 2431 1613 2470 ne-

406 2537 466 2596 que
487 2521 548 2580 vim
571 2520 756 2580 substantivi
776 2521 872 2580 babet
892 2536 991 2594 neque
1006 2537 1064 2596 pro
1083 2518 1262 2579 accusativo
1284 2518 1465 2593 babendum,
1490 2520 1548 2577 sed
1567 2521 1615 2576 est

406 2645 484 2686 nom.
505 2627 669 2704 singularis
696 2625 832 2686 feminini
853 2627 993 2703 generis;
1020 2644 1080 2702 qua
1106 2624 1227 2700 quidem
1257 2625 1486 2702 simplicissima
1511 2625 1613 2703 expli-

407 2735 528 2794 catione
551 2751 655 2794 omnes
669 2733 733 2793 illae
756 2735 955 2812 interpretum
970 2751 1058 2811 nugae
1073 2733 1247 2793 concidunt.
1270 2731 1308 2790 Ut
1321 2732 1415 2808 igitur
1436 2733 1614 2809 interpunc-

407 2841 491 2901 tione
512 2857 636 2900 sensum
658 2840 819 2914 illustrem,
843 2842 940 2900 verba
961 2842 1003 2901 ita
1025 2839 1161 2900 describi
1181 2841 1342 2916 poterant:
1376 2855 1463 2914 „nam
1481 2841 1525 2898 uti
1547 2838 1614 2916 pla-

407 2949 501 3007 nities
531 2953 605 3021 erat,
638 2947 719 3006 inter
740 2947 883 3007 sinistros
906 2953 1025 3008 montes
1055 2951 1088 3008 et
1116 2965 1134 3006 a
1163 2947 1273 3006 dextra
1294 2963 1371 3023 rupe
1393 2939 1539 3022 aspera;“
1572 2945 1615 3004 lta

408 3070 508 3129 neque
529 3057 632 3114 munds
653 3057 724 3131 post
745 3055 851 3113 doecre
871 3054 1070 3132 repetendum
1093 3071 1192 3130 neque
1214 3070 1320 3129 napea
1342 3070 1399 3130 pro
1423 3053 1614 3112 substantivo

409 3161 597 3236 babendum
627 3161 709 3236 quod
731 3161 783 3236 qui
804 3163 950 3235 statuunt,
975 3179 992 3220 a
1014 3162 1148 3221 veritae
1174 3161 1354 3236 longissime
1375 3159 1525 3220 aberrare
1546 3159 1616 3219 mibi

410 3267 563 3327 videntur.
578 3271 881 3344 ceremonensem,
905 3267 992 3326 lectos
1009 3273 1036 3326 et
1050 3274 1191 3343 euocatos,
1203 3274 1349 3342 pretereo
1366 3301 1400 3310 -
1416 3267 1458 3325 ite
1474 3268 1556 3326 bunc
1569 3267 1616 3325 lo·

410 3391 475 3434 cum
497 3373 771 3451 interpungendum
794 3391 865 3434 esse
887 3389 1009 3446 censeo,
1033 3375 1101 3433 alii:
1124 3393 1147 3433 c.
1166 3391 1192 3432 o.
1214 3374 1311 3449 lectos,
1332 3372 1403 3432 alii:
1425 3378 1617 3446 cantoranum,

410 3484 503 3540 omnia
522 3481 612 3540 lectos
633 3487 662 3540 ct
680 3487 822 3558 euocatos,
845 3481 913 3541 vel:
935 3482 971 3541 ub
991 3481 1037 3540 bie
1052 3484 1244 3554 centuriones,
1265 3483 1358 3539 omnis
1375 3479 1473 3556 botos,
1495 3489 1524 3539 et
1543 3499 1617 3540 eooc.

412 3605 480 3663 quae
501 3586 623 3664 quidem
645 3588 812 3648 diversitas
833 3587 905 3646 inde
927 3588 1021 3663 duxit,
1044 3587 1127 3663 quod
1147 3588 1244 3646 verba
1267 3586 1356 3646 lectos
1373 3593 1551 3647 etceocutos
1568 3587 1618 3647 alii

411 3697 503 3756 alitor
520 3697 812 3774 interpretabantur.
856 3696 918 3756 larn
935 3703 1070 3756 eeocoloa
1092 3712 1185 3772 posse
1206 3695 1327 3773 seiungi
1348 3713 1365 3754 a
1387 3695 1618 3754 centurionibus

411 3819 469 3879 per
490 3820 525 3862 se
546 3807 639 3881 patet,
662 3806 694 3862 et
714 3803 890 3862 testimonio
911 3803 1000 3862 locus
1022 3805 1071 3862 est
1092 3819 1109 3861 e
1131 3799 1254 3860 Caesare
1275 3800 1309 3860 B.
1333 3799 1403 3859 01.
1430 3803 1482 3858 17:
1520 3798 1619 3874 „mili-

412 3907 495 3967 tibus
525 3907 555 3966 in
583 3909 725 3968 contione
749 3925 843 3984 agros
865 3925 903 3968 en
923 3908 988 3968 suis
1006 3907 1260 3985 possessionibus
1274 3907 1449 3983 pollicetur,
1472 3913 1620 3981 quaterna

413 4015 442 4072 in
478 4016 618 4092 singulos
647 4016 767 4092 iugera,
797 4019 829 4076 et
848 4033 904 4094 pro
926 4021 994 4076 rata
1016 4019 1104 4093 parte
1127 4014 1357 4074 centurionibus
1389 4008 1617 4090 evocatisque.“

495 4123 550 4182 cir.
573 4120 797 4184 Caes.e.c.1.
820 4127 849 4183 3.
884 4124 1072 4201 „completur
1100 4123 1175 4182 urbs
1205 4121 1347 4196 tribunis,
1380 4120 1621 4196 centurionibus,

413 4221 579 4290 evocatis.“
606 4247 648 4288 m.
671 4231 718 4288 5³.
747 4235 913 4304 „evocatos
935 4230 1192 4304 centurionesque
1214 4221 1415 4305 cumplures.“
1450 4227 1563 4303 quibus
1585 4243 1621 4286 ex

412 4337 492 4398 locis
513 4337 548 4396 lit
567 4335 768 4412 manifestum,
798 4337 931 4396 medium
953 4335 1102 4412 quendam
1126 4336 1225 4396 locum
1249 4336 1388 4395 tenuisse
1410 4337 1562 4394 evocatos
1585 4339 1622 4408 et,

414 4450 449 4505 ut
469 4443 541 4504 olim
562 4443 683 4519 equites
712 4443 859 4508 illustres.
887 4443 955 4503 lere
981 4445 1106 4504 ordines
1129 4445 1265 4503 duxisse.
1289 4459 1385 4518 quare
1408 4443 1438 4501 in
1463 4441 1622 4500 veteribus

414 4550 578 4626 glossariis
600 4555 748 4610 evocatus
769 4543 945 4632 ταξίαρχος
966 4549 1145 4627 explicatur.
1182 4548 1286 4608 Nihilo
1308 4549 1408 4608 minus
1429 4551 1530 4607 emen
1554 4547 1623 4606 aliis

416 4658 493 4718 locis
514 4663 649 4717 arcemur
670 4659 807 4716 naturam
829 4657 982 4734 participii
1003 4657 1116 4717 retinet
1137 4657 1191 4716 cir.
1215 4655 1289 4716 (laes.
1321 4656 1353 4715 Β.
1376 4655 1407 4714 C.
1430 4673 1461 4714 n.
1484 4659 1512 4714 5.
1546 4671 1622 4714 evo·
