3610 5592
526 675 569 744 16

523 875 692 946 atrocitate
716 874 850 945 sceleris
876 896 1012 956 eorurn,
1039 875 1095 968 qui
1114 895 1228 966 pesnas
1254 873 1423 944 dederant.
1475 872 1575 944 Nobis
1601 895 1636 940 aa
1660 895 1707 940 res

401 970 404 982 Ι
521 1023 582 1093 pro
606 998 833 1091 magnitudine
859 1020 976 1092 parum
1002 1009 1168 1090 comperta
1194 1007 1252 1066 est.

593 1146 690 1194 xxnr.
742 1123 806 1194 Sed
832 1123 866 1192 in
893 1132 932 1193 ea
958 1122 1183 1193 coniuratione
1209 1121 1270 1191 init
1293 1122 1336 1204 Q.
1355 1122 1489 1202 Curius,
1516 1131 1610 1192 natus
1627 1122 1709 1192 hand

520 1249 662 1319 obscuro
687 1248 779 1328 loco,
806 1245 938 1339 flagitiis
963 1257 1061 1339 atque
1085 1245 1286 1315 facinoribus
1304 1257 1487 1339 coopertusa
1518 1270 1617 1339 quern
1637 1271 1711 1316 oen-

521 1393 610 1442 sores
636 1383 750 1442 senatn
768 1372 880 1464 probri
906 1371 1010 1462 gratia
1035 1381 1217 1442 moverant.
1256 1371 1345 1440 Huic
1370 1371 1495 1442 homiui
1520 1393 1587 1441 non
1612 1373 1713 1440 minor

519 1495 647 1566 vanitas
672 1495 778 1566 inerat
806 1516 906 1588 quam
932 1493 1090 1574 audacia;
1124 1516 1232 1588 neque
1257 1494 1412 1574 reticere,
1451 1517 1525 1587 qun
1560 1495 1712 1574 audierat,

521 1643 630 1715 neque
668 1629 795 1691 suamet
824 1619 894 1711 ipse
928 1618 1054 1688 scelera
1088 1619 1269 1698 occultare,
1308 1641 1441 1711 prorsus
1475 1641 1583 1713 neque
1608 1619 1714 1689 dicere

521 1767 631 1837 neque
656 1743 764 1812 iacere
789 1741 967 1836 quicquam
1001 1741 1094 1834 pensi
1119 1727 1273 1813 habehat.
1323 1745 1404 1814 Erat
1428 1743 1460 1813 ei
1491 1766 1566 1814 cum
1592 1745 1714 1824 Fulvia,

520 1869 661 1940 muliere
687 1867 806 1950 nobili,
832 1867 936 1959 stupri
961 1875 1053 1936 retus
1084 1867 1299 1946 consuetud0;
1326 1869 1380 1938 cui
1408 1889 1483 1938 eum
1509 1867 1617 1937 minus
1641 1891 1717 1958 gra·

521 2003 572 2063 tus
597 2003 700 2075 esset,
726 1992 805 2085 quia
832 1991 941 2083 inopia
966 1990 1076 2059 minus
1102 1989 1216 2081 largiri
1241 2000 1382 2083 poterat,
1413 2002 1547 2084 repente
1573 1992 1717 2082 glorians

520 2117 627 2188 maria
651 2125 844 2209 montesque
876 2113 1026 2208 polliceri
1065 2113 1164 2206 coepit
1196 2125 1228 2182 et
1261 2113 1380 2184 minari
1415 2114 1577 2185 interdurn
1621 2116 1717 2196 terro,

521 2242 556 2312 ni
581 2241 644 2312 sihi
669 2241 813 2311 obnoxia
839 2240 940 2308 toret:
976 2250 1139 2332 postremo
1165 2240 1290 2330 agitare
1315 2240 1457 2310 ferocius
1482 2261 1583 2334 quam
1608 2239 1719 2310 solitus

521 2379 601 2438 erat.
644 2369 687 2439 At
703 2366 839 2448 Fulvia,
866 2365 1047 2435 insolentia
1065 2363 1156 2435 Curii
1174 2386 1272 2435 causa
1289 2365 1436 2455 cognita,
1455 2364 1521 2434 tale
1537 2364 1720 2458 pericnlum

520 2492 570 2562 rei
599 2490 740 2584 publicos
765 2489 853 2560 haud
878 2489 1042 2560 occultum
1069 2487 1195 2568 hahuit,
1231 2487 1308 2569 sed,
1342 2488 1470 2558 sublato
1496 2499 1647 2569 auctore,
1680 2489 1721 2558 de

521 2615 672 2686 Catilina
689 2613 914 2684 coniuratione
940 2635 1015 2706 quae
1041 2610 1292 2704 quoquomodo
1318 2611 1482 2691 audierat,
1509 2612 1722 2702 conpluribus

521 2739 679 2810 narravit.
721 2740 772 2809 Ea
796 2760 849 2808 res
873 2739 908 2806 in
926 2736 1042 2830 primis
1068 2734 1174 2806 studia
1200 2735 1373 2806 hominum
1398 2735 1548 2806 accendit
1572 2735 1613 2805 ad
1642 2759 1724 2806 con-

430 2957 435 2967 „
520 2864 663 2934 sulatum
689 2860 913 2932 mandandum
939 2863 984 2931 ll.
1010 2861 1121 2930 Tullio
1146 2860 1309 2930 Ciceroni.
1352 2861 1503 2955 Namque
1529 2871 1624 2932 antea
1652 2863 1725 2953 ple-

522 3010 626 3081 raque
651 2985 804 3057 nobilitas
838 2985 962 3056 invidia
987 2984 1163 3064 estuabat,
1190 2995 1222 3052 et
1255 2985 1349 3078 quasi
1383 2984 1487 3078 pollui
1518 2985 1726 3055 consulatum

522 3113 718 3193 credebant,
756 3111 784 3178 si
818 3131 894 3180 eum
935 3109 1083 3203 quamvis
1121 3109 1274 3200 egregius
1309 3109 1408 3178 homo
1446 3130 1550 3178 novus
1587 3107 1728 3201 adeptus

522 3237 615 3306 foret.
666 3234 731 3305 Sed
769 3235 826 3304 ubi
865 3233 1050 3326 periculum
1085 3232 1234 3314 advenit,
1273 3232 1397 3302 invidia
1435 3243 1533 3325 aune
1570 3233 1727 3325 superbia

521 3371 594 3455 post
618 3361 722 3432 fuere.

595 3506 690 3555 mv.
742 3483 847 3575 lgitur
885 3482 1026 3553 comitiis
1065 3481 1183 3551 habitis
1225 3483 1377 3552 consules
1427 3481 1640 3552 declarantur
1682 3485 1728 3552 ll.

521 3607 649 3678 Tullius
675 3619 707 3676 et
732 3607 771 3676 G.
799 3605 980 3688 Antonius,
1014 3604 1103 3699 quod
1128 3604 1249 3676 iactum
1275 3605 1382 3698 primo
1407 3604 1581 3698 populares
1608 3605 1730 3674 conin-

521 3732 658 3803 rationis
695 3742 914 3801 concusserat.
966 3733 1081 3823 Neque
1119 3739 1228 3798 tamen
1254 3729 1404 3800 Catilina
1430 3729 1522 3799 irrror
1547 3729 1730 3800 minueba-

522 3865 594 3938 tur,
621 3854 738 3925 sedin
764 3853 835 3924 dies
860 3854 957 3947 plura
980 3853 1125 3944 agitare,
1152 3875 1243 3923 arma
1269 3867 1330 3947 per
1357 3851 1485 3923 ltaliam
1511 3853 1591 3923 locis
1626 3877 1730 3946 opor-

521 3981 608 4050 tunis
621 4001 752 4072 parare,
771 3979 945 4072 pecuniam
958 4000 1017 4047 sua
1035 3987 1091 4048 aut
1106 3977 1286 4047 amicorum
1301 3976 1365 4046 fide
1383 3987 1545 4069 sumptam
1575 3988 1730 4048 mutuam

522 4104 667 4174 Faesulas
701 4103 742 4173 ad
767 4103 928 4175 Manlium
957 4100 1124 4194 quendam
1162 4113 1308 4194 portare,
1342 4101 1401 4193 qui
1434 4111 1545 4193 postea
1570 4101 1730 4194 princeps

522 4227 583 4300 tuit
606 4228 687 4299 belli
712 4227 868 4298 faciundi.
919 4229 971 4298 Ea
1003 4233 1193 4318 tempestate
1222 4225 1382 4318 plurimos
1407 4225 1567 4319 cuiusque
1591 4225 1730 4316 generis

521 4351 670 4423 homiues
703 4350 878 4422 adscivisse
904 4351 967 4420 sibi
996 4347 1130 4430 dicitur,
1162 4349 1319 4420 mulieres
1349 4350 1446 4420 etiarn
1473 4349 1619 4444 aliquot,
1655 4372 1730 4444 qua

521 4475 629 4569 primo
654 4477 804 4567 ingentes
830 4485 977 4567 sumptus
1002 4483 1115 4564 stupro
1139 4473 1285 4566 corporis
1311 4474 1545 4556 toleraverant,
1570 4484 1648 4566 post
1675 4474 1730 4544 uhi

522 4609 601 4668 aetas
626 4596 850 4668 tantummodo
875 4597 1014 4691 quaestui
1045 4618 1156 4688 neque
1183 4597 1323 4667 luxuriae
1349 4597 1484 4668 modurn
1510 4598 1651 4680 iecerat,
1689 4621 1730 4668 aes

522 4723 667 4792 alienum
703 4721 827 4812 grande
862 4721 1094 4791 conflaverant.
1147 4721 1209 4789 Per
1243 4743 1299 4791 eas
1336 4745 1371 4791 se
1397 4721 1730 4792 Catilina-credebat
