3648 5596
923 1335 1053 1404 LIBER
1089 1333 1131 1403 11.

497 1547 664 1627 Sardinia,
702 1547 816 1618 Sicilia
844 1563 871 1617 ct
904 1549 1030 1619 Coraca
1059 1549 1174 1618 insula
1206 1541 1372 1640 aLepido
1404 1562 1431 1616 et
1469 1547 1627 1640 Perperna

424 1685 556 1741 tentata.
598 1670 781 1741 Eorundem
797 1674 877 1742 situs
902 1687 930 1742 et
953 1673 1175 1763 antiquitatem
1201 1673 1316 1764 Lepidi
1334 1695 1435 1751 marm
1460 1671 1627 1763 Pompeiae

423 1795 617 1887 Hispaniam
640 1797 831 1887 ingreditur.
880 1796 942 1866 Sed
967 1798 1050 1866 dolia
1075 1821 1145 1866 cum
1169 1796 1329 1867 Sertorius
1362 1797 1501 1873 deludit;
1542 1819 1628 1864 anno

420 1933 544 2010 pomero
575 1921 675 1988 multa
695 1919 813 2012 prelia
833 1935 990 2013 pugnata.
1043 1920 1236 1991 Macedonia
1265 1941 1344 2012 pars
1375 1921 1411 1988 in
1437 1920 1627 1989 matricem

424 2046 518 2114 venit.
561 2045 737 2116 Dardania
753 2069 774 2115 a
792 2047 928 2116 Getmom
942 2060 1085 2126 costata;
1110 2047 1147 2116 in
1170 2047 1246 2116 urbe
1264 2060 1353 2116 terra
1371 2045 1506 2114 motibus
1523 2043 1628 2114 animi

425 2170 579 2261 religione
598 2170 702 2262 pleni3
726 2172 883 2260 pravitate
896 2193 1031 2241 annona
1055 2171 1222 2241 reditiones
1247 2183 1373 2240 exorta.
1417 2169 1512 2238 Curio
1534 2189 1628 2236 rena·

425 2307 475 2362 tur
496 2317 624 2365 cautam
641 2296 797 2387 defenditr
824 2296 913 2366 Cotta
925 2298 1040 2388 populi
1058 2299 1198 2388 gratiam
1220 2310 1334 2388 captat.
1377 2294 1531 2364 Seruiliam
1550 2293 1628 2362 bello

424 2421 520 2489 uaria
542 2423 675 2511 fortuna
691 2443 749 2512 per
774 2422 945 2492 triennium
958 2437 1041 2513 perta
1062 2423 1182 2492 Cilicia
1196 2423 1371 2514 prooinma
1392 2434 1515 2512 partem
1531 2419 1629 2487 Parn-

423 2543 548 2636 pltpliee,
585 2547 715 2636 Lyciam
743 2561 771 2616 et
793 2547 956 2617 isauriam
980 2549 1106 2618 adiecit.
1156 2549 1348 2629 Nicomedes,
1374 2546 1534 2636 Bithynia
1557 2566 1627 2625 rea,

423 2671 560 2740 moriens
583 2671 743 2741 Romanas
766 2674 857 2763 regni
884 2673 1007 2742 leeredec
1034 2675 1184 2744 instituit.

503 3120 534 3187 l.
570 3120 615 3190 ld.
650 3122 778 3215 Lepido
808 3145 882 3192 cum
916 3123 1068 3193 omnihus
1106 3123 1209 3216 copiis
1238 3123 1333 3194 ltalia
1366 3122 1461 3215 pulso
1494 3121 1629 3211 segnior

426 3263 535 3336 neque
552 3244 661 3314 minus
678 3245 787 3337 graus
805 3257 837 3316 et
853 3247 1027 3340 multiplex
1044 3269 1124 3318 cura
1141 3257 1250 3339 patres
1268 3245 1454 3318 exercebat.
1493 3247 1527 3314 2.
1548 3246 1630 3314 Sar-

424 3363 517 3436 dinia
539 3367 574 3436 in
591 3367 705 3439 Africo
729 3369 824 3451 mari,
851 3369 935 3441 lacie
959 3370 1089 3463 vestigii
1114 3370 1253 3442 humaui
1280 3371 1313 3441 in
1340 3370 1502 3440 orientem
1525 3391 1627 3462 quam

424 3487 457 3557 in
483 3489 688 3560 occidentem
712 3492 809 3562 latior
832 3495 1007 3585 prominet.
1050 3493 1084 3564 3.
1111 3495 1222 3565 Sardis
1248 3493 1395 3565 Hercule
1424 3504 1626 3588 procreatus,

424 3635 500 3684 cum
524 3636 646 3706 magna
670 3617 883 3687 multitudine
917 3618 1068 3711 aLibya
1094 3619 1270 3711 proiectus,
1310 3617 1497 3689 Sardiniam
1522 3638 1627 3685 occu·

423 3736 512 3828 pavit
545 3747 578 3806 et
607 3761 649 3807 ex
681 3761 741 3808 suo
776 3741 935 3811 vocabulo
964 3741 1081 3812 insulae
1106 3765 1228 3811 nomeu
1256 3741 1358 3812 dedit.
1405 3740 1440 3810 4.
1474 3738 1538 3810 Sed
1565 3738 1627 3833 ipsi

423 3860 534 3931 lerunt
564 3873 696 3932 taurum
725 3885 767 3932 ex
801 3884 921 3955 grege,
961 3888 1060 3958 quem
1093 3888 1195 3958 prope
1224 3866 1321 3936 litora
1353 3865 1491 3958 regebat
1525 3863 1627 3934 Corsa

423 3986 568 4066 nomine,
594 3985 697 4077 Ligus
714 3987 845 4056 mulier.
889 3987 924 4057 5.
951 3990 1000 4058 Ne
1017 3989 1076 4058 illa
1102 3999 1197 4061 tauro
1223 3991 1317 4083 paria
1342 3991 1417 4059 sint.
1461 3991 1495 4060 6.
1521 3988 1629 4081 Apol-

423 4109 500 4178 linis
533 4109 622 4179 liliua
653 4119 685 4178 et
710 4110 866 4203 Cyrenes.
924 4114 957 4180 7.
992 4112 1076 4183 Cum
1108 4113 1294 4206 predixere
1328 4114 1471 4207 positum
1497 4113 1626 4183 insulae.

423 4331 451 4388 1.
473 4329 548 4389 liar.
569 4328 718 4392 Victoria.
740 4330 772 4390 in
798 4330 821 4390 1.
842 4331 930 4393 Rhet
956 4331 1018 4394 Cic.
1045 4351 1073 4412 p.
1100 4336 1139 4396 49
1167 4334 1217 4394 0r.
1245 4339 1373 4396 auctore
1398 4350 1459 4395 nou
1484 4334 1626 4409 laudeto;

422 4435 550 4500 Salustii
576 4456 648 4501 esne
674 4457 714 4500 ex
734 4439 846 4500 Servio
870 4440 1056 4520 intelligitur
1081 4443 1121 4502 ad
1142 4442 1219 4503 Aen.
1244 4447 1270 4503 1.
1291 4445 1360 4505 430.
1401 4445 1430 4504 4.
1453 4440 1525 4502 Aul.
1547 4439 1627 4501 Gall.

422 4545 471 4605 13.
492 4546 540 4605 29.
561 4544 635 4607 [sid.
659 4548 705 4608 14.
727 4547 754 4606 6.
776 4545 854 4606 Non.
874 4563 904 4624 p.
927 4550 975 4606 5³.
1001 4547 1095 4610 Mero.
1136 4551 1163 4610 3.
1186 4550 1260 4610 lsid.
1283 4551 1329 4612 14.
1351 4552 1381 4610 6.
1428 4553 1457 4610 4.
1477 4548 1576 4610 Prieo.
1598 4549 1627 4608 a

422 4650 470 4707 15.
492 4651 560 4710 are.
583 4650 638 4712 ee.
660 4650 735 4714 neu
758 4653 804 4712 m.
826 4653 855 4712 c.
902 4655 930 4712 n.
952 4650 1028 4714 uon.
1049 4653 1145 4715 unce.
1166 4659 1193 4715 a.
1212 4658 1240 4716 a.
1262 4657 1310 4716 aa.
1332 4635 1421 4732 paria
1440 4673 1505 4716 vn.
1533 4655 1627 4716 recen

422 4755 449 4814 6.
472 4755 563 4817 Proh.
586 4755 671 4819 citu.
696 4761 781 4820 1446.
801 4760 868 4832 fitia
889 4759 983 4821 Codri.
1005 4779 1041 4821 ur
1063 4763 1140 4822 coni.
1184 4765 1209 4822 7.
1237 4761 1311 4824 Dan.
1334 4762 1456 4826 Phorm.
1482 4763 1624 4824 1141.
