3576 5602
404 614 477 688 ttt

403 818 463 910 pili
489 819 578 908 regis
612 819 720 908 legem
745 818 931 909 opimorum
963 820 1144 908 spoliorum
1173 821 1292 890 talem:
1336 821 1438 892 Cuius
1463 822 1620 914 auspicio

403 941 506 1010 classe
531 940 699 1033 procincta
723 941 831 1034 opima
858 941 964 1032 spolia
990 943 1177 1034 capiuntur,
1216 945 1285 1014 lovi
1311 945 1462 1014 Feretrio
1493 945 1617 1014 bovem

403 1065 547 1146 caedito,
581 1065 639 1158 qui
665 1065 769 1157 cepit,
805 1064 886 1135 CCC
918 1065 1029 1134 darier
1053 1077 1200 1158 oportet;
1239 1066 1385 1136 secunda
1416 1068 1541 1160 spolia,
1578 1069 1617 1137 in

402 1189 516 1262 ldartis
549 1211 641 1259 eram
668 1191 701 1258 in
727 1189 854 1282 Campo
879 1190 1073 1260 solitaurilia
1100 1203 1174 1261 utra
1200 1192 1344 1262 voluerit
1373 1193 1513 1274 caedito,
1553 1193 1617 1285 qui

403 1313 501 1406 cepit,
537 1313 567 1382 ei
593 1313 679 1383 aeris
704 1313 758 1384 CC
784 1313 876 1394 dato;
916 1312 1009 1382 tertia
1036 1313 1158 1406 spolia,
1195 1315 1291 1384 launi
1317 1315 1461 1398 Quirino
1485 1337 1615 1407 agnum

403 1458 531 1506 marem
545 1436 684 1516 caedito,
703 1435 728 1506 C
746 1437 804 1528 qui
822 1437 947 1528 ceperit
964 1460 1007 1506 ex
1023 1459 1100 1508 aere
1118 1437 1209 1518 dcto;
1231 1439 1325 1509 cuius
1342 1439 1490 1530 auspicio
1502 1452 1614 1532 capta,

403 1563 452 1634 dis
477 1563 643 1657 piaculum
665 1562 753 1632 dato.
796 1563 901 1633 Festus
920 1564 975 1632 tit.
1005 1561 1050 1636 14
1077 1587 1103 1633 s.
1125 1589 1155 1634 o.
1183 1566 1301 1657 opimo.
1407 1565 1468 1635 28.
1503 1566 1613 1636 Varro

402 1711 462 1780 pro
483 1689 596 1758 rostris
614 1682 699 1780 (post
716 1683 832 1778 rostra)
852 1689 952 1760 luisse
971 1691 1160 1782 sepulcrum
1177 1691 1309 1760 Romuli
1323 1690 1415 1773 dicit,
1434 1691 1492 1760 ubi
1511 1693 1613 1760 etiam

402 1811 437 1880 in
469 1812 566 1883 buius
599 1813 649 1883 rei
683 1811 877 1882 memoriam
912 1813 994 1883 duos
1027 1813 1138 1882 leones
1172 1827 1298 1884 erectos
1336 1815 1437 1884 fuisse
1466 1827 1611 1896 constan

402 1936 490 2006 unde
517 1937 639 2004 lactum
666 1947 725 2016 est,
765 1946 799 2006 ut
825 1959 885 2028 pro
919 1935 1034 2006 rostris
1067 1936 1189 2005 mortui
1213 1936 1440 2007 laudarentur.
1482 1939 1613 2008 Sebolio

401 2064 446 2132 od
470 2062 585 2132 Horat.
624 2062 728 2154 Epod.
759 2061 815 2142 16,
851 2060 908 2134 13.
1018 2063 1078 2132 29.
1104 2047 1218 2133 'Varro
1252 2064 1416 2156 simplicia
1449 2063 1481 2132 in
1515 2063 1611 2132 ltalia

401 2185 501 2256 luisse
527 2186 661 2255 nomina
687 2186 743 2267 ait,
776 2187 1094 2280 existimationisque
1123 2210 1203 2256 snae
1236 2199 1468 2278 argumentum
1495 2187 1610 2268 relect,

400 2309 490 2401 quod
509 2305 668 2379 llomolu's
694 2320 727 2378 et
745 2311 866 2380 Remus
886 2321 918 2379 et
937 2311 1111 2381 Faustulus
1136 2332 1246 2402 neque
1271 2333 1475 2403 praenomen
1501 2310 1610 2380 ullum

401 2455 510 2524 neque
546 2455 730 2524 cognomen
764 2431 961 2504 babuemnt.
1017 2433 1085 2517 Qut
1118 2434 1161 2503 ab
1196 2457 1236 2503 eo
1264 2433 1478 2515 dissentiunt,
1516 2435 1612 2504 aiunt

400 2567 539 2625 matrem
567 2576 682 2624 eorum
707 2557 811 2626 Ream
839 2555 974 2626 Silvium
1001 2568 1164 2638 vocatam,
1194 2579 1291 2627 avum
1318 2556 1459 2626 Silvium
1485 2558 1613 2630 Numi-

399 2692 516 2763 torem,
543 2681 678 2752 lratrem
705 2683 775 2752 eius
802 2683 974 2753 Amulium
1000 2683 1151 2764 Silvium,
1185 2695 1217 2753 et
1242 2683 1430 2778 superiores
1455 2684 1611 2754 Albano-

399 2829 473 2877 rum
500 2829 595 2898 reges
620 2809 782 2900 Capetum
810 2809 960 2890 Silvium,
1000 2809 1184 2902 Agrippam
1215 2809 1354 2879 Silvium
1381 2861 1419 2878 ..
1446 2810 1482 2879 ln
1519 2807 1610 2876 bunc

401 2931 537 3001 modom
572 2931 731 3003 Varronis
770 2932 930 3000 sententia
969 2921 1138 3002 subruitur
1262 2931 1438 3002 Gentilicia
1472 2929 1611 2999 nomina

400 3057 504 3123 Varro
531 3065 623 3147 putat
646 3054 746 3124 luisse
771 3077 913 3125 numero
933 3055 1038 3136 mille,
1064 3054 1279 3149 praenomina
1302 3054 1390 3122 circo
1413 3054 1546 3146 triginta
1570 3107 1607 3123 ..

397 3181 529 3250 Ancum
556 3200 758 3271 praenomen
785 3179 891 3249 Varro
916 3201 935 3246 a
962 3177 1094 3248 Sabinis
1120 3179 1312 3248 translatum
1340 3189 1442 3271 putat.
1486 3180 1521 3248 0.
1551 3179 1610 3248 li-

399 3305 462 3372 tict
487 3303 608 3372 Probus
633 3304 681 3372 uel
715 3303 820 3372 Iulius
844 3305 939 3372 Poris
965 3305 1008 3372 cd
1033 3303 1145 3372 calcem
1175 3303 1291 3372 Valerii
1316 3303 1468 3372 Maximi.
1512 3303 1610 3386 Quo-

399 3447 471 3494 rum
500 3425 532 3494 in
559 3426 726 3496 nascendo
752 3448 816 3495 uon
844 3437 953 3517 caput,
991 3426 1048 3496 sed
1074 3425 1174 3517 pedes
1201 3425 1299 3518 primi
1324 3425 1513 3505 extiterant,
1547 3427 1607 3518 qui

397 3559 510 3641 partus
535 3547 752 3618 difficillimos
773 3548 1047 3640 aegerrimusque
1069 3547 1220 3630 babetur,
1247 3549 1416 3641 Agrippae
1433 3551 1605 3642 appellati,

398 3673 557 3743 vocabulo
575 3671 617 3741 ab
636 3671 843 3763 aegritudine
861 3682 894 3740 et
913 3672 1051 3763 pedibus
1068 3672 1219 3742 conficto.
1254 3675 1337 3743 Esse
1355 3685 1468 3742 autern
1485 3697 1607 3768 pueros

397 3797 430 3866 in
456 3810 552 3867 utero
570 3799 678 3870 Varro
703 3797 781 3867 dicit
807 3799 914 3890 capite
941 3798 1055 3866 inlimo
1082 3799 1188 3880 nixos,
1215 3821 1345 3868 sursum
1370 3799 1513 3892 podibus
1535 3801 1607 3870 ela·

397 3920 452 3998 tis,
490 3943 554 3989 non
583 3932 617 3990 ut
648 3919 791 3990 bominis
823 3931 942 3991 natura
966 3931 1034 4003 est,
1073 3922 1131 3991 sed
1156 3934 1192 3991 ut
1217 3923 1361 4004 arboris;
1400 3946 1479 3992 nam
1505 3924 1606 4016 pedes

397 4065 562 4134 cruraque
588 4042 716 4112 arboris
742 4044 884 4136 appellat
909 4067 1037 4125 ramos,
1076 4057 1174 4138 caput
1198 4047 1332 4138 stirpem
1362 4059 1463 4138 atque
1489 4049 1607 4118 candi-

396 4189 482 4236 cem.
526 4168 668 4252 Quando
690 4168 803 4258 igitur,
831 4168 948 4260 inquit,
975 4180 1088 4239 contra
1114 4182 1267 4240 naturam
1289 4171 1373 4240 sorte
1393 4174 1543 4242 conversi
1570 4174 1605 4242 in

395 4292 508 4386 pedes,
536 4290 679 4363 bracbiis
705 4293 900 4385 plerumque
927 4293 1067 4365 diductis
1092 4295 1228 4364 retineri
1259 4296 1376 4376 solent,
1402 4297 1605 4391 aegriusque

395 4427 473 4488 tunc
499 4417 656 4487 mulieres
676 4417 856 4487 enituntur.
900 4419 1008 4488 Huius
1027 4419 1165 4511 periculi
1184 4420 1383 4512 deprecandi
1401 4421 1509 4512 gratia
1526 4445 1606 4492 arae

393 4550 531 4609 statutae
557 4551 632 4610 sunt
651 4542 778 4611 Romae
800 4541 927 4612 duabus
945 4543 1188 4623 Carmentibus,
1215 4566 1356 4635 quarum
1382 4545 1486 4613 altera
1509 4547 1605 4614 Post-

393 4673 484 4733 vcrta
510 4667 741 4754 cognominata
759 4676 818 4747 est,
847 4667 945 4734 Prosa
971 4667 1076 4736 altera
1102 4689 1122 4736 a
1148 4669 1229 4736 recti
1255 4667 1468 4759 perversique
1492 4681 1604 4760 partos
