3648 5596
419 623 487 690 tat

414 821 583 892 sententiae
607 821 803 890 reiecerunt.
847 821 897 890 Eo
923 820 988 889 telo
1013 841 1186 911 percussus
1212 819 1296 889 adeo
1313 819 1457 890 Catilina
1482 820 1554 900 init,
1579 831 1613 890 ut

414 954 527 1038 postea
550 944 677 1014 nullam
701 943 848 1014 omiserit
877 965 986 1035 neque
1017 941 1248 1034 perturbando
1279 942 1381 1014 curiae
1418 966 1528 1036 neque
1563 945 1614 1014 in·

415 1068 563 1138 sectandi
594 1079 724 1138 senatus
765 1067 985 1137 occasionem.
1036 1067 1177 1138 Videbat
1214 1090 1357 1162 namque
1390 1068 1614 1140 detestandam

416 1191 629 1286 cupiditatem
648 1212 742 1260 suam
767 1190 826 1261 illo
851 1192 1024 1283 superstite
1049 1214 1220 1284 nunquam
1242 1192 1277 1262 in
1303 1215 1380 1263 eum
1406 1193 1516 1284 locum
1538 1217 1616 1287 per·
1731 1287 1734 1294 ,

416 1326 586 1386 venturam
613 1317 694 1397 lore,
721 1314 763 1385 de
788 1337 855 1408 quo
880 1315 973 1386 illam
998 1315 1128 1408 pridem
1154 1316 1316 1387 universa
1342 1319 1493 1389 omnium
1517 1341 1616 1390 voces

417 1439 614 1511 eiiciendam
648 1461 719 1508 esse
752 1439 965 1532 putavissent.
1017 1439 1178 1511 Volvebat
1211 1440 1295 1510 item.
1323 1442 1436 1512 animo
1471 1465 1616 1512 summas

415 1566 491 1636 vitae
517 1564 739 1645 necessitates,
765 1564 885 1658 quibus
911 1586 1034 1634 exuere
1059 1587 1094 1633 se
1119 1587 1214 1658 posse
1240 1565 1473 1647 arbitrabatur,
1503 1566 1618 1660 siqua

416 1689 544 1760 ratione
565 1688 735 1782 praeclaris
755 1688 1000 1779 magistratibus
1017 1688 1208 1782 aspirasset:
1235 1712 1324 1760 nunc
1350 1690 1424 1760 illas
1448 1713 1530 1762 vero
1547 1712 1618 1760 ma·

419 1815 468 1906 gis
493 1836 533 1883 ac
558 1813 665 1905 magis
690 1811 886 1883 instauratas
914 1811 1061 1904 quotidie
1087 1811 1309 1903 intelligebat,
1347 1811 1618 1905 quondoquidem

418 1939 608 2032 inspiceret,
647 1959 761 2007 omnes
793 1937 869 2006 vitce
903 1959 970 2006 snae
1003 1937 1147 2008 rationes
1185 1960 1227 2006 ea
1258 1936 1422 2006 sententia
1454 1937 1620 2027 iugulatos

419 2085 551 2156 prorsus
569 2063 728 2134 extitisse:
755 2086 795 2133 ac
821 2063 980 2157 quicquid
1002 2064 1218 2156 increpuisset
1233 2062 1383 2146 ulterius,
1407 2062 1620 2133 metuendam

421 2211 491 2259 esse
516 2189 724 2259 consularem
743 2188 903 2279 vigiliam,
929 2187 1144 2258 metuendum
1171 2209 1241 2258 esse
1270 2186 1430 2257 iudicium
1446 2185 1620 2259 senatoriae

420 2313 632 2384 auctoritatis.

494 2461 563 2509 vnr.
615 2440 711 2510 Hanc
744 2461 823 2508 vero
856 2462 946 2532 spero
979 2441 1023 2509 ita
1049 2462 1264 2532 exsanguem,
1302 2442 1346 2509 ita
1379 2447 1622 2509 consternatam

421 2563 622 2634 consuetudo
656 2565 761 2633 erexit
793 2564 867 2633 vitae
898 2564 1101 2655 pravissimae
1134 2564 1176 2634 ad
1207 2586 1305 2634 omne
1331 2563 1472 2644 lacinus,
1512 2582 1624 2653 neque

421 2688 478 2756 otii
511 2688 562 2756 sui
597 2688 723 2778 patiens
761 2709 870 2781 neque
904 2687 1017 2756 alieni.
1067 2686 1185 2770 Qualis
1219 2688 1289 2757 eius
1318 2687 1384 2757 vita
1409 2685 1521 2765 buerit
1562 2683 1625 2754 etsi

421 2810 580 2902 praeclare
606 2810 808 2882 conscientia
833 2811 966 2903 publica
990 2820 1153 2891 teneatur,
1180 2809 1259 2881 buic
1281 2820 1392 2880 tamen
1417 2809 1626 2880 illustrandae

423 2955 480 3003 seu
510 2935 745 3026 patefaciendae
772 2945 868 3004 testes
895 2934 1070 3006 indubitati
1103 2935 1207 3006 videri
1233 2945 1369 3028 possunt
1393 2935 1431 3015 ii,
1474 2933 1531 3027 qui
1568 2956 1627 3004 sa·

422 3057 566 3128 erarium
592 3057 674 3128 illud
699 3058 887 3129 lubidinnm
912 3059 1022 3129 colere
1048 3069 1148 3151 atque
1172 3059 1349 3130 observare
1370 3069 1627 3128 consueverunt.

422 3182 507 3266 Quae
538 3205 652 3274 nugae,
690 3184 746 3255 Dii
780 3184 999 3255 immortales!
1047 3207 1122 3278 quae
1156 3193 1306 3275 portenta
1340 3183 1521 3254 sceleruml
1566 3183 1629 3277 qui

422 3306 599 3377 libidinum
626 3308 790 3398 gurgites!
825 3329 900 3400 quae
926 3308 1063 3377 seutinae
1089 3307 1310 3398 llagitioruml
1353 3307 1478 3377 Verum
1503 3307 1531 3375 is
1566 3331 1630 3377 ru-

422 3454 495 3501 mor
520 3454 651 3524 sparsus
677 3445 724 3502 est
748 3434 790 3503 de
816 3434 963 3504 moribus
988 3431 1150 3512 Catilinae,
1189 3453 1295 3522 eaque
1328 3431 1477 3522 gentium
1508 3431 1630 3523 opinio

422 3569 610 3649 pervagata,
636 3568 797 3650 quatenus
823 3558 1008 3628 existimem
1034 3580 1131 3628 voces
1161 3557 1247 3649 ipsas
1279 3555 1429 3648 publicas
1461 3577 1529 3624 uon
1563 3555 1633 3626 bo-

422 3680 550 3750 minum
580 3703 651 3749 esse
688 3681 745 3750 sed
761 3767 763 3774 Ι
779 3682 905 3752 oraculi
935 3682 1043 3774 potius
1076 3679 1325 3772 nuncupandas.
1380 3681 1517 3750 Famam
1543 3703 1633 3752 vero

421 3806 615 3897 popularem
640 3827 658 3873 a
684 3804 865 3875 maioribus
890 3805 1009 3875 nostris
1034 3781 1263 3898 sepenumero
1293 3804 1482 3896 accepimus
1513 3827 1634 3898 neque

421 3941 544 4001 temere
570 3953 718 4024 unquam
744 3931 942 4002 nascituram
969 3954 1052 4012 esse,
1086 3954 1195 4024 neque
1221 3941 1345 4000 temere
1370 3951 1580 4000 occasuram.

496 4078 543 4126 ιιι.
594 4058 704 4126 Decus
738 4057 820 4126 illud
855 4057 1029 4148 egregium
1068 4056 1216 4148 corporis
1251 4076 1317 4124 non
1356 4053 1397 4124 ad
1431 4052 1635 4144 dignitatem

422 4180 564 4250 nominis
591 4203 631 4249 ac
656 4180 783 4271 gloriae,
809 4179 904 4250 sicuti
932 4203 991 4271 par
1016 4190 1087 4250 erat
1112 4180 1240 4250 bomini
1265 4178 1471 4251 nobilissima
1497 4179 1637 4251 lamilia

423 4317 509 4388 nato,
542 4305 600 4374 sed
627 4305 672 4375 uti
699 4306 784 4376 latro
809 4304 1047 4397 perditissimus
1077 4306 1117 4377 ad
1143 4329 1243 4377 omne
1268 4328 1373 4397 genus
1399 4303 1517 4396 flagitii
1543 4326 1639 4376 con·

421 4430 594 4501 serendum
628 4431 728 4500 luisse
765 4453 896 4522 semper
930 4428 1103 4500 arbitratos
1143 4442 1201 4499 est.
1253 4430 1349 4501 Vires
1379 4429 1422 4500 ad
1455 4438 1637 4520 stuporem

420 4553 595 4624 bominum
613 4555 781 4648 praeclarae
808 4566 905 4648 atque
925 4554 1085 4624 inusitatae
1104 4566 1262 4648 perpetua
1281 4556 1485 4647 voluptatum
1503 4553 1638 4624 intern-

421 4679 568 4768 perantia
583 4691 657 4749 sunt
672 4678 885 4750 labefactatae.
920 4681 995 4748 Flos
1009 4680 1158 4771 pueritiae
1176 4680 1413 4750 venustissima
1431 4678 1473 4748 ad
1492 4679 1639 4750 iutuen-
1658 4651 1666 4688 ¹
