3526 5604
1269 623 1340 692 293

131 833 193 904 26.
218 832 349 902 Cassius
366 829 510 900 Hemina
528 830 562 898 in
580 831 626 900 lll
648 826 837 896 annalium:
864 825 897 895 in
915 846 1032 916 campo
1053 823 1182 893 Tiburti
1210 822 1266 893 ubi
1284 845 1342 892 or-

132 958 233 1027 deum
259 956 520 1026 demessuerunt.
571 956 754 1025 Pn'sca'onus
781 952 837 1034 10,
863 949 899 1033 8,
926 947 986 1021 47.
1013 952 1050 1020 de
1078 952 1131 1019 cii
1155 973 1234 1018 uera.
1263 950 1341 1017 Aen·

133 1077 167 1161 7,
185 1077 266 1150 132.
284 1082 342 1170 cfr.
360 1102 458 1172 supro
469 1102 505 1170 p.
520 1076 604 1158 277,
623 1075 682 1147 22.
783 1077 842 1144 27.
863 1072 995 1144 Cassius
1013 1071 1159 1142 Hemina
1171 1073 1341 1142 annalium

131 1203 265 1274 lib.lll:
292 1203 393 1273 bomo
411 1225 503 1272 mere
524 1203 701 1272 litterosus.
744 1201 868 1268 Nouius
882 1222 917 1290 p.
937 1194 1018 1278 133,
1046 1195 1080 1268 5.
1181 1197 1241 1268 28.
1269 1198 1341 1266 He-

133 1327 223 1396 mina
250 1329 285 1396 in
312 1351 431 1398 annos:
470 1327 672 1420 quicumque
706 1334 841 1416 propter
873 1322 1063 1416 plebitatem
1095 1344 1176 1412 agro
1206 1321 1340 1413 publico

134 1452 229 1521 eiecti
247 1463 335 1520 sunt.
373 1452 498 1520 Nonius
515 1476 550 1544 p.
573 1447 654 1530 149,
673 1445 708 1517 4.
808 1447 868 1516 29.
896 1445 1028 1516 Cassius
1053 1443 1198 1514 Hemina
1217 1445 1275 1515 lib.
1294 1447 1341 1516 lll

135 1571 267 1661 [llll‘l]:
294 1576 416 1644 mulier
440 1575 593 1645 cantabat
619 1571 706 1643 tibiis
727 1571 869 1664 Frygiis,
897 1581 929 1640 et
953 1571 1058 1640 altera
1076 1569 1339 1662 cymbalissabat.

132 1697 256 1768 Nonius
278 1721 314 1789 p.
341 1697 400 1779 90,
426 1695 486 1768 24.
589 1697 647 1767 30.
684 1695 816 1766 Cassius
847 1696 993 1764 Hemina
1027 1718 1070 1764 ex
1103 1693 1340 1786 antiquissimis

134 1833 249 1893 auctor
281 1833 348 1904 cst,
389 1821 532 1913 primum
565 1843 584 1889 e
612 1819 748 1889 medicis
780 1818 908 1888 venisse
942 1820 1083 1888 Romam
1110 1818 1340 1910 Peloponneso

134 1943 387 2035 Archagathum
409 1944 573 2036 Lysaniae
599 1943 706 2014 filium
733 1945 772 2013 L.
791 1943 937 2012 Aemilio
961 1944 1007 2014 Μ.
1029 1942 1123 2012 Livio
1150 1941 1340 2011 consulibus

135 2092 222 2138 anno
248 2069 341 2138 urbis
366 2069 532 2150 DXXXV,
564 2067 663 2160 eique
690 2068 740 2136 ius
767 2066 947 2150 Quiritium
973 2067 1086 2136 datum
1113 2077 1144 2134 et
1170 2067 1340 2135 tabernam

135 2193 170 2263 in
192 2193 337 2286 compito
362 2192 473 2262 Acilio
499 2203 643 2285 emptam
676 2191 719 2260 ob
752 2191 784 2260 id
816 2190 960 2284 publice.
1001 2191 1237 2260 vulnerarium
1263 2211 1340 2258 cum

136 2318 234 2387 luisse
261 2339 338 2386 ere
365 2315 490 2385 dictum
516 2315 667 2406 mireque
694 2325 826 2405 gratum
845 2314 1024 2386 adveutum
1042 2315 1112 2384 eius
1130 2314 1235 2396 initio,
1262 2336 1341 2383 mox

137 2440 308 2510 asnevitia
331 2437 466 2507 secandi
492 2437 678 2528 urendique
702 2441 859 2508 transisse
883 2461 1006 2509 nomen
1032 2440 1066 2508 in
1093 2439 1283 2508 carnificem
1309 2448 1341 2506 et

136 2565 169 2633 in
193 2563 342 2634 taedium
367 2573 471 2632 artem
496 2584 677 2654 omnesque
703 2561 863 2632 medicos.
903 2565 1028 2633 Plinius
1047 2577 1113 2634 not.
1134 2565 1207 2632 hist.
1227 2561 1285 2642 29,
1307 2563 1339 2644 1,

139 2684 271 2759 1213.
373 2684 432 2755 31.
467 2685 598 2755 Cassius
623 2685 743 2755 Emina
776 2688 930 2757 annalem
966 2711 1061 2758 suum
1096 2697 1251 2780 quartum
1277 2685 1340 2755 hoc

137 2811 228 2882 titulo
244 2809 428 2901 inscripsit:
455 2805 581 2878 bellum
595 2809 756 2879 Punicum
770 2811 943 2902 posterior.
962 2813 1146 2881 &suanus
1156 2810 1190 2894 7,
1206 2809 1261 2891 13,
1281 2809 1339 2881 69.

138 2935 193 3004 32.
219 2935 333 3004 Eabus
347 2931 447 3002 etiam
465 2955 526 3026 pro
544 2932 592 3002 eis
611 2985 619 3001 .
640 2985 648 3002 .
669 2986 677 3002 .
704 2935 849 3004 Hemina
867 2936 1002 3027 protulit
1018 2936 1053 3003 in
1073 2937 1135 3005 llll
1153 2935 1339 3005 annalium:

138 3057 244 3130 scriba
261 3056 463 3150 pontificius,
489 3056 548 3151 qui
575 3079 650 3127 cum
677 3057 778 3127 eabus
804 3070 955 3151 stuprum
974 3060 1107 3129 lecerat.
1146 3060 1234 3131 Dicit
1252 3060 1341 3129 enim

137 3183 175 3252 de
192 3181 392 3252 Vestalibus.
425 3182 609 3251 Priscianus
625 3180 658 3264 7,
673 3179 707 3263 3,
729 3181 785 3253 11.
887 3183 945 3253 33.
974 3185 1134 3276 Utrasque
1149 3208 1209 3278 pro
1222 3186 1342 3256 utrim-

137 3330 200 3402 que
224 3306 281 3376 rel
300 3306 486 3400 utrobique.
525 3307 673 3376 Hemina
699 3306 911 3379 historiarum
937 3310 995 3379 lib.
1017 3313 1095 3381 llll:
1126 3311 1161 3380 in
1180 3311 1342 3403 Hispania

138 3442 320 3524 pugnatum
345 3432 407 3512 bis,
434 3441 591 3524 utrasque
617 3433 721 3501 nostri
748 3433 820 3502 loco
847 3435 940 3504 moti.
983 3438 1108 3506 Nonius
1125 3460 1157 3528 p.
1180 3433 1261 3516 183,
1281 3435 1341 3506 23.

138 3553 194 3623 dl.
229 3554 377 3624 Hemina
417 3555 587 3625 annalium
627 3556 685 3627 lib.
703 3558 802 3626 llll:
850 3583 892 3628 ex
930 3559 1043 3628 Tiberi
1077 3560 1161 3629 lacte
1195 3559 1341 3628 haurire.

136 3678 263 3747 Nonius
277 3701 313 3769 p.
335 3675 419 3762 483,
446 3675 481 3749 4.
581 3678 640 3748 35.
669 3680 800 3752 Cassius
822 3682 967 3752 Hemina
987 3683 1159 3753 annalium
1179 3683 1237 3754 lib.
1263 3685 1338 3752 llll:

137 3824 234 3871 nemo
252 3800 545 3872 vicinusconsedo.
562 3804 687 3872 Nonius
699 3830 734 3897 p.
745 3803 874 3886 62,24.
976 3807 1036 3876 36.
1053 3808 1183 3879 Cassius
1197 3808 1342 3877 Hemina

137 3925 351 3995 historiarum
369 3925 428 3996 lib.
442 3927 520 3996 llll:
540 3949 606 4021 qua
623 3927 682 3997 lini
695 3929 803 3997 omnis
816 3953 869 3999 res
883 3941 981 4022 atque
995 3953 1109 4001 omnes
1122 3936 1211 4001 artes'
1221 3931 1343 4000 huma-

138 4050 223 4120 nitus
234 4060 390 4139 aguntur.
409 4050 534 4120 Nonius
544 4073 579 4142 p.
598 4050 681 4133 205,
699 4050 754 4122 13.
771 4050 854 4135 514,
877 4053 932 4124 17.
1034 4055 1092 4125 37.
1121 4055 1252 4126 Cassius
1271 4057 1343 4124 He-

137 4174 229 4244 mina
244 4172 482 4244 vetnstissimus
497 4184 612 4245 auctor
626 4177 798 4246 annalium
811 4189 929 4271 quarto
947 4201 1062 4248 eorum
1082 4179 1168 4249 libro
1188 4178 1342 4271 prodidit,

139 4299 199 4369 Cn.
221 4298 415 4368 Terentium
440 4299 581 4370 scribam
608 4322 725 4392 agrum
743 4324 839 4371 suum
862 4302 895 4370 in
913 4303 1065 4373 laniculo
1084 4302 1343 4396 repastinantem

139 4423 313 4493 offendisse
328 4445 453 4506 arcam,
471 4421 506 4490 in
524 4447 590 4515 qua
602 4425 723 4506 Numa,
737 4424 795 4516 qui
810 4426 1106 4517 Romaeregnavit,
1126 4427 1206 4496 situs
1219 4427 1342 4496 luisset.

142 4549 177 4618 ln
203 4549 320 4620 eadem
346 4549 449 4620 libros
475 4551 546 4619 eius
571 4561 719 4641 repertos
744 4551 781 4618 P.
810 4551 966 4622 Cornelio
992 4552 1031 4622 L.
1057 4553 1079 4621 l.
1107 4551 1266 4644 Cethego,
1299 4553 1343 4622 Μ.

143 4671 263 4743 Baebio
295 4673 337 4756 Q.
367 4675 389 4743 1.
419 4673 594 4767 Tamphilo
621 4675 826 4756 consulibus,
864 4677 904 4746 ad
932 4700 1015 4768 quos
1041 4701 1059 4746 a
1086 4699 1190 4769 regno
1215 4678 1343 4747 Numae
