3554 5600
440 657 510 725 ΗΞ

438 877 513 950 quse
539 857 609 949 ipse
635 857 766 950 corpori
792 867 848 926 tuo
874 857 982 950 turpia
1007 881 1073 928 ncn
1096 857 1257 939 duxisses,
1285 858 1319 927 in
1337 858 1413 928 aliis
1430 859 1639 951 experireris.

438 981 485 1051 lta
498 991 623 1051 nonest
639 981 739 1052 facile
756 989 927 1072 exputare,
946 983 1059 1050 Patres
1073 981 1262 1075 conscripti,
1280 991 1391 1053 utrum
1407 981 1642 1052 inhonestiori-

438 1105 499 1176 hus
533 1104 681 1198 corporis
712 1105 858 1198 partibus
889 1127 959 1184 rem
992 1107 1180 1199 quesierit,
1215 1129 1259 1176 an
1291 1107 1451 1177 amiserit.
1497 1109 1642 1178 Domum

438 1239 610 1322 paternam
620 1230 695 1300 vivo
708 1241 801 1323 patre
818 1230 1007 1323 turpissime
1024 1231 1177 1300 venalem
1190 1230 1317 1314 hahuit,
1335 1231 1492 1302 vendidit.
1518 1233 1643 1302 Etoui-

439 1375 540 1446 quam
557 1353 695 1424 dubium
705 1364 810 1447 potest
830 1375 913 1436 esse,
931 1353 1013 1447 quin
1028 1354 1114 1422 mori
1131 1355 1280 1446 coegerit
1296 1377 1384 1436 eum,
1403 1375 1469 1447 quo
1486 1355 1541 1425 hic
1560 1377 1643 1424 non-

439 1479 519 1550 dum
545 1487 673 1546 mortuo
697 1497 759 1567 pro
785 1474 909 1547 herede
939 1477 1080 1568 gesserit
1103 1478 1241 1548 omnial
1279 1479 1396 1572 Neque
1429 1476 1530 1572 pudet
1566 1501 1641 1548 enm

440 1623 533 1672 ame
557 1621 720 1694 quaerere,
746 1599 821 1690 quis
846 1599 881 1669 in
906 1603 942 1670 P.
957 1599 1067 1670 Crassi
1094 1600 1193 1671 domo
1218 1601 1363 1683 habitet;
1380 1624 1469 1672 -cum
1492 1605 1565 1696 ipse
1585 1626 1644 1672 re-

439 1724 603 1818 spondere
628 1746 695 1793 non
721 1733 833 1815 queat,
858 1723 933 1818 quis
959 1725 992 1793 in
1018 1724 1121 1818 ipsius
1146 1724 1272 1795 habitet
1296 1737 1435 1818 paterna
1452 1727 1564 1798 domo.
1605 1731 1646 1798 At

440 1848 578 1921 hercule
613 1849 725 1941 lapsus
756 1847 860 1916 eutis
891 1847 1053 1932 tirocinio,
1090 1859 1206 1943 postea
1229 1872 1265 1918 se
1291 1853 1445 1922 correxit.
1496 1854 1573 1922 Non
1604 1852 1644 1921 ita

440 1984 503 2045 ast:
531 1974 589 2045 sed
606 1973 687 2045 ahiit
712 1974 746 2042 in
772 1972 969 2045 sodalicium
990 1974 1158 2066 sacrilegii
1173 1975 1364 2075 Nigidiani:
1388 1975 1440 2046 his
1466 1975 1508 2046 ad
1526 1975 1644 2048 iudicis

440 2097 598 2169 subsellia
623 2106 788 2178 attractus,
822 2108 972 2167 extrema
996 2098 1129 2169 fortuna
1154 2100 1264 2168 stetit:
1297 2109 1330 2169 et
1354 2099 1399 2169 ita
1425 2099 1586 2182 discessit,
1612 2111 1646 2170 ut

441 2245 508 2294 non
534 2223 589 2293 hic
614 2221 773 2291 innocens
798 2243 886 2304 esse,
921 2221 979 2292 sed
1013 2222 1138 2293 iudices
1172 2222 1339 2315 peierasse
1368 2225 1645 2294 existimarentur.

441 2349 590 2419 Primum
615 2346 777 2416 honorem
803 2345 838 2416 in
863 2358 1028 2439 quaestura
1054 2348 1203 2441 adeptus,
1242 2348 1332 2418 hunc
1357 2349 1466 2419 locum
1499 2359 1532 2419 et
1558 2349 1646 2419 hunc

441 2475 591 2546 ordinem
618 2473 779 2566 despexit,
812 2473 905 2544 cuius
931 2474 1037 2544 aditus
1062 2475 1126 2545 sihi
1151 2497 1297 2569 quoque,
1333 2476 1560 2547 sordidissimo
1586 2473 1647 2542 ho-

441 2599 536 2682 mini,
567 2598 734 2692 patuisset.
783 2601 896 2691 ltaque
923 2597 1053 2682 timens,
1080 2623 1122 2669 ne
1148 2601 1296 2671 lacinora
1324 2623 1384 2671 sua
1408 2601 1494 2670 clam
1518 2621 1578 2667 vos
1595 2619 1657 2682 es·-

442 2736 525 2806 sent,
558 2747 634 2795 curn
666 2721 819 2795 omnibns
845 2735 988 2795 matrum
1014 2723 1216 2795 familiarum
1242 2725 1321 2796 viris
1346 2726 1525 2821 opprobrio
1551 2733 1646 2802 esset»

443 2850 612 2919 consessus
642 2859 700 2928 est,
734 2849 828 2920 vohis
859 2850 1081 2931 audientibus,
1122 2849 1336 2934 adulterium,
1374 2873 1482 2945 neque
1517 2850 1648 2920 eruhuit

443 2995 503 3043 ora
528 2984 646 3043 vestra.
673 2995 719 3043 vr.
757 2975 901 3058 Vireris,
929 2985 965 3046 ut
990 2975 1081 3060 lihet,
1108 2977 1246 3059 Salusti3
1278 2977 1398 3068 egeris,
1431 2997 1506 3069 quaa
1533 2977 1648 3047 volae-

442 3097 506 3166 ris:
537 3099 615 3167 satis
640 3099 692 3181 sit,
724 3122 829 3169 unum
856 3111 887 3169 te
913 3110 1046 3171 tuorum
1071 3100 1235 3171 scelerum
1261 3101 1430 3172 conscium
1455 3123 1545 3172 esse:
1581 3101 1649 3170 noli

443 3223 539 3292 nohis
566 3224 760 3316 languorem
787 3235 819 3292 et
843 3247 997 3317 soporem
1019 3225 1161 3295 nimium
1179 3225 1393 3318 exprobrare.
1433 3227 1554 3296 Sumus
1573 3227 1649 3297 dili-

444 3356 560 3438 gentes
587 3348 769 3418 intuenda
796 3347 954 3440 pudicitia
979 3373 1123 3420 urorum
1141 3360 1343 3420 nostrarum:
1374 3350 1502 3420 sedita
1528 3373 1648 3443 exper-

444 3472 525 3542 recti
549 3493 616 3542 non
641 3495 765 3554 sumus,
793 3484 829 3544 ut
854 3496 874 3542 a
899 3482 931 3542 te
953 3496 1075 3544 cavere
1100 3473 1274 3566 possimus.
1316 3473 1468 3545 Audacia
1493 3484 1551 3545 tua
1576 3477 1649 3546 rin*

445 3598 490 3667 cit
510 3596 616 3667 studia
634 3607 755 3667 nostra.
779 3597 919 3691 Ecquod
938 3595 1028 3668 hunc
1045 3621 1179 3668 movere
1199 3599 1311 3692 possit,
1329 3601 1442 3669 Patres
1460 3600 1647 3694 conscripti,

445 3725 567 3794 lactum
593 3734 651 3792 aut
676 3723 801 3793 dictum
825 3733 933 3816 turpe,
967 3746 1067 3816 quem
1094 3747 1161 3794 non
1186 3725 1305 3818 puduit
1329 3726 1440 3819 palam
1466 3726 1563 3796 vohis
1589 3749 1649 3796 au·

445 3846 611 3918 dientihus
626 3923 630 3928 .
645 3846 845 3918 adulterium
883 3847 1054 3918 confiteri?
1099 3847 1196 3931 Quod
1231 3850 1258 3918 si
1292 3849 1377 3920 nihil
1409 3873 1470 3943 pro
1501 3874 1556 3921 me
1592 3851 1648 3920 tihi

444 3973 651 4068 respondere
668 3975 857 4058 voluissem,
891 3975 948 4045 sed
967 3973 1050 4046 illud
1069 3976 1256 4047 censorium
1275 3978 1421 4068 elogium
1438 3978 1503 4069 Ap.
1522 3976 1652 4048 Claudii

446 4110 478 4171 et
503 4103 541 4172 L.
560 4098 700 4181 Pisonis,
735 4098 1026 4190 integerrimorum
1051 4099 1210 4184 virorum,
1240 4123 1307 4196 qno
1333 4124 1411 4172 usus
1436 4111 1485 4170 est
1509 4102 1649 4196 quisque

446 4246 574 4304 eorum,
602 4247 663 4316 pro
689 4224 764 4314 lege
787 4224 897 4316 palam
915 4224 1077 4294 universis
1095 4225 1288 4296 recitarem:
1315 4249 1426 4296 nonne
1443 4226 1502 4297 tihi
1520 4226 1650 4296 viderer

446 4357 587 4418 aeternas
620 4346 754 4418 inurere
785 4348 951 4432 maculas,
991 4371 1073 4442 quas
1107 4350 1238 4442 reliqua
1267 4351 1334 4422 vita
1363 4359 1418 4421 tua
1444 4351 1558 4420 eluere
1583 4372 1647 4419 non

445 4472 568 4565 possiti
606 4476 723 4566 Neque
748 4483 822 4565 post
844 4472 941 4543 illum
967 4473 1129 4543 delectum
1164 4484 1295 4544 senatus
1320 4484 1352 4544 te
1378 4497 1538 4567 nmquam
1564 4475 1649 4546 vidi·

446 4621 532 4680 mus,
566 4597 630 4667 nisi
656 4597 739 4668 lorte
765 4598 799 4666 in
826 4620 865 4668 ea
890 4607 922 4666 te
949 4609 1056 4668 castra
1082 4598 1263 4680 coniecisti,
1293 4622 1360 4694 qno
1388 4600 1497 4670 omnis
1522 4601 1647 4670 sentina

445 4722 494 4792 rei
523 4722 666 4815 publicae
698 4723 915 4794 conduxerat.
957 4725 999 4794 At
1026 4724 1114 4793 idem
1142 4725 1313 4804 Salustius,
1350 4725 1466 4816 quiin
1499 4747 1581 4816 pace
1606 4747 1645 4793 ne
