3582 5594
177 843 274 916 cuius
299 841 480 914 sceleribus
504 849 595 913 tanta
620 848 757 935 pramla
781 842 964 916 tribuistis?
1002 846 1045 916 At
1070 845 1196 916 scilicet
1220 867 1286 929 eos,
1322 846 1380 939 qni

177 969 219 1039 ad
236 979 441 1062 postcomm
458 989 563 1062 usque
579 968 715 1059 legatos,
743 991 869 1061 pacem,
896 969 1107 1040 concordiam
1129 979 1161 1040 et
1180 969 1246 1040 alia
1264 968 1380 1041 buius-

177 1093 309 1164 cemodi
332 1093 560 1177 decreverunt,
584 1095 724 1185 gratiam
750 1093 793 1163 ab
819 1117 859 1164 eo
884 1095 1062 1189 peperisse.
1104 1098 1212 1166 lmmo
1232 1095 1377 1188 despecti

178 1228 210 1288 et
234 1215 366 1309 indigni
391 1241 429 1290 re
455 1219 587 1311 publica
612 1218 726 1300 babiti,
753 1219 873 1312 praedae
898 1220 972 1290 loco
998 1230 1226 1292 aestnmantur:
1256 1221 1378 1314 quippe

177 1351 267 1414 metu
292 1365 411 1435 pacem
435 1353 630 1437 repetentes,
664 1366 731 1438 quo
757 1342 902 1414 babitam
931 1345 1118 1415 amiserant.
1167 1345 1334 1436 Equidem
1358 1368 1378 1415 a

177 1467 356 1561 principio,
382 1489 457 1539 cum
482 1468 651 1539 Etruriam
677 1469 861 1552 coniurare,
887 1472 1085 1564 proscriptos
1110 1470 1247 1551 accersi,
1273 1468 1378 1560 largi·

178 1591 323 1662 tionibus
357 1613 430 1662 rem
463 1591 631 1686 publicam
657 1593 795 1664 lacerari
819 1595 985 1678 videbam,
1024 1594 1257 1666 maturandum
1281 1602 1379 1687 pnta-

178 1715 266 1797 bam,
295 1725 329 1785 et
346 1716 455 1787 Catuli
476 1717 615 1786 consilia
640 1740 716 1786 cnm
737 1718 852 1811 paneis
869 1729 999 1789 secutus
1015 1743 1100 1790 sum.
1143 1719 1299 1790 Ceterum
1316 1717 1377 1802 illi,

178 1840 235 1932 qui
262 1840 372 1932 gentis
397 1839 550 1911 Aemilia
576 1838 750 1911 benefacta
775 1843 987 1926 extollebant,
1026 1853 1058 1913 et
1091 1841 1292 1935 ignoscendo
1317 1864 1379 1935 po-

177 1965 247 2058 puli
273 1964 418 2034 Romani
441 1965 703 2055 magnitudinem
730 1966 870 2048 auxisse,
902 1989 1066 2062 nusquam
1091 1968 1191 2038 etiam
1215 1975 1286 2037 tum
1311 1968 1379 2036 Le·

177 2087 293 2182 pidum
325 2109 538 2180 progressum
570 2087 712 2172 aiebant,
757 2113 832 2160 cum
867 2093 993 2185 privata
1027 2113 1120 2162 arma
1150 2090 1377 2185 opprimundae

176 2213 338 2284 libertatis
364 2213 517 2306 cepisset:
552 2213 614 2282 sibi
640 2215 781 2308 quisque
806 2237 884 2308 opes
909 2225 966 2285 aut
990 2215 1173 2308 patrocinia
1197 2215 1377 2307 qnaerendo

176 2337 354 2408 consilinm
387 2338 557 2430 publicum
588 2348 815 2431 corruperunt.
862 2340 1000 2410 Attum
1030 2349 1100 2408 erat
1124 2339 1269 2431 Lepidus
1294 2339 1377 2409 latro

175 2485 252 2532 cnm
279 2462 452 2533 calonibus
477 2476 510 2533 et
533 2463 647 2556 paucis
672 2462 810 2544 sicariis,
849 2485 990 2556 qnorum
1015 2437 1119 2532 nemo
1144 2462 1263 2533 diurna
1288 2484 1377 2532 mer·

175 2587 257 2659 cede
274 2587 376 2658 vitam
392 2588 586 2659 mutaverit:
611 2610 701 2657 nnnc
718 2598 767 2657 est
789 2588 1003 2680 proconsule
1028 2611 1104 2657 cnm
1130 2586 1282 2680 imperio,
1310 2607 1376 2656 non

175 2721 299 2805 apto,
335 2710 393 2780 sed
419 2711 496 2782 dato
520 2734 540 2780 a
564 2710 668 2793 vobis,
695 2733 770 2781 cum
797 2710 911 2802 legatis
933 2709 1043 2780 adbuc
1071 2710 1143 2780 inre
1168 2709 1375 2802 parentibus:

176 2847 210 2906 et
233 2835 277 2905 ad
294 2857 372 2906 eum
390 2857 588 2906 concurrere
605 2834 756 2906 homines
774 2835 923 2905 omnium
940 2834 1094 2904 ordinum
1111 2833 1375 2927 corruptissnmi;

175 2959 357 3052 flagrantes
382 2958 494 3052 inopia
523 2968 557 3029 et
584 2959 804 3054 cupidinibus,
839 2959 1002 3029 scelerum
1036 2957 1234 3028 conscientia
1260 2957 1377 3050 exagi-

175 3085 246 3168 tati,
287 3084 409 3178 quibus
441 3085 535 3179 quies
567 3085 601 3156 in
635 3085 861 3168 seditionibus,
896 3085 930 3154 in
963 3107 1046 3178 pace
1071 3084 1175 3155 turbae
1200 3095 1297 3154 sunt:
1339 3078 1377 3152 bi

176 3211 355 3280 tumultum
373 3233 416 3280 ex
431 3211 584 3292 tumultu,
610 3209 737 3282 bellum
762 3233 805 3280 ex
829 3207 919 3279 bello
943 3218 1070 3290 serunt;
1097 3208 1264 3279 Saturnini
1281 3207 1373 3288 olim,

175 3343 249 3428 post
275 3334 426 3427 Sulpicii,
453 3335 529 3405 dein
555 3337 640 3407 ldari
656 3335 927 3428 Damasippique,
953 3356 1043 3404 nnnc
1067 3333 1184 3426 Lepidi
1208 3331 1376 3402 satellites.

176 3459 344 3528 Prteterea
373 3458 508 3529 Etrmia
531 3468 629 3552 atqne
652 3482 767 3528 omnes
791 3456 942 3551 reliquie
967 3455 1047 3528 belli
1072 3466 1226 3528 arrectae:
1255 3456 1379 3546 Hispa-

177 3581 242 3651 niae
268 3580 371 3651 armis
395 3581 560 3652 sollicite:
594 3583 799 3654 blitbridatcs
824 3583 858 3651 in
884 3585 987 3653 latere
1012 3581 1223 3673 vectigalium
1248 3591 1378 3651 nostro-

175 3729 264 3788 rum,
290 3705 413 3798 quibus
429 3706 538 3778 adbuc
554 3717 787 3790 sustentamur,
813 3706 901 3776 diem
926 3706 1015 3777 bello
1034 3704 1268 3798 circumspicit:
1295 3705 1376 3796 quin

176 3839 297 3921 preter
313 3830 471 3903 idoneum
489 3833 607 3904 ducem
624 3831 708 3901 nibil
727 3831 819 3903 abest
840 3832 882 3901 ad
906 3828 1165 3902 subvortundum
1188 3827 1375 3920 imperium.

177 3955 275 4039 Quod
302 3979 366 4048 ego
391 3979 448 4028 vos
473 3979 533 4027 oro
563 3967 662 4050 atque
688 3956 836 4038 obsecro,
874 3957 985 4025 Patres
1016 3951 1202 4044 conscripti,
1241 3964 1277 4023 nt
1302 3953 1376 4023 ani·

176 4081 406 4163 madvortatis;
437 4104 503 4152 neu
528 4081 699 4173 patiamini
732 4081 901 4151 licentiam
932 4081 1093 4150 scelerum
1125 4077 1221 4171 quasi
1249 4077 1377 4148 rabiem

176 4205 217 4278 ad
243 4206 389 4297 integros
416 4216 566 4278 contactu
599 4205 789 4299 procedere.
836 4205 920 4275 Nam
950 4203 1007 4274 ubi
1033 4203 1137 4273 malos
1162 4201 1299 4294 praemia
1323 4224 1377 4270 se-

176 4347 306 4418 cuntur,
346 4335 428 4404 baut
451 4332 547 4403 lacilc
572 4331 747 4427 quisquam
772 4329 915 4422 gratuito
940 4327 1046 4398 bonus
1072 4338 1128 4398 est.
1174 4329 1228 4398 An
1255 4349 1375 4419 expec-

176 4462 249 4532 tatis
274 4461 355 4531 dum
380 4456 528 4529 exercitu
552 4478 665 4527 rursus
690 4455 833 4536 admoto,
864 4453 953 4522 ierro
977 4462 1075 4546 atque
1101 4450 1234 4520 flamma
1258 4449 1376 4520 urbem

176 4582 327 4657 invaditl
373 4581 461 4676 qnod
496 4581 600 4650 multo
634 4579 769 4674 propius
801 4587 850 4647 est
881 4577 922 4648 ab
952 4599 1002 4660 eo,
1037 4598 1104 4671 quo
1129 4574 1242 4668 agitat,
1281 4582 1375 4655 statu,

176 4731 277 4801 mam
304 4731 347 4778 ex
372 4729 454 4799 pace
480 4715 514 4774 et
538 4703 713 4774 concordia
740 4701 782 4772 ad
807 4724 900 4772 arma
922 4701 1045 4785 civilia3
1075 4721 1148 4794 qnae
1173 4698 1231 4769 ille
1257 4699 1377 4770 advor-
