3610 5592
1331 653 1377 725 33

175 842 293 914 sortem
324 854 424 936 atque
457 855 648 928 strenuum,
684 857 772 918 certe
797 849 880 933 scio,
914 875 988 944 quae
1022 852 1158 936 dixerit,
1192 854 1297 925 studio
1328 856 1378 925 rei

173 968 318 1060 publicae
345 967 481 1050 dixisse,
516 993 625 1064 neque
651 971 746 1043 illum
777 973 810 1042 in
835 984 923 1046 tanta
952 1000 989 1046 rc
1014 978 1155 1069 gratiam
1185 988 1241 1049 ant
1265 977 1378 1048 inimi-

175 1093 268 1162 citius
294 1115 470 1173 exercerc3
511 1115 566 1164 eos
598 1117 708 1164 mores
742 1118 882 1190 eamque
916 1097 1108 1170 modestiam
1140 1101 1203 1171 viri
1228 1104 1377 1193 cognovi.

174 1217 300 1287 Verum
327 1217 486 1286 sententia
512 1217 582 1288 eius
611 1217 695 1288 mibi
719 1241 785 1289 non
816 1219 974 1304 crudelis,
1007 1213 1099 1314 (quid
1125 1224 1216 1293 enim
1241 1226 1275 1296 in
1299 1227 1380 1297 tales

176 1340 327 1412 homines
354 1342 488 1415 crudele
513 1342 584 1413 lieri
611 1340 751 1437 petestl)
787 1345 844 1416 sed
871 1346 980 1416 aliena
1005 1371 1025 1417 a
1049 1372 1086 1419 re
1111 1349 1245 1442 publica
1269 1361 1379 1420 nostra

175 1467 319 1537 videtum.
356 1470 440 1537 Nam
466 1469 613 1561 prolecto
638 1479 695 1538 aut
720 1481 826 1540 metus
841 1481 898 1542 aut
916 1473 1036 1542 iniuria
1061 1482 1104 1556 te,
1131 1473 1254 1555 Silene,
1280 1475 1381 1545 sube-

175 1589 240 1680 git‚
280 1591 449 1661 consulem
489 1590 713 1682 designatum,
751 1615 856 1684 genus
887 1617 994 1688 poenae
1027 1617 1148 1666 novum
1189 1596 1379 1667 decernere.

173 1715 226 1784 lle
253 1715 371 1784 timore
395 1703 674 1806 supervacaneum
709 1727 759 1785 est
792 1717 969 1801 disserere,
997 1741 1071 1788 cum
1096 1721 1279 1812 praesertim
1303 1720 1381 1791 dili-

175 1838 288 1931 geutia
315 1839 497 1909 clarissumi
533 1839 595 1909 viri
630 1840 774 1910 consulis
808 1850 895 1911 tanta
920 1841 1072 1934 presidia
1105 1843 1168 1912 sint
1201 1844 1236 1913 in
1269 1847 1379 1916 armis.

175 1964 227 2034 De
262 1987 361 2057 pmna
394 1987 524 2058 possum
559 1965 714 2058 equidem
747 1965 879 2049 dicere,
912 1967 944 2036 id
980 1966 1068 2061 quod
1094 1991 1147 2037 res
1185 1968 1300 2039 babet:
1348 1970 1380 2040 in

175 2088 268 2158 luctu
294 2099 392 2181 atque
418 2088 558 2157 miseriis
574 2099 713 2158 mortem
726 2111 947 2160 erumnarum
972 2091 1135 2183 requiem,
1160 2112 1227 2159 non
1252 2091 1381 2162 crucia-

176 2225 248 2284 tum
274 2237 362 2295 esse,
389 2237 464 2284 eam
489 2224 606 2285 cuncta
623 2214 812 2285 mortalium
829 2216 916 2285 mala
941 2216 1135 2296 dissolvere;
1162 2217 1249 2286 ultra
1273 2237 1381 2308 neque

177 2360 265 2408 curm
294 2360 404 2430 neque
429 2337 553 2428 gaudio
586 2338 694 2407 locum
734 2359 815 2406 esse.
854 2337 937 2418 Sed,
972 2361 1032 2430 per
1060 2337 1138 2408 deos
1173 2338 1380 2410 inmortales!

178 2464 397 2554 quamobrem
423 2463 456 2534 iu
482 2466 676 2535 sententiam
703 2487 768 2534 non
793 2464 963 2547 addidisti,
999 2466 1045 2536 nti
1070 2467 1160 2559 prius
1192 2467 1382 2537 verberibus

179 2587 213 2657 in
240 2611 296 2657 eos
321 2587 658 2660 animadverteretur?
701 2590 754 2659 An
785 2589 862 2682 quia
887 2590 943 2658 lex
967 2590 1084 2660 Porcia
1117 2591 1225 2660 vetati
1249 2601 1283 2660 at
1307 2591 1382 2660 aliae

179 2711 269 2802 leges
295 2712 374 2781 item
387 2711 612 2782 condemnatis
627 2713 753 2784 civibus
778 2735 843 2782 non
862 2713 1007 2784 animam
1033 2713 1135 2806 eripi,
1161 2714 1217 2785 sed
1242 2714 1382 2784 exilium

180 2835 324 2926 permitti
350 2835 474 2906 iubent.
517 2838 569 2906 An
601 2837 680 2929 quia
711 2837 844 2927 gravius
870 2848 919 2906 est
935 2836 1104 2907 verberari
1122 2859 1222 2930 quam
1247 2838 1382 2908 necari?
1413 2853 1415 2858 '

152 2961 258 3055 .quid
284 2973 394 3032 antem
407 2961 563 3032 acerbum
580 2972 638 3031 ant
662 2960 760 3030 nimis
787 2982 887 3051 grave
901 2971 950 3030 est
975 2961 1009 3030 in
1025 2961 1176 3031 homines
1201 2960 1282 3031 tanti
1298 2961 1382 3031 laci-

180 3085 267 3155 noris
294 3085 486 3154 convictos‘l
525 3085 583 3154 Sin
609 3084 687 3177 qnia
712 3084 817 3155 levius
843 3096 907 3166 est,
934 3085 992 3178 qui
1017 3085 1168 3156 convenit
1194 3085 1227 3154 in
1252 3085 1381 3154 minore

180 3211 312 3301 negotio
339 3210 449 3300 legem
484 3209 620 3290 timere,
655 3230 732 3279 cnm
763 3231 836 3278 eam
870 3208 905 3278 iu
931 3208 1055 3278 maiore
1080 3207 1289 3300 neglexeris?
1338 3208 1382 3277 At

180 3335 268 3404 enim
294 3334 369 3428 quis
394 3332 632 3425 reprehendet,
659 3330 746 3425 qnod
772 3332 805 3400 in
824 3330 1008 3424 parricidas
1024 3333 1073 3402 rei
1097 3331 1239 3425 publicae
1265 3330 1383 3401 decre-

180 3469 246 3530 tum
274 3457 360 3528 eritl
385 3467 530 3550 tempus,
557 3456 641 3538 dies,
668 3457 814 3536 lortuna,
841 3455 933 3526 cuius
951 3455 1065 3526 lubido
1089 3455 1242 3546 gentibus
1265 3455 1383 3526 mode-

179 3595 281 3655 ratur.
333 3582 404 3652 Illis
428 3581 546 3650 merito
571 3579 716 3661 accidet,
750 3578 908 3672 quicquid
943 3577 1107 3660 evenerit;
1143 3589 1287 3650 ceterum
1313 3601 1382 3662 vos,

180 3719 290 3800 patres
314 3705 510 3798 conscripti,
536 3703 616 3798 quid
642 3704 676 3772 in
701 3703 784 3772 alios
809 3703 973 3785 statuatis,
999 3701 1216 3773 considerate.
1261 3702 1384 3774 Omnia

181 3832 269 3902 mala
294 3830 447 3921 exempla
480 3851 523 3897 ex
552 3829 651 3899 rebus
680 3826 774 3897 bonis
806 3838 877 3896 orta
902 3836 995 3906 sunt;
1030 3826 1087 3897 sed
1120 3826 1178 3897 ubi
1207 3826 1383 3919 imperium

182 3956 221 4024 ad
246 3956 382 4046 ignaros
399 3953 488 4023 cives
513 3952 696 4023 autminus
714 3951 818 4020 bonos
834 3951 1000 4043 pervenit,
1026 3973 1149 4020 novum
1166 3951 1249 4020 illud
1268 3974 1383 4022 exem-

183 4079 273 4171 plum
298 4079 342 4149 ab
367 4077 476 4168 dignis
502 4086 534 4145 et
558 4075 684 4146 idoneis
709 4075 750 4146 ad
777 4074 930 4165 indignos
960 4083 991 4144 et
1024 4098 1090 4144 non
1116 4075 1251 4145 idoneos
1276 4086 1383 4145 nans·

185 4203 294 4272 fertur.
333 4200 579 4273 Lacedaemonii
604 4199 739 4270 devictis
764 4198 1022 4269 Atheniensibus
1048 4199 1182 4290 triginta
1207 4199 1292 4270 viros
1317 4199 1383 4267 im-

185 4349 342 4418 posuere,
368 4325 511 4419 quirem
528 4323 695 4417 publicam
713 4345 827 4393 eornm
841 4332 1026 4394 tractarent.
1066 4322 1112 4390 Hi
1129 4322 1235 4414 primo
1253 4344 1383 4415 coepere

185 4473 373 4542 pessnmm
398 4471 564 4541 quemque
590 4455 621 4516 et
646 4446 799 4516 omnibus
833 4447 973 4516 invisum
999 4445 1221 4516 indemnatum
1247 4467 1382 4526 necare;

188 4597 224 4644 ea
246 4575 388 4668 populus
414 4573 519 4644 letari
554 4582 586 4642 et
619 4572 738 4642 merito
772 4571 882 4640 dicere
909 4569 992 4640 fieri.
1043 4572 1119 4639 Post
1143 4569 1200 4640 ubi
1224 4569 1384 4661 paulatim

188 4697 316 4769 licentia
349 4697 467 4776 crevit,
506 4697 595 4768 iuxta
628 4697 732 4767 bonos
766 4705 797 4765 et
830 4696 934 4770 malos
968 4693 1152 4764 lubidinose
1186 4693 1383 4775 interlicere,

1165 4819 1185 4886 3
