3554 5600
1284 665 1355 732 267

138 861 218 930 bist.
251 861 282 930 1.
309 883 408 953 supro
427 885 461 954 p.
488 859 572 944 206,
600 859 634 932 3.
682 862 800 932 Verbis
826 885 913 955 6666
939 863 976 932 G.
1004 862 1165 932 Salustius
1191 863 1356 955 excerpsit

139 1007 185 1052 ex
212 985 412 1076 Originibus
438 987 583 1058 Catonis.
627 987 741 1057 Geram
761 987 922 1077 66666166
946 1009 999 1080 op.
1017 986 1144 1055 Seston.
1165 987 1274 1056 Ortoo.
1292 983 1353 1057 86.

138 1109 281 1178 Amavit
318 1105 540 1197 [Hadrianus]
579 1131 685 1202 genus
723 1111 855 1182 dicendi
894 1121 1159 1180 vetustum...
1201 1110 1354 1180 Ciceroni

139 1229 319 1312 Catonem,
346 1233 488 1324 Virgilio
504 1235 663 1316 Ennium,
690 1235 846 1306 Sallustio
868 1235 1019 1306 Coelium
1046 1237 1212 1327 praetulit.
1251 1235 1354 1328 Spor-

140 1357 255 1425 tr'onus
287 1356 460 1426 Hadriano
489 1353 546 1428 16.
596 1360 660 1430 Uni
690 1362 735 1430 bl.
763 1360 879 1430 Porcio
904 1383 959 1430 me
985 1360 1134 1430 dedicavi
1165 1372 1264 1454 atque
1294 1361 1355 1431 do·

141 1479 262 1569 spondi
289 1491 388 1572 atque
414 1481 577 1572 delegavi.
617 1485 691 1552 Hoc
716 1483 815 1554 etiam
842 1484 950 1577 ipsum
974 1470 1094 1577 ‘atquo'
1122 1485 1211 1555 unde
1238 1485 1352 1578 putas?

141 1625 186 1671 ex
200 1605 274 1695 ipso
284 1606 386 1674 furor.
420 1606 466 1675 Μ.
478 1607 626 1676 Aurelius
638 1609 682 1676 od
695 1607 880 1678 Frontonem
896 1607 931 1690 2,
951 1606 1007 1678 11.
1019 1633 1055 1700 p.
1066 1607 1110 1680 61
1128 1609 1218 1677 Hom.
1253 1608 1352 1679 Modo

142 1727 243 1797 dulce
270 1728 352 1798 illud
379 1730 606 1822 incorruptum
632 1731 674 1799 sit
698 1738 732 1798 et
761 1730 920 1823 pudicum
946 1732 1172 1804 Tusculanum
1201 1744 1234 1802 et
1259 1734 1352 1802 loni-

143 1875 234 1933 cum,
277 1852 309 1921 id
344 1865 394 1922 est
424 1855 557 1925 Catonis
587 1866 619 1925 et
653 1855 826 1925 Herodoti.
869 1857 985 1926 Fronto
1014 1857 1050 1926 t'n
1080 1855 1228 1926 laudibus
1256 1860 1350 1951 fumi.

143 1975 327 2046 Historiam
356 1974 517 2070 [scripsit]
552 1979 660 2048 verbis
686 1980 767 2050 Cato
799 1981 995 2072 multiiugis,
1030 1981 1162 2051 Caelius
1197 1979 1349 2071 singulis.

144 2099 261 2170 Fronto
287 2103 331 2170 ad
362 2103 472 2171 Vernm
495 2127 528 2194 p.
559 2099 628 2174 170
655 2103 745 2174 Horn.
794 2105 878 2175 Cum
905 2103 1019 2195 lingua
1047 2103 1180 2174 Catonis
1205 2116 1237 2172 61
1261 2104 1350 2175 Ε661

143 2245 332 2294 sermonem
364 2227 508 2317 patrium
538 2226 691 2297 ditaverit
723 2240 756 2297 et
788 2250 876 2298 nova
901 2251 1013 2298 rernm
1040 2229 1175 2297 nomina
1201 2228 1351 2320 protule-

143 2349 195 2418 rit.
238 2350 396 2420 Horntr'na
421 2365 487 2421 orte
513 2365 592 2444 poet.
620 2350 679 2423 56.
781 2355 815 2422 2.
842 2352 956 2422 Edidit
980 2353 1144 2421 orationes
1169 2353 1349 2445 permultas

143 2485 176 2542 61
199 2472 365 2544 historias.
400 2475 585 2544 Platorcltns
611 2477 726 2546 061666
748 2447 904 2548 6161125.
953 2477 1113 2546 Historias
1140 2474 1219 2563 [non
1244 2479 1348 2546 edt'tos

142 2598 234 2689 puto]
261 2599 331 2692 ipso
358 2599 404 2668 611
429 2622 488 2669 666
513 2621 614 2670 manu
641 2610 673 2670 61
694 2601 875 2672 maioribus
901 2599 1016 2671 litteris
1043 2601 1286 2694 conscripsisse,
1314 2611 1348 2671 ut

145 2721 230 2792 lilius
265 2722 356 2793 domi
386 2747 500 2793 rerum
533 2725 743 2816 antiquarum
776 2737 809 2794 et
833 2727 1013 2818 patriarum
1041 2727 1227 2816 cognitione
1252 2726 1348 2795 insti-

145 2858 300 2918 tueretur.
344 2849 530 2919 Plutarchus
551 2848 843 2921 061666616620.
887 2852 996 2920 Senex
1022 2849 1175 2920 historias
1200 2851 1347 2920 scribere

144 2971 293 3043 instituit.
332 2973 459 3044 Earum
484 2983 561 3042 suut
583 2972 659 3042 libri
684 2983 821 3066 septem.
861 2975 990 3044 Primus
1004 2975 1150 3044 continet
1164 2997 1217 3043 res
1238 2985 1348 3066 gestas

143 3119 259 3189 regum
276 3099 390 3191 populi
407 3099 560 3178 Romani,
586 3097 750 3168 secundus
776 3111 808 3168 61
834 3099 947 3170 tertius
974 3099 1061 3169 unde
1086 3121 1239 3192 quaeque
1262 3098 1345 3167 civi-

143 3232 188 3291 tas
220 3235 293 3292 orta
325 3223 367 3292 sit
397 3223 522 3304 ltalica,
556 3216 611 3306 (ob
644 3245 744 3315 quam
778 3245 849 3292 rem
879 3245 994 3292 omnes
1026 3221 1183 3314 Origines
1217 3223 1346 3292 videtur

143 3343 338 3438 appellasse)
364 3348 397 3416 in
422 3358 542 3440 quarto
566 3357 677 3418 autem
703 3345 829 3418 bellum
848 3348 1027 3417 Poenicum
1055 3359 1104 3415 est
1126 3346 1283 3438 primum,
1309 3347 1344 3416 in

144 3471 256 3561 quinto
281 3472 476 3542 secundum.
521 3475 629 3565 Atque
656 3469 738 3542 baec
768 3471 879 3541 omnia
911 3470 1114 3563 capitulatim
1145 3483 1221 3540 sunt
1245 3472 1343 3542 dieta.

143 3594 350 3688 Reliquaque
376 3596 465 3666 bolla
489 3596 561 3688 pari
590 3596 689 3665 modo
720 3607 911 3688 persecutus
937 3607 985 3664 est
1011 3617 1115 3688 66666
1141 3596 1183 3666 66
1209 3608 1344 3689 praetu-

142 3741 210 3790 ram
237 3720 346 3790 Servii
364 3719 502 3802 Galbae,
528 3721 585 3813 661
610 3719 748 3811 diripuit
764 3719 950 3790 Lusitanos.
989 3723 1099 3812 Atque
1125 3721 1243 3790 borum
1269 3717 1344 3791 bel·

142 3843 247 3914 lorum
274 3845 375 3914 duces
401 3865 467 3912 non
494 3844 686 3924 nominavit,
724 3843 780 3912 sed
813 3846 883 3913 sine
916 3844 1105 3916 nominibus
1130 3869 1183 3916 res
1208 3845 1341 3915 notavit.

141 3967 175 4036 ln
200 3967 309 4038 isdem
333 3969 485 4061 exposuit
510 3991 595 4060 quae
622 3969 654 4037 iu
682 3968 777 4037 ltalia
799 3968 1036 4062 Hispaniisque
1061 3981 1118 4039 aut
1144 3969 1261 4040 fierent
1285 3980 1343 4040 aut

141 4089 329 4163 viderentur
360 4093 567 4163 admiranda.
611 4095 648 4162 ln
674 4091 794 4185 quibus
821 4093 925 4162 multa
952 4093 1110 4163 industria
1141 4103 1172 4162 61
1197 4093 1342 4185 diligen·-

141 4213 181 4285 tia
207 4229 388 4307 comparet,
414 4218 506 4287 nulla
533 4209 685 4306 [multal]
712 4216 872 4285 doctrina.
912 4215 1073 4286 Cornelius
1097 4217 1199 4309 Nepos
1222 4219 1260 4286 de
1284 4218 1341 4285 lot.

140 4341 495 4412 111616661160616616
529 4339 563 4412 3.
594 4341 773 4432 Originum
800 4339 902 4410 libros
928 4341 1015 4433 quod
1050 4341 1215 4433 inscripsit
1244 4341 1341 4416 Cato.

140 4467 296 4535 nonsatis
312 4465 448 4558 plenum
462 4466 592 4537 titulum
612 4463 771 4559 propositi
786 4467 836 4534 sui
854 4465 981 4536 videtur
996 4466 1180 4557 amplexus,
1207 4465 1340 4558 quando

140 4600 357 4680 praegravant
391 4612 431 4658 66
468 4613 553 4684 6666
589 4601 664 4659 6661
695 4611 807 4658 rerum
837 4601 1005 4679 gestarum
1040 4589 1154 4681 populi
1188 4589 1338 4659 Romani.

141 4713 242 4796 Festus
259 4715 315 4784 116.
338 4711 393 4784 14.
414 4715 596 4804 06616616.
636 4716 730 4784 Nunc
749 4735 820 4782 msa
840 4725 963 4806 repetet
982 4715 1086 4784 oratio
1105 4715 1215 4808 populi
1235 4713 1340 4804 origi-¹
