3582 5594
1321 695 1368 763 57

160 903 269 960 nostra
295 891 374 972 sirit,
401 890 566 983 prestitit,
594 891 640 961 uti
667 891 701 961 in
726 891 880 962 omnibns
901 890 998 961 bellis
1023 891 1150 962 adesset
1173 893 1282 975 vohis;
1308 917 1367 965 nos

160 1015 204 1084 nti
230 1038 295 1108 per
317 1015 421 1084 otium
448 1015 638 1097 tntisimus,
665 1015 699 1084 in
717 1025 824 1087 vestra
841 1038 944 1086 manu
962 1025 1031 1099 est,
1056 1026 1165 1109 patres
1179 1019 1366 1112 conscripti.

158 1143 256 1212 Pater
281 1164 343 1211 nos
369 1141 453 1212 ‹luos
472 1143 589 1213 inanes
605 1142 755 1236 reliquit,
782 1141 934 1224 tertium,
960 1141 1170 1234 lngurtham‚
1197 1142 1366 1214 beneficiis

158 1267 225 1337 sois
250 1279 344 1338 ratus
368 1278 418 1337 est
443 1268 654 1339 coniunctum
671 1269 765 1339 nobis
790 1269 878 1350 sore;
904 1269 988 1339 alter
1005 1291 1120 1339 eorum
1145 1278 1280 1338 necatus
1306 1279 1366 1351 cst,

158 1391 296 1462 alterius
321 1413 386 1484 ego
411 1393 481 1485 ipse
506 1415 623 1463 manns
656 1393 774 1486 impias
808 1393 864 1462 vix
896 1391 1009 1484 effugi.
1060 1391 1149 1475 Quid
1175 1414 1273 1483 agam
1311 1402 1368 1462 ant

158 1539 224 1611 qno
250 1517 469 1610 potissumum
496 1517 807 1589 inselixnccednml
831 1519 965 1610 generis
991 1518 1145 1612 praesidia
1169 1516 1281 1588 omnia
1306 1539 1367 1586 ex-

158 1640 259 1710 tincta
284 1653 382 1720 sunt:
406 1651 517 1734 pater,
553 1642 599 1713 nti
624 1664 758 1712 necesse
785 1652 871 1725 erat,
898 1651 1024 1712 naturae
1050 1641 1229 1721 concessit;
1261 1640 1365 1722 fratri,

158 1785 259 1856 qoem
284 1764 435 1834 minume
466 1765 591 1847 decuit,
628 1765 834 1859 propinquos
864 1788 924 1858 per
956 1765 1063 1835 scelus
1096 1765 1195 1834 vitam
1226 1764 1364 1857 eripuit3

157 1887 298 1970 affines,
334 1890 476 1972 amicos,
509 1891 710 1983 propinquos
749 1901 875 1961 ceteros
907 1913 997 1961 meos
1026 1891 1129 1960 alium
1159 1890 1224 1960 alia
1256 1890 1367 1960 clades

158 2013 340 2104 oppressit:
367 2014 453 2105 capti
478 2013 520 2083 ab
545 2012 717 2104 Iugurtha,
743 2037 819 2107 pars
836 2015 870 2084 in
889 2037 1021 2086 crucem
1047 2014 1126 2096 acti,
1153 2036 1230 2107 pars
1255 2015 1366 2084 bestiis

158 2136 279 2206 obiecti
304 2147 392 2206 sont.
442 2137 560 2217 Pauci,
587 2136 706 2230 quibus
722 2137 836 2207 relicta
862 2147 910 2207 est
927 2137 1055 2218 anima,
1082 2137 1186 2207 clausi
1211 2137 1246 2208 in
1272 2148 1367 2208 tene-

157 2262 244 2342 bris,
281 2284 360 2332 cnm
388 2283 531 2332 moerore
555 2273 588 2332 et
612 2262 702 2332 luctu
727 2273 832 2333 morte
865 2264 1050 2354 graviorem
1084 2264 1185 2334 vitam
1218 2263 1365 2354 exigunt.

158 2385 191 2453 Si
216 2386 350 2466 omnia,
377 2408 452 2477 quas
477 2395 535 2456 ant
551 2385 646 2454 amisi
663 2395 719 2454 aut
736 2408 778 2454 ex
794 2385 985 2455 necessariis
1003 2385 1141 2455 advorsa
1166 2387 1251 2456 lacto
1277 2397 1365 2467 sunt,

159 2507 343 2580 incolumia
369 2517 560 2590 manerent,
586 2517 711 2590 tamen,
750 2508 776 2576 si
802 2507 882 2600 qnid
909 2531 952 2576 ex
977 2507 1144 2601 inproviso
1169 2511 1250 2581 mali
1276 2510 1365 2581 acci-

158 2631 272 2712 disset,
299 2653 357 2702 vos
383 2630 612 2724 implorarem,
639 2640 747 2724 patres
773 2631 968 2724 conscripti,
1004 2632 1124 2723 quilius
1147 2655 1209 2725 pro
1235 2635 1366 2727 magni-

159 2757 272 2827 tudine
298 2757 431 2850 imperii
456 2758 507 2827 ins
542 2768 573 2828 et
598 2755 736 2827 iniurias
761 2779 875 2826 omnes
905 2779 993 2828 cnrae
1019 2780 1089 2827 esse
1115 2758 1220 2828 (lecet.
1270 2761 1367 2829 Nune

159 2905 236 2952 voro
279 2882 360 2951 exul
392 2883 515 2975 patria,
560 2882 674 2964 domo,
714 2881 803 2952 solus
837 2893 937 2976 atque
968 2881 1117 2952 omnium
1154 2883 1366 2954 honestarum

158 3030 270 3078 rernm
297 3029 415 3100 egens,
450 3031 517 3100 qno
541 3008 716 3092 accedam,
750 3018 806 3078 aut
835 3031 916 3101 quos
950 3009 1139 3101 appellem?
1174 2993 1366 3078 nationesne

158 3156 198 3203 an
232 3157 349 3229 reges,
388 3134 446 3229 qni
479 3157 592 3205 omnes
624 3135 759 3205 familiae
791 3145 911 3204 nostrae
943 3134 987 3205 ob
1019 3145 1161 3205 vestram
1187 3132 1366 3203 amicitiam

158 3257 267 3330 infesti
293 3261 390 3330 sonti
415 3284 458 3332 nn
482 3284 650 3355 quoquam
675 3261 759 3332 mihi
784 3260 877 3332 adim
902 3260 998 3344 licet,
1025 3260 1083 3331 nbi
1108 3283 1175 3329 non
1201 3259 1365 3329 maiorum

158 3405 308 3453 meorum
335 3383 467 3455 hostilia
493 3395 703 3456 monumenta
716 3385 860 3478 plurima
876 3384 960 3456 sint‘l
987 3395 1043 3455 aut
1060 3385 1237 3477 quisquam
1262 3381 1365 3453 nostri

157 3507 309 3578 misereri
342 3483 475 3601 potest,
498 3510 557 3602 qni
587 3509 769 3601 aliqnando
803 3510 896 3582 vohis
925 3509 1027 3580 hostis
1061 3509 1147 3580 tuot
1197 3511 1366 3578 Postremo

157 3631 331 3702 Masinissa
355 3654 415 3702 nos
440 3632 485 3702 ita
511 3633 662 3714 instituit,
688 3643 798 3726 patres
824 3633 1013 3725 conscripti,
1040 3655 1083 3701 ne
1109 3654 1211 3724 quem
1237 3632 1365 3701 colere-

158 3778 249 3838 mus,
277 3754 342 3824 nisi
367 3755 526 3848 populum
550 3757 754 3840 Romanum,
780 3779 824 3826 ne
849 3756 1037 3838 societates,
1063 3778 1105 3824 ne
1131 3755 1257 3825 foedera
1281 3777 1365 3824 nova

157 3881 401 3975 acciperemus3
427 3881 558 3952 abunde
583 3904 706 3974 magna
730 3880 883 3974 praesidia
908 3881 1002 3952 nobis
1028 3881 1062 3950 in
1088 3889 1196 3952 vestra
1222 3879 1365 3949 amicitia

159 4005 248 4086 loro,
277 4007 305 4074 si
330 4005 409 4075 hnic
426 4005 566 4098 imperio
579 4005 712 4076 fortuna
726 4015 925 4090 mutaretur,
951 4028 1017 4076 uno
1034 4005 1252 4075 occidendum
1270 4003 1365 4074 nobis

159 4151 239 4198 esse.
282 4130 411 4199 Virtute
423 4151 463 4199 ac
487 4130 549 4200 diis
575 4129 759 4200 volentibus
779 4129 891 4220 magni
910 4129 985 4198 estis
1010 4139 1043 4198 et
1059 4129 1225 4221 opulenti,
1253 4127 1366 4199 omnia

159 4253 303 4324 soconda
337 4265 370 4324 et
402 4253 601 4325 oboedientia
634 4266 729 4336 sont;
765 4276 832 4345 qno
857 4253 988 4324 facilius
1024 4253 1190 4324 sociorum
1228 4252 1365 4322 iniurias

160 4403 273 4452 curare
299 4380 387 4450 licet.
438 4381 579 4451 Tantum
605 4378 686 4450 illud
713 4402 850 4459 vereor,
886 4401 928 4448 ne
958 4401 1040 4471 quos
1067 4379 1193 4471 privata
1219 4376 1365 4446 amicitia

160 4502 342 4595 lngnrthar‚
378 4526 496 4596 parum
525 4503 677 4596 cognita,
711 4515 917 4573 transvorsos
943 4512 1037 4592 ngat,
1070 4524 1152 4594 qnos
1178 4522 1240 4592 ego
1267 4499 1365 4570 audio

162 4651 316 4699 maxuma
341 4652 404 4722 ope
430 4629 505 4710 niti,
532 4628 677 4711 ambire,
705 4629 842 4719 fatigare
867 4651 924 4697 vos
950 4626 1113 4717 singulos,
1148 4649 1191 4695 ne
1217 4624 1297 4719 quid
1323 4624 1364 4695 de

162 4749 292 4822 absente
318 4752 486 4845 incognita
511 4776 608 4824 cansa
634 4753 798 4823 statuatis:
835 4751 963 4843 fingere
989 4773 1042 4819 me
1069 4750 1168 4821 verba
1195 4761 1226 4818 et
1252 4750 1364 4840 fugam
