3610 5592
495 600 541 667 52

515 767 519 776 Ι
566 821 613 868 rx.
665 797 719 868 Sic
744 797 871 867 locutus
897 818 973 866 eum
996 795 1112 866 litteris
1138 817 1229 878 enm,
1255 818 1337 890 quas
1362 797 1507 890 Micipsae
1532 797 1689 881 redderet,

492 924 631 1004 (limisit;
658 946 772 993 earum
796 922 958 992 sententia
982 921 1055 992 haee
1080 931 1168 992 erat:
1222 921 1411 1012 «Iugurthae
1437 922 1485 992 tui
1510 923 1599 992 bello
1622 926 1692 992 Nu-

493 1050 640 1120 mantino
663 1051 764 1141 longe
788 1069 944 1118 maxuma
969 1047 1071 1118 virtus
1097 1047 1176 1127 luit;
1210 1069 1311 1140 mam
1336 1070 1407 1119 rem
1432 1047 1491 1118 tibi
1516 1057 1604 1118 certo
1626 1047 1694 1115 seio

493 1174 615 1266 gaudio
637 1197 720 1244 esse.
770 1172 873 1244 Nobis
899 1172 941 1241 ob
960 1172 1074 1241 merita
1100 1193 1159 1240 sua
1185 1193 1280 1240 carus
1305 1181 1370 1250 est;
1396 1182 1432 1240 ut
1455 1171 1545 1241 idem
1570 1170 1694 1240 senatui

493 1308 525 1366 et
557 1298 682 1389 populo
715 1297 867 1364 Romano
900 1295 957 1376 sit,
993 1316 1123 1364 summa
1155 1317 1219 1385 ope
1254 1295 1409 1364 nitemur.
1459 1293 1536 1365 Tibi
1560 1294 1696 1387 quidem

492 1445 554 1516 pro
578 1430 689 1491 nostra
714 1420 858 1490 amicitia
875 1420 1034 1512 gratulor,
1061 1442 1103 1488 en
1129 1418 1230 1488 babes
1254 1419 1362 1490 virum
1379 1419 1516 1512 (lignum
1543 1430 1574 1491 te
1599 1429 1699 1512 atque

493 1570 554 1618 avo
584 1568 645 1616 suo
671 1544 877 1617 Masinissa.»
921 1542 1026 1634 Igitur
1058 1566 1118 1612 rex
1143 1542 1201 1613 ubi
1231 1566 1289 1625 ee,
1316 1567 1390 1637 quae
1408 1545 1495 1614 lama
1514 1554 1698 1635 acceperat,

494 1693 536 1739 ex
562 1667 677 1738 litteris
694 1665 901 1760 imperatoris
919 1665 963 1736 ita
981 1689 1055 1736 esse
1073 1668 1246 1759 cognovit,
1272 1690 1347 1736 cum
1365 1667 1484 1738 virtute
1510 1677 1578 1737 tum
1593 1668 1699 1758 gratia

493 1793 556 1863 viri
579 1802 747 1886 permotus
778 1791 871 1861 flexit
907 1792 1054 1862 animum
1085 1815 1181 1862 suum
1216 1801 1248 1862 et
1281 1790 1492 1884 lurgurtbam
1528 1791 1701 1862 benefieiis

493 1916 628 1986 vincere
654 1936 826 2006 aggressus
853 1925 920 1996 est,
955 1916 1129 2008 statimque
1155 1939 1232 1986 eum
1258 1915 1422 2009 adoptavit
1447 1926 1478 1986 et
1503 1925 1702 1986 testamento

493 2041 618 2135 pariter
651 2063 726 2110 eom
764 2040 841 2110 filiis
874 2038 1031 2109 heredem
1067 2040 1213 2110 instituit.
1267 2041 1331 2110 Sed
1368 2041 1437 2134 ipse
1471 2063 1592 2132 paucos
1628 2049 1703 2133 post

493 2189 596 2237 annos
638 2166 754 2235 morbo
792 2175 891 2257 atque
934 2175 1028 2234 aetate
1064 2166 1248 2247 confectus,
1288 2189 1363 2235 eum
1397 2165 1460 2234 sibi
1493 2165 1593 2234 finem
1623 2165 1704 2235 sitae

494 2291 609 2361 adesse
636 2290 857 2382 intellegeret,
890 2311 1002 2358 eoram
1027 2289 1143 2359 amieis
1169 2301 1201 2359 et
1225 2289 1373 2382 cognatis
1397 2289 1542 2381 itemque
1566 2289 1706 2359 Adher-

494 2416 569 2486 bale
595 2425 627 2485 et
643 2414 836 2508 Hiempsale
861 2413 939 2483 liliis
964 2413 1083 2483 dieitur
1109 2413 1336 2484 huiuscemodi
1360 2415 1461 2484 verba
1486 2437 1562 2483 eum
1578 2415 1707 2504 lugur-

495 2538 551 2610 tha
577 2539 746 2610 habuisset

568 2686 604 2732 x.
658 2665 820 2734 «Parvum
848 2685 925 2753 ego,
959 2661 1135 2753 Iugurtha,
1162 2672 1209 2744 te,
1239 2663 1360 2732 amisso
1386 2673 1498 2755 patre,
1534 2662 1605 2732 sine
1633 2685 1708 2755 spe,

496 2787 567 2854 sine
592 2786 726 2878 opibus,
753 2786 787 2854 in
813 2807 924 2856 meum
945 2807 1087 2876 regnum
1113 2787 1245 2880 accepi,
1274 2785 1474 2857 existumans
1501 2810 1566 2857 uon
1592 2787 1711 2855 minus

497 2933 550 2979 me
576 2910 635 2980 tibi
659 2933 760 3002 quam
777 2909 910 2990 liberis,
940 2911 967 2978 si
994 2911 1198 3000 genuissem,
1225 2913 1267 2982 ob
1284 2912 1446 2983 beneficia
1471 2933 1585 2982 earum
1612 2912 1710 2990 fore;

497 3055 606 3126 neque
624 3055 663 3103 ea
680 3055 732 3102 res
750 3034 869 3103 falsum
887 3055 941 3102 me
959 3033 1083 3104 babuit.
1122 3037 1207 3104 Nam
1235 3035 1353 3104 utalia
1370 3057 1492 3126 magua
1518 3045 1551 3105 et
1566 3036 1713 3127 egregia

497 3169 553 3228 tua
578 3157 743 3238 omittam,
778 3158 964 3228 novissume
990 3158 1122 3228 rediens
1148 3159 1326 3229 Numantia
1350 3182 1470 3251 meque
1495 3181 1714 3253 regnumque

497 3305 608 3352 meum
642 3283 749 3374 gloria
781 3281 985 3352 honoravisti
1026 3293 1149 3376 tuaque
1178 3283 1297 3354 virtute
1332 3283 1426 3355 nobis
1460 3285 1626 3355 Romanos
1666 3310 1712 3354 ex

497 3409 611 3479 amicis
635 3409 860 3480 amicissumos
886 3409 1001 3478 fecisti.
1044 3411 1082 3478 ln
1110 3409 1269 3502 Hispania
1294 3433 1415 3479 nomen
1442 3409 1575 3479 lamiliae
1601 3433 1716 3480 reno-

496 3544 606 3603 vatum
632 3543 696 3602 est:
726 3540 918 3624 postremo,
953 3532 1041 3625 quod
1067 3532 1311 3602 difficillumum
1337 3533 1422 3603 inter
1457 3534 1609 3603 mortales
1647 3542 1714 3614 est,

497 3657 604 3750 gloria
621 3655 779 3726 invidiam
805 3655 922 3725 vicisti.
966 3658 1061 3726 Nunc
1075 3655 1234 3747 quoniam
1261 3655 1342 3725 mihi
1367 3666 1484 3726 natura
1509 3655 1611 3726 linem
1632 3657 1716 3727 vitae

496 3782 588 3861 lacit,
615 3805 675 3874 per
691 3780 777 3851 hano
793 3779 975 3861 dexteram,
993 3803 1053 3873 per
1065 3780 1160 3872 regni
1178 3779 1278 3850 fidem
1295 3803 1417 3852 moneo
1434 3782 1650 3874 obtestorque
1666 3792 1716 3862 te,

497 3906 545 3976 uti
570 3905 650 3988 hos,
677 3905 735 3998 qui
759 3905 819 3976 tibi
836 3927 959 3996 genere
976 3905 1173 3998 propinqui,
1201 3904 1365 3977 beneficio
1381 3927 1456 3975 meo
1474 3905 1590 3976 fratres
1616 3917 1716 3986 sunt,

497 4053 591 4100 euros
623 4029 768 4110 babeas,
804 4052 870 4098 neu
905 4029 999 4099 malis
1036 4029 1162 4099 alienos
1196 4029 1378 4121 adiungere
1410 4052 1510 4123 quam
1540 4030 1718 4122 sanguine

497 4157 688 4226 coniunctos
722 4155 876 4224 retinere.
928 4157 1001 4224 Non
1036 4154 1201 4224 exercitus
1234 4178 1343 4247 neque
1377 4155 1526 4225 thesauri
1551 4154 1719 4249 praesidia

496 4280 593 4373 regni
619 4291 712 4362 sunt,
747 4303 863 4351 verum
889 4279 1001 4362 amici,
1036 4303 1117 4373 quos
1152 4303 1262 4373 neque
1295 4282 1395 4352 armis
1421 4304 1559 4374 eogere,
1594 4304 1719 4373 neque

496 4427 578 4474 auro
611 4426 730 4496 parare
765 4426 883 4497 queas;
922 4403 1033 4473 officio
1069 4412 1103 4473 et
1141 4405 1207 4474 lide
1242 4405 1425 4498 pariuntur.
1477 4404 1560 4488 Quis
1594 4416 1719 4476 autem

497 4527 633 4598 amicior
659 4550 760 4620 quam
778 4527 879 4597 frater
904 4527 1021 4597 tratri?
1047 4539 1103 4599 aut
1127 4552 1228 4622 quem
1241 4529 1388 4599 alienum
1414 4527 1516 4598 lidum
1543 4528 1718 4608 invenies,

496 4651 523 4718 si
549 4652 612 4721 tuis
639 4651 738 4722 bostis
757 4651 881 4722 fueris?
918 4651 1084 4745 Equidem
1102 4675 1165 4745 ego
1183 4653 1274 4724 vobis
1292 4675 1432 4746 regnum
1450 4651 1543 4726 trado
1556 4653 1716 4733 firmum,
