3576 5602
1282 625 1353 694 tir

87 887 100 906 .
146 823 200 882 uio
223 823 253 880 in
276 822 427 883 eiusmodi
449 823 706 882 enuntiationibus
729 841 801 884 usus
822 824 982 883 indicativi
1003 823 1098 883 multo
1120 822 1217 901 magis
1237 839 1354 885 couve-

146 931 227 1004 niat;
250 929 364 1004 quippe
386 928 471 987 cuius
493 927 610 987 firmum
631 945 835 1005 severumque
857 929 1000 988 iudicium
1022 928 1089 988 lere
1104 929 1222 1005 respuit
1235 929 1356 989 modum

147 1037 372 1108 concessivum,
394 1051 484 1109 quem
506 1034 536 1093 in
557 1034 638 1094 buuc
658 1035 778 1111 quidem
794 1035 893 1096 locum
908 1051 926 1094 a
941 1036 1032 1095 docto
1052 1035 1180 1094 librario
1201 1034 1356 1096 inductum

147 1143 297 1214 arbitror,
328 1143 380 1219 qui
401 1141 606 1203 Salustianam
634 1143 803 1204 orationem
827 1143 868 1202 ad
889 1142 1117 1203 ciceronianum
1143 1143 1267 1203 dicendi
1294 1160 1355 1220 ge-

147 1265 206 1308 nus
227 1248 440 1308 conformavit.

232 1359 359 1412 aduren
380 1354 461 1429 quod
483 1354 514 1412 in
537 1353 662 1430 optimis
690 1353 780 1413 libris
803 1357 860 1426 est,
889 1353 920 1410 iu
946 1351 1016 1411 Bas.
1037 1351 1060 1412 1.
1085 1370 1106 1412 o
1127 1357 1280 1431 expuncto
1300 1373 1355 1414 re-

148 1459 298 1532 stitutum,
321 1458 460 1534 primitus
483 1458 562 1518 enim
583 1465 729 1519 auctorem
749 1458 896 1535 scriptum
917 1457 983 1517 suit.
998 1458 1055 1517 sed
1071 1458 1162 1517 etiam
1178 1459 1257 1536 apud
1273 1457 1355 1520 Oba-

147 1564 202 1622 ris.
225 1582 254 1641 p.
279 1565 343 1624 192.
366 1563 396 1622 in
419 1564 534 1640 optimo
556 1565 637 1624 libro
658 1571 786 1624 ociorem
807 1568 864 1624 est.

233 1671 465 1731 odubscmtvlue
486 1719 492 1730 .
510 1717 516 1730 .
536 1716 542 1730 .
563 1689 583 1730 o
601 1673 694 1732 obedo
711 1672 781 1732 Bas.
796 1691 817 1731 1.
835 1673 893 1731 sed
911 1673 940 1731 in
960 1671 1027 1732 Tur.
1047 1673 1115 1732 Par.
1136 1693 1165 1732 x.
1187 1671 1219 1732 L.
1240 1680 1356 1734 tantum

149 1795 246 1855 supra
260 1777 383 1855 lineam,
402 1781 651 1857 praepositionem
666 1782 838 1840 comittunt
849 1780 921 1840 Bas.
938 1783 966 1840 2.
981 1782 1064 1841 Rem.
1082 1785 1106 1840 1.
1122 1781 1218 1842 Paris.
1236 1801 1260 1843 o
1276 1783 1355 1844 mul·

150 1887 238 1960 tique
260 1885 314 1944 alii
335 1884 420 1954 libri;
444 1901 541 1960 eaque
563 1886 645 1945 baud
667 1887 757 1945 dubie
779 1887 946 1946 omittenda
966 1889 1023 1962 est,
1038 1889 1151 1966 quippe
1173 1905 1240 1964 quae
1255 1891 1294 1950 ab
1316 1891 1355 1950 iis

150 1991 192 2049 sit
222 1989 389 2066 adscripta,
418 1991 469 2066 qui
493 1991 625 2050 studium
652 1991 821 2052 litterarum
846 1992 1065 2069 intelligerent,
1100 2011 1166 2068 quac
1193 1994 1299 2072 glossa
1325 1997 1355 2056 iu

150 2095 309 2156 nonnullis
332 2097 421 2158 libris
444 2099 564 2158 Wassii
586 2099 650 2159 fuit.

211 2205 409 2282 ,rcdqoomn
429 2207 513 2266 nobb
533 2207 661 2267 mondus
686 2208 791 2285 optimi
813 2208 903 2286 libri;
933 2207 1027 2285 luere,
1059 2212 1111 2285 qui
1132 2211 1251 2289 reliquis
1272 2231 1356 2290 prae·

151 2313 282 2390 ferrent,
315 2316 398 2390 quod
428 2315 579 2376 Salustius
611 2317 680 2393 ipse
706 2315 867 2394 professus
895 2317 944 2392 sit,
973 2335 1007 2378 se
1033 2335 1093 2378 uno
1120 2321 1242 2394 quidem
1270 2321 1356 2397 vitio,

150 2423 274 2482 scilicet
295 2423 471 2497 ambitione,
494 2423 606 2498 teueri;
629 2424 685 2482 sed
706 2427 815 2483 auctor
834 2423 903 2500 ipse
923 2423 1005 2484 infra
1031 2426 1227 2486 ambitionem
1249 2429 1357 2490 vitium

150 2531 281 2608 propius
302 2529 447 2590 virtutem
469 2547 539 2591 esse
560 2530 677 2590 iudicat
699 2546 721 2590 c
747 2533 794 2588 11.
817 2535 848 2590 et
869 2531 942 2590 mali
950 2549 1058 2620 ⁸mores
1080 2535 1184 2610 potius
1205 2536 1244 2594 ad
1264 2537 1356 2598 luxu-

151 2639 239 2712 riam,
261 2639 427 2714 nequitiam
448 2639 539 2699 etad
561 2639 738 2715 voluptates
761 2640 906 2716 corporis
929 2640 1094 2701 referendi.

235 2763 261 2806 c.
275 2749 302 2806 5.
315 2741 499 2824 eloquentie·
515 2763 553 2806 ex
563 2747 702 2808 hocloco
715 2747 879 2824 intelligas,
896 2765 984 2824 quam
996 2754 1112 2810 mature
1125 2753 1254 2828 coeperit
1264 2751 1356 2813 Salu-

151 2855 260 2914 stianae
280 2853 431 2913 orationis
457 2854 622 2930 corruptio.
658 2853 763 2914 Tradit
784 2847 863 2914 enim
886 2853 922 2914 Δ.
950 2853 1069 2914 Gellius
1090 2875 1107 2915 r.
1131 2862 1178 2918 15.
1200 2859 1357 2919 Valerium

151 2961 286 3020 Probum
297 2962 387 3021 brevi
398 2965 561 3038 antequam
573 2964 636 3022 vita
649 2963 823 3038 excederet,
834 2963 940 3038 legere
950 2965 1096 3040 coepisse;
1112 2971 1184 3026 eutis
1198 2966 1356 3046 loquentia,

152 3065 302 3142 sepiem
318 3083 423 3141 porum
445 3070 476 3126 et
496 3067 542 3126 sic
564 3085 581 3126 a
603 3066 739 3128 Salustio
761 3068 907 3144 scriptum
928 3069 1108 3147 affirmasse,
1131 3073 1213 3146 quod
1235 3073 1357 3152 loqueo-

152 3178 193 3232 b'o
214 3174 357 3233 novatori
383 3172 547 3232 verborum
568 3173 704 3234 Salustio
730 3175 859 3234 maxime
881 3178 1073 3250 congrueret,
1101 3177 1263 3254 eloquentia
1290 3197 1357 3240 cum

151 3279 333 3355 insipientia
354 3279 476 3337 minime
497 3280 685 3338 conveniret.
719 3279 780 3338 Sed
795 3279 1018 3340 substantivum
1031 3281 1108 3341 illud
1124 3285 1244 3344 nonnisi
1258 3286 1357 3348 altero

152 3401 183 3460 p.
206 3381 276 3442 Chr.
298 3382 413 3442 seculo
434 3383 589 3442 inventum
612 3383 717 3458 luisse,
745 3384 827 3459 quod
852 3384 910 3444 luit
929 3385 984 3459 qui
1003 3401 1042 3444 ex
1062 3385 1141 3446 Plin.
1161 3387 1237 3468 Epp.
1259 3411 1286 3451 v.
1309 3394 1356 3453 21).

153 3489 306 3565 colligere
320 3504 415 3564 posse
430 3488 490 3547 sibi
504 3488 671 3562 videretur,
694 3490 747 3548 vix
764 3490 874 3549 adduci
889 3507 1023 3567 possum,
1045 3497 1079 3552 ut
1099 3499 1211 3572 putem.
1246 3499 1358 3561 Parum

153 3596 235 3656 enim
261 3600 311 3654 est
337 3594 509 3672 probabile,
537 3612 556 3654 a
586 3596 766 3656 doctissimo
793 3599 991 3674 grammatico
1013 3597 1149 3661 Salustio
1177 3607 1358 3668 vocabulum

153 3704 250 3763 fuisse
278 3701 444 3775 obtrusum,
470 3700 508 3760 ab
534 3700 619 3760 illius
648 3702 750 3761 aetatis
778 3720 834 3762 usu
863 3703 955 3780 plane
980 3703 1121 3765 alienum.
1162 3706 1209 3767 llx
1236 3711 1357 3774 duobus

153 3813 247 3890 igitur
267 3809 356 3885 locis,
378 3808 430 3868 ubi
451 3809 528 3868 illud
550 3810 693 3883 occurrit,
714 3809 774 3869 boc
788 3810 885 3870 solum
908 3811 1014 3888 colligi
1027 3829 1122 3889 posse
1138 3815 1268 3895 videtur,
1291 3821 1357 3880 eius

154 3917 408 3994 significationem
429 3933 536 3993 parum
558 3915 653 3976 luisse
675 3917 876 3995 exploratam,
900 3919 945 3979 ita
969 3924 1002 3979 ut
1023 3921 1131 3982 sciolis
1151 3929 1357 4000 grammaticis
1474 3972 1483 3982 .

154 4045 235 4088 nova
256 4025 371 4086 inferre
392 4025 508 4084 liceret
541 4025 646 4100 Neque
667 4029 783 4085 tantum
803 4026 902 4086 valuit
920 4027 1039 4087 Valerii
1060 4030 1155 4090 Probi
1177 4034 1357 4111 auctoritas,

155 4140 189 4193 ut
210 4133 276 4192 eius
298 4133 453 4226 inventum
474 4137 526 4193 aut
546 4132 658 4208 reliqui
677 4135 866 4209 grammatici
880 4139 1082 4211 sequerentur
1096 4142 1148 4198 aut
1162 4140 1284 4202 librarii
1299 4161 1357 4203 ex-

155 4241 330 4319 primerent.
372 4241 448 4302 Nam
475 4243 596 4303 nonnisi
622 4242 652 4301 in
683 4242 877 4318 paucissimis
899 4245 987 4304 codd.
1009 4246 1076 4306 haro
1107 4249 1285 4309 coniectura
1306 4251 1357 4310 lo-

155 4367 223 4409 cum
245 4350 376 4409 obtinuit
397 4350 453 4410 cl'r.
474 4349 555 4410 Edit.
576 4369 605 4409 a.
627 4347 868 4409 Mocccxxlrl.
889 4369 918 4427 p.
941 4355 968 4411 7.

235 4457 423 4534 relinquerint
453 4463 481 4516 et
510 4462 543 4517 ut
567 4455 707 4531 paulatim
735 4455 806 4515 Bas.
833 4455 855 4514 1.
891 4457 990 4517 forma
1021 4460 1175 4535 antiquior
1201 4480 1268 4537 quar
1298 4465 1358 4522 iam

155 4565 268 4642 passim
291 4566 318 4624 iu
340 4564 428 4624 libris
451 4566 639 4641 exprimitur,
661 4565 770 4624 eadem
796 4565 895 4626 forma
922 4567 1001 4626 inira
1023 4571 1155 4630 recurrit
1177 4587 1200 4629 c.
1225 4571 1271 4629 12.
1293 4569 1357 4646 lug.

158 4673 223 4730 107.
246 4671 301 4730 cir.
324 4671 436 4748 Scalig.
459 4674 499 4733 ad
513 4674 642 4734 Varron.
665 4673 696 4732 li.
720 4672 754 4730 R.
776 4676 852 4732 extr.
875 4692 903 4750 p.
926 4677 992 4735 211.
1029 4675 1169 4738 Ceterum
1183 4679 1317 4740 litteram
1339 4697 1358 4738 o
