<?xml version="1.0" encoding="UTF-8"?>
<!DOCTYPE html PUBLIC "-//W3C//DTD XHTML 1.0 Transitional//EN"
    "http://www.w3.org/TR/xhtml1/DTD/xhtml1-transitional.dtd">
<html xmlns="http://www.w3.org/1999/xhtml" xml:lang="en" lang="en">
 <head>
  <title>
</title>
<meta http-equiv="Content-Type" content="text/html;charset=utf-8" />
  <meta name='ocr-system' content='tesseract 3.04.00' />
  <meta name='ocr-capabilities' content='ocr_page ocr_carea ocr_par ocr_line ocrx_word'/>
</head>
<body>
  <div class='ocr_page' id='page_1' title='image "./gaisalustiicris00rothgoog_0059.png"; bbox 0 0 3610 5592; ppageno 0'>
   <div class='ocr_carea' id='block_1_1' title="bbox 478 629 526 696">
    <p class='ocr_par' dir='ltr' id='par_1_1' title="bbox 478 629 526 696">
     <span class='ocr_line' id='line_1_1' title="bbox 478 629 526 696; baseline 0 0"><span class='ocrx_word' id='word_1_1' title='bbox 478 629 526 696; x_wconf 74' lang='lat'><strong>22</strong></span> 
     </span>
    </p>
   </div>
   <div class='ocr_carea' id='block_1_2' title="bbox 478 820 1688 2034">
    <p class='ocr_par' dir='ltr' id='par_1_2' title="bbox 478 820 1685 1414">
     <span class='ocr_line' id='line_1_2' title="bbox 478 820 1682 919; baseline -0.005 -23"><span class='ocrx_word' id='word_1_2' title='bbox 478 826 659 919; x_wconf 87' lang='lat' dir='ltr'><strong>proficisci:</strong></span> <span class='ocrx_word' id='word_1_3' title='bbox 693 847 758 894; x_wconf 95' lang='lat' dir='ltr'><strong>non</strong></span> <span class='ocrx_word' id='word_1_4' title='bbox 790 847 856 917; x_wconf 91' lang='lat' dir='ltr'><strong>quo</strong></span> <span class='ocrx_word' id='word_1_5' title='bbox 888 824 1055 895; x_wconf 82' lang='lat' dir='ltr'><strong>sibilanti</strong></span> <span class='ocrx_word' id='word_1_6' title='bbox 1081 823 1216 892; x_wconf 86' lang='lat' dir='ltr'><strong>sceleris</strong></span> <span class='ocrx_word' id='word_1_7' title='bbox 1240 824 1391 893; x_wconf 84' lang='lat' dir='ltr'><strong>conscius</strong></span> <span class='ocrx_word' id='word_1_8' title='bbox 1416 831 1518 904; x_wconf 86' lang='lat' dir='ltr'><strong>esset,</strong></span> <span class='ocrx_word' id='word_1_9' title='bbox 1552 820 1611 891; x_wconf 91' lang='lat' dir='ltr'><strong>sed</strong></span> <span class='ocrx_word' id='word_1_10' title='bbox 1635 821 1682 891; x_wconf 92' lang='lat' dir='ltr'><strong>nti</strong></span> 
     </span>
     <span class='ocr_line' id='line_1_3' title="bbox 479 943 1683 1042; baseline -0.006 -22"><span class='ocrx_word' id='word_1_11' title='bbox 479 949 684 1042; x_wconf 88' lang='lat' dir='ltr'><strong>respublica</strong></span> <span class='ocrx_word' id='word_1_12' title='bbox 709 949 821 1041; x_wconf 88' lang='lat' dir='ltr'><strong>quieta</strong></span> <span class='ocrx_word' id='word_1_13' title='bbox 846 947 947 1027; x_wconf 85' lang='lat' dir='ltr'><strong>foret;</strong></span> <span class='ocrx_word' id='word_1_14' title='bbox 973 968 1057 1016; x_wconf 84' lang='lat' dir='ltr'><strong>neve</strong></span> <span class='ocrx_word' id='word_1_15' title='bbox 1083 969 1126 1016; x_wconf 82' lang='lat' dir='ltr'><strong>er</strong></span> <span class='ocrx_word' id='word_1_16' title='bbox 1141 969 1200 1016; x_wconf 88' lang='lat' dir='ltr'><strong>sna</strong></span> <span class='ocrx_word' id='word_1_17' title='bbox 1217 945 1425 1016; x_wconf 80' lang='lat' dir='ltr'><strong>contentione</strong></span> <span class='ocrx_word' id='word_1_18' title='bbox 1442 943 1558 1015; x_wconf 86' lang='lat' dir='ltr'><strong>seditio</strong></span> <span class='ocrx_word' id='word_1_19' title='bbox 1576 944 1683 1014; x_wconf 87' lang='lat' dir='ltr'><strong>orire-</strong></span> 
     </span>
     <span class='ocr_line' id='line_1_4' title="bbox 480 1070 1684 1164; baseline -0.007 -20"><span class='ocrx_word' id='word_1_20' title='bbox 480 1088 566 1145; x_wconf 78' lang='lat' dir='ltr'><strong>tur.»</strong></span> <span class='ocrx_word' id='word_1_21' title='bbox 618 1075 672 1145; x_wconf 79' lang='lat' dir='ltr'><strong>Ab</strong></span> <span class='ocrx_word' id='word_1_22' title='bbox 706 1073 757 1143; x_wconf 90' lang='lat' dir='ltr'><strong>bis</strong></span> <span class='ocrx_word' id='word_1_23' title='bbox 790 1073 891 1164; x_wconf 80' lang='lat' dir='ltr'><strong>longe</strong></span> <span class='ocrx_word' id='word_1_24' title='bbox 921 1071 1068 1141; x_wconf 90' lang='lat' dir='ltr'><strong>divorsas</strong></span> <span class='ocrx_word' id='word_1_25' title='bbox 1100 1070 1224 1140; x_wconf 80' lang='lat' dir='ltr'>litteras</span> <span class='ocrx_word' id='word_1_26' title='bbox 1257 1071 1298 1154; x_wconf 85' lang='lat' dir='ltr'><strong>Q.</strong></span> <span class='ocrx_word' id='word_1_27' title='bbox 1331 1070 1467 1142; x_wconf 83' lang='lat' dir='ltr'><strong>Catulus</strong></span> <span class='ocrx_word' id='word_1_28' title='bbox 1500 1070 1534 1139; x_wconf 90' lang='lat' dir='ltr'><strong>in</strong></span> <span class='ocrx_word' id='word_1_29' title='bbox 1568 1077 1684 1138; x_wconf 86' lang='lat' dir='ltr'><strong>senatu</strong></span> 
     </span>
     <span class='ocr_line' id='line_1_5' title="bbox 479 1194 1685 1288; baseline -0.006 -20"><span class='ocrx_word' id='word_1_30' title='bbox 479 1196 644 1278; x_wconf 81' lang='lat' dir='ltr'><strong>recitavit,</strong></span> <span class='ocrx_word' id='word_1_31' title='bbox 676 1218 759 1288; x_wconf 90' lang='lat' dir='ltr'><strong>quas</strong></span> <span class='ocrx_word' id='word_1_32' title='bbox 792 1194 856 1266; x_wconf 90' lang='lat' dir='ltr'><strong>sibi</strong></span> <span class='ocrx_word' id='word_1_33' title='bbox 880 1195 1014 1264; x_wconf 92' lang='lat' dir='ltr'><strong>nomine</strong></span> <span class='ocrx_word' id='word_1_34' title='bbox 1040 1194 1188 1264; x_wconf 85' lang='lat' dir='ltr'><strong>Catilinae</strong></span> <span class='ocrx_word' id='word_1_35' title='bbox 1222 1194 1365 1265; x_wconf 88' lang='lat' dir='ltr'><strong>redditas</strong></span> <span class='ocrx_word' id='word_1_36' title='bbox 1390 1194 1535 1271; x_wconf 76' lang='lat' dir='ltr'><strong>dicebat:</strong></span> <span class='ocrx_word' id='word_1_37' title='bbox 1570 1213 1685 1262; x_wconf 90' lang='lat' dir='ltr'><strong>earnm</strong></span> 
     </span>
     <span class='ocr_line' id='line_1_6' title="bbox 480 1317 1051 1414; baseline -0.009 -22"><span class='ocrx_word' id='word_1_38' title='bbox 480 1322 669 1414; x_wconf 84' lang='lat' dir='ltr'><strong>exemplum</strong></span> <span class='ocrx_word' id='word_1_39' title='bbox 695 1320 781 1389; x_wconf 88' lang='lat' dir='ltr'><strong>infra</strong></span> <span class='ocrx_word' id='word_1_40' title='bbox 807 1317 963 1411; x_wconf 90' lang='lat' dir='ltr'><strong>scriptum</strong></span> <span class='ocrx_word' id='word_1_41' title='bbox 989 1327 1051 1388; x_wconf 92' lang='lat' dir='ltr'><strong>est:</strong></span> 
     </span>
    </p>

    <p class='ocr_par' dir='ltr' id='par_1_3' title="bbox 480 1441 1688 2034">
     <span class='ocr_line' id='line_1_7' title="bbox 552 1441 1685 1535; baseline -0.006 -18"><span class='ocrx_word' id='word_1_42' title='bbox 552 1469 661 1517; x_wconf 83' lang='lat' dir='ltr'><strong>xxxv.</strong></span> <span class='ocrx_word' id='word_1_43' title='bbox 714 1448 775 1516; x_wconf 71' lang='lat' dir='ltr'><strong>«L.</strong></span> <span class='ocrx_word' id='word_1_44' title='bbox 815 1444 957 1514; x_wconf 79' lang='lat' dir='ltr'><strong>Catilina</strong></span> <span class='ocrx_word' id='word_1_45' title='bbox 994 1443 1036 1526; x_wconf 83' lang='lat' dir='ltr'><strong>Q.</strong></span> <span class='ocrx_word' id='word_1_46' title='bbox 1075 1443 1203 1514; x_wconf 86' lang='lat' dir='ltr'><strong>Catulo.</strong></span> <span class='ocrx_word' id='word_1_47' title='bbox 1254 1445 1401 1535; x_wconf 83' lang='lat' dir='ltr'><strong>Egregia</strong></span> <span class='ocrx_word' id='word_1_48' title='bbox 1433 1453 1491 1514; x_wconf 89' lang='lat' dir='ltr'><strong>tna</strong></span> <span class='ocrx_word' id='word_1_49' title='bbox 1529 1441 1610 1512; x_wconf 86' lang='lat' dir='ltr'><strong>fides</strong></span> <span class='ocrx_word' id='word_1_50' title='bbox 1647 1461 1685 1511; x_wconf 91' lang='lat' dir='ltr'><strong>re</strong></span> 
     </span>
     <span class='ocr_line' id='line_1_8' title="bbox 481 1566 1686 1661; baseline -0.002 -23"><span class='ocrx_word' id='word_1_51' title='bbox 481 1569 629 1661; x_wconf 78' lang='lat' dir='ltr'><strong>cognita,</strong></span> <span class='ocrx_word' id='word_1_52' title='bbox 656 1577 750 1659; x_wconf 84' lang='lat' dir='ltr'><strong>grata</strong></span> <span class='ocrx_word' id='word_1_53' title='bbox 775 1567 874 1648; x_wconf 90' lang='lat' dir='ltr'><strong>mibi,</strong></span> <span class='ocrx_word' id='word_1_54' title='bbox 909 1567 1038 1658; x_wconf 81' lang='lat' dir='ltr'><strong>magnis</strong></span> <span class='ocrx_word' id='word_1_55' title='bbox 1064 1567 1097 1636; x_wconf 93' lang='lat' dir='ltr'><strong>iu</strong></span> <span class='ocrx_word' id='word_1_56' title='bbox 1123 1567 1207 1637; x_wconf 87' lang='lat' dir='ltr'><strong>meis</strong></span> <span class='ocrx_word' id='word_1_57' title='bbox 1231 1567 1387 1660; x_wconf 86' lang='lat' dir='ltr'><strong>periculis</strong></span> <span class='ocrx_word' id='word_1_58' title='bbox 1412 1566 1567 1638; x_wconf 84' lang='lat' dir='ltr'><strong>fiduciam</strong></span> <span class='ocrx_word' id='word_1_59' title='bbox 1592 1587 1686 1636; x_wconf 90' lang='lat' dir='ltr'><strong>com·</strong></span> 
     </span>
     <span class='ocr_line' id='line_1_9' title="bbox 480 1690 1686 1774; baseline -0.003 -11"><span class='ocrx_word' id='word_1_60' title='bbox 480 1692 683 1763; x_wconf 79' lang='lat' dir='ltr'><strong>mundationi</strong></span> <span class='ocrx_word' id='word_1_61' title='bbox 716 1713 799 1762; x_wconf 78' lang='lat' dir='ltr'><strong>meac</strong></span> <span class='ocrx_word' id='word_1_62' title='bbox 831 1691 956 1762; x_wconf 85' lang='lat' dir='ltr'><strong>tribuit.</strong></span> <span class='ocrx_word' id='word_1_63' title='bbox 1007 1691 1233 1774; x_wconf 78' lang='lat' dir='ltr'><strong>Quamobrem</strong></span> <span class='ocrx_word' id='word_1_64' title='bbox 1270 1691 1495 1762; x_wconf 81' lang='lat' dir='ltr'><strong>defensionem</strong></span> <span class='ocrx_word' id='word_1_65' title='bbox 1529 1690 1563 1760; x_wconf 92' lang='lat' dir='ltr'><strong>in</strong></span> <span class='ocrx_word' id='word_1_66' title='bbox 1598 1711 1686 1760; x_wconf 89' lang='lat' dir='ltr'><strong>novo</strong></span> 
     </span>
     <span class='ocr_line' id='line_1_10' title="bbox 481 1814 1686 1908; baseline -0.003 -21"><span class='ocrx_word' id='word_1_67' title='bbox 481 1817 619 1887; x_wconf 91' lang='lat' dir='ltr'><strong>consilio</strong></span> <span class='ocrx_word' id='word_1_68' title='bbox 645 1839 711 1886; x_wconf 94' lang='lat' dir='ltr'><strong>uon</strong></span> <span class='ocrx_word' id='word_1_69' title='bbox 741 1817 837 1886; x_wconf 88' lang='lat' dir='ltr'><strong>statui</strong></span> <span class='ocrx_word' id='word_1_70' title='bbox 869 1838 1001 1908; x_wconf 90' lang='lat' dir='ltr'><strong>parare,</strong></span> <span class='ocrx_word' id='word_1_71' title='bbox 1028 1815 1283 1887; x_wconf 82' lang='lat' dir='ltr'><strong>satisfactionem</strong></span> <span class='ocrx_word' id='word_1_72' title='bbox 1308 1838 1352 1886; x_wconf 85' lang='lat' dir='ltr'><strong>ex</strong></span> <span class='ocrx_word' id='word_1_73' title='bbox 1375 1817 1469 1886; x_wconf 91' lang='lat' dir='ltr'><strong>nulla</strong></span> <span class='ocrx_word' id='word_1_74' title='bbox 1485 1814 1686 1886; x_wconf 89' lang='lat' dir='ltr'><strong>conscientia</strong></span> 
     </span>
     <span class='ocr_line' id='line_1_11' title="bbox 481 1938 1688 2034; baseline -0.002 -22"><span class='ocrx_word' id='word_1_75' title='bbox 481 1943 522 2012; x_wconf 91' lang='lat' dir='ltr'><strong>dc</strong></span> <span class='ocrx_word' id='word_1_76' title='bbox 548 1942 645 2034; x_wconf 92' lang='lat' dir='ltr'><strong>culpa</strong></span> <span class='ocrx_word' id='word_1_77' title='bbox 677 1960 863 2033; x_wconf 85' lang='lat' dir='ltr'><strong>proponere</strong></span> <span class='ocrx_word' id='word_1_78' title='bbox 889 1938 1037 2022; x_wconf 83' lang='lat' dir='ltr'><strong>decrevi,</strong></span> <span class='ocrx_word' id='word_1_79' title='bbox 1079 1960 1180 2031; x_wconf 89' lang='lat' dir='ltr'><strong>quam</strong></span> <span class='ocrx_word' id='word_1_80' title='bbox 1206 1939 1434 2011; x_wconf 89' lang='lat' dir='ltr'><strong>mediusfidius</strong></span> <span class='ocrx_word' id='word_1_81' title='bbox 1471 1961 1584 2010; x_wconf 84' lang='lat' dir='ltr'><strong>veram</strong></span> <span class='ocrx_word' id='word_1_82' title='bbox 1608 1940 1688 2009; x_wconf 89' lang='lat' dir='ltr'><strong>licet</strong></span> 
     </span>
    </p>
   </div>
   <div class='ocr_carea' id='block_1_3' title="bbox 346 2047 1689 2160">
    <p class='ocr_par' dir='ltr' id='par_1_4' title="bbox 346 2047 1689 2160">
     <span class='ocr_line' id='line_1_12' title="bbox 346 2047 1689 2160; baseline -0.004 -21"><span class='ocrx_word' id='word_1_83' title='bbox 346 2047 349 2054; x_wconf 32' lang='lat'>⁸</span> <span class='ocrx_word' id='word_1_84' title='bbox 480 2090 673 2160; x_wconf 84' lang='lat' dir='ltr'><strong>cognoscas.</strong></span> <span class='ocrx_word' id='word_1_85' title='bbox 736 2065 869 2137; x_wconf 85' lang='lat' dir='ltr'><strong>Iniuriis</strong></span> <span class='ocrx_word' id='word_1_86' title='bbox 906 2065 1179 2158; x_wconf 86' lang='lat' dir='ltr'><strong>contumeliisque</strong></span> <span class='ocrx_word' id='word_1_87' title='bbox 1217 2065 1412 2150; x_wconf 89' lang='lat' dir='ltr'><strong>concitatus,</strong></span> <span class='ocrx_word' id='word_1_88' title='bbox 1455 2066 1544 2159; x_wconf 91' lang='lat' dir='ltr'><strong>qnod</strong></span> <span class='ocrx_word' id='word_1_89' title='bbox 1579 2065 1689 2134; x_wconf 89' lang='lat' dir='ltr'><strong>fructu</strong></span> 
     </span>
    </p>
   </div>
   <div class='ocr_carea' id='block_1_4' title="bbox 391 2189 1699 4768">
    <p class='ocr_par' dir='ltr' id='par_1_5' title="bbox 480 2189 1695 3525">
     <span class='ocr_line' id='line_1_13' title="bbox 480 2189 1689 2283; baseline -0.002 -23"><span class='ocrx_word' id='word_1_90' title='bbox 480 2189 603 2262; x_wconf 87' lang='lat' dir='ltr'><strong>laboris</strong></span> <span class='ocrx_word' id='word_1_91' title='bbox 616 2189 852 2281; x_wconf 78' lang='lat' dir='ltr'><strong>industriaque</strong></span> <span class='ocrx_word' id='word_1_92' title='bbox 868 2209 952 2259; x_wconf 77' lang='lat' dir='ltr'><strong>meac</strong></span> <span class='ocrx_word' id='word_1_93' title='bbox 965 2189 1128 2282; x_wconf 84' lang='lat' dir='ltr'><strong>privatus,</strong></span> <span class='ocrx_word' id='word_1_94' title='bbox 1154 2199 1272 2259; x_wconf 86' lang='lat' dir='ltr'><strong>statum</strong></span> <span class='ocrx_word' id='word_1_95' title='bbox 1291 2189 1457 2280; x_wconf 83' lang='lat' dir='ltr'><strong>dignitatis</strong></span> <span class='ocrx_word' id='word_1_96' title='bbox 1474 2211 1540 2259; x_wconf 92' lang='lat' dir='ltr'><strong>non</strong></span> <span class='ocrx_word' id='word_1_97' title='bbox 1556 2191 1689 2283; x_wconf 90' lang='lat' dir='ltr'><strong>optine-</strong></span> 
     </span>
     <span class='ocr_line' id='line_1_14' title="bbox 481 2311 1689 2406; baseline 0 -22"><span class='ocrx_word' id='word_1_98' title='bbox 481 2315 577 2394; x_wconf 88' lang='lat' dir='ltr'><strong>bam,</strong></span> <span class='ocrx_word' id='word_1_99' title='bbox 623 2312 792 2406; x_wconf 89' lang='lat' dir='ltr'><strong>publicam</strong></span> <span class='ocrx_word' id='word_1_100' title='bbox 829 2312 1027 2382; x_wconf 91' lang='lat' dir='ltr'><strong>miserorum</strong></span> <span class='ocrx_word' id='word_1_101' title='bbox 1064 2335 1198 2384; x_wconf 86' lang='lat' dir='ltr'><strong>causam</strong></span> <span class='ocrx_word' id='word_1_102' title='bbox 1235 2335 1296 2405; x_wconf 90' lang='lat' dir='ltr'><strong>pro</strong></span> <span class='ocrx_word' id='word_1_103' title='bbox 1333 2335 1408 2386; x_wconf 92' lang='lat' dir='ltr'><strong>mea</strong></span> <span class='ocrx_word' id='word_1_104' title='bbox 1451 2311 1689 2384; x_wconf 88' lang='lat' dir='ltr'><strong>consuetudine</strong></span> 
     </span>
     <span class='ocr_line' id='line_1_15' title="bbox 481 2435 1689 2529; baseline -0.001 -23"><span class='ocrx_word' id='word_1_105' title='bbox 481 2437 628 2529; x_wconf 86' lang='lat' dir='ltr'><strong>suscepi,</strong></span> <span class='ocrx_word' id='word_1_106' title='bbox 655 2457 721 2505; x_wconf 94' lang='lat' dir='ltr'><strong>non</strong></span> <span class='ocrx_word' id='word_1_107' title='bbox 747 2435 827 2527; x_wconf 91' lang='lat' dir='ltr'><strong>quin</strong></span> <span class='ocrx_word' id='word_1_108' title='bbox 854 2457 899 2504; x_wconf 84' lang='lat' dir='ltr'><strong>aes</strong></span> <span class='ocrx_word' id='word_1_109' title='bbox 916 2436 1062 2506; x_wconf 91' lang='lat' dir='ltr'><strong>alienum</strong></span> <span class='ocrx_word' id='word_1_110' title='bbox 1081 2435 1162 2506; x_wconf 89' lang='lat' dir='ltr'><strong>meis</strong></span> <span class='ocrx_word' id='word_1_111' title='bbox 1187 2435 1376 2507; x_wconf 89' lang='lat' dir='ltr'><strong>nominibus</strong></span> <span class='ocrx_word' id='word_1_112' title='bbox 1402 2459 1445 2507; x_wconf 85' lang='lat' dir='ltr'><strong>ex</strong></span> <span class='ocrx_word' id='word_1_113' title='bbox 1469 2437 1689 2529; x_wconf 84' lang='lat' dir='ltr'><strong>possessioni-</strong></span> 
     </span>
     <span class='ocr_line' id='line_1_16' title="bbox 481 2560 1690 2652; baseline 0.002 -22"><span class='ocrx_word' id='word_1_114' title='bbox 481 2560 542 2630; x_wconf 88' lang='lat' dir='ltr'><strong>bus</strong></span> <span class='ocrx_word' id='word_1_115' title='bbox 576 2560 705 2630; x_wconf 88' lang='lat' dir='ltr'><strong>solverc</strong></span> <span class='ocrx_word' id='word_1_116' title='bbox 736 2581 882 2652; x_wconf 90' lang='lat' dir='ltr'><strong>possem,</strong></span> <span class='ocrx_word' id='word_1_117' title='bbox 933 2581 1009 2630; x_wconf 91' lang='lat' dir='ltr'><strong>curn</strong></span> <span class='ocrx_word' id='word_1_118' title='bbox 1044 2571 1076 2629; x_wconf 88' lang='lat' dir='ltr'><strong>et</strong></span> <span class='ocrx_word' id='word_1_119' title='bbox 1109 2560 1226 2630; x_wconf 90' lang='lat' dir='ltr'><strong>alienis</strong></span> <span class='ocrx_word' id='word_1_120' title='bbox 1263 2560 1453 2631; x_wconf 88' lang='lat' dir='ltr'><strong>nominibus</strong></span> <span class='ocrx_word' id='word_1_121' title='bbox 1507 2561 1690 2633; x_wconf 85' lang='lat' dir='ltr'><strong>liberalitas</strong></span> 
     </span>
     <span class='ocr_line' id='line_1_17' title="bbox 481 2685 1691 2779; baseline -0.002 -22"><span class='ocrx_word' id='word_1_122' title='bbox 481 2685 648 2757; x_wconf 76' lang='lat' dir='ltr'><strong>Orestilla</strong></span> <span class='ocrx_word' id='word_1_123' title='bbox 681 2685 748 2755; x_wconf 90' lang='lat' dir='ltr'><strong>suis</strong></span> <span class='ocrx_word' id='word_1_124' title='bbox 766 2685 910 2777; x_wconf 74' lang='lat' dir='ltr'><strong>liliaque</strong></span> <span class='ocrx_word' id='word_1_125' title='bbox 928 2685 1031 2778; x_wconf 91' lang='lat' dir='ltr'><strong>copiis</strong></span> <span class='ocrx_word' id='word_1_126' title='bbox 1056 2687 1270 2779; x_wconf 82' lang='lat' dir='ltr'><strong>persolveret3</strong></span> <span class='ocrx_word' id='word_1_127' title='bbox 1297 2686 1354 2757; x_wconf 88' lang='lat' dir='ltr'><strong>sed</strong></span> <span class='ocrx_word' id='word_1_128' title='bbox 1372 2687 1460 2779; x_wconf 94' lang='lat' dir='ltr'><strong>qnod</strong></span> <span class='ocrx_word' id='word_1_129' title='bbox 1484 2709 1553 2757; x_wconf 91' lang='lat' dir='ltr'><strong>non</strong></span> <span class='ocrx_word' id='word_1_130' title='bbox 1570 2685 1691 2777; x_wconf 86' lang='lat' dir='ltr'><strong>dignos</strong></span> 
     </span>
     <span class='ocr_line' id='line_1_18' title="bbox 482 2809 1691 2904; baseline 0.002 -26"><span class='ocrx_word' id='word_1_131' title='bbox 482 2809 635 2878; x_wconf 89' lang='lat' dir='ltr'><strong>bomiucs</strong></span> <span class='ocrx_word' id='word_1_132' title='bbox 666 2810 791 2898; x_wconf 87' lang='lat' dir='ltr'><strong>honore</strong></span> <span class='ocrx_word' id='word_1_133' title='bbox 826 2809 1012 2879; x_wconf 88' lang='lat' dir='ltr'><strong>honestatos</strong></span> <span class='ocrx_word' id='word_1_134' title='bbox 1037 2809 1205 2894; x_wconf 81' lang='lat' dir='ltr'><strong>videbam,</strong></span> <span class='ocrx_word' id='word_1_135' title='bbox 1237 2831 1357 2904; x_wconf 91' lang='lat' dir='ltr'><strong>meque</strong></span> <span class='ocrx_word' id='word_1_136' title='bbox 1389 2811 1472 2882; x_wconf 88' lang='lat' dir='ltr'><strong>falsa</strong></span> <span class='ocrx_word' id='word_1_137' title='bbox 1502 2811 1691 2904; x_wconf 89' lang='lat' dir='ltr'><strong>suspicione</strong></span> 
     </span>
     <span class='ocr_line' id='line_1_19' title="bbox 482 2931 1692 3029; baseline 0.001 -26"><span class='ocrx_word' id='word_1_138' title='bbox 482 2934 661 3003; x_wconf 89' lang='lat' dir='ltr'><strong>alienatum</strong></span> <span class='ocrx_word' id='word_1_139' title='bbox 700 2953 771 3001; x_wconf 88' lang='lat' dir='ltr'><strong>esse</strong></span> <span class='ocrx_word' id='word_1_140' title='bbox 805 2931 998 3002; x_wconf 89' lang='lat' dir='ltr'><strong>sentiebam.</strong></span> <span class='ocrx_word' id='word_1_141' title='bbox 1049 2935 1124 3003; x_wconf 87' lang='lat' dir='ltr'><strong>Hoc</strong></span> <span class='ocrx_word' id='word_1_142' title='bbox 1157 2934 1291 3004; x_wconf 89' lang='lat' dir='ltr'><strong>nomine</strong></span> <span class='ocrx_word' id='word_1_143' title='bbox 1327 2933 1405 3004; x_wconf 89' lang='lat' dir='ltr'><strong>satis</strong></span> <span class='ocrx_word' id='word_1_144' title='bbox 1443 2933 1597 3004; x_wconf 87' lang='lat' dir='ltr'><strong>honestas</strong></span> <span class='ocrx_word' id='word_1_145' title='bbox 1629 2958 1692 3029; x_wconf 92' lang='lat' dir='ltr'><strong>pro</strong></span> 
     </span>
     <span class='ocr_line' id='line_1_20' title="bbox 481 3057 1692 3152; baseline 0 -24"><span class='ocrx_word' id='word_1_146' title='bbox 481 3081 558 3128; x_wconf 91' lang='lat' dir='ltr'><strong>meo</strong></span> <span class='ocrx_word' id='word_1_147' title='bbox 590 3081 666 3129; x_wconf 88' lang='lat' dir='ltr'><strong>casu</strong></span> <span class='ocrx_word' id='word_1_148' title='bbox 698 3081 772 3152; x_wconf 89' lang='lat' dir='ltr'><strong>spes</strong></span> <span class='ocrx_word' id='word_1_149' title='bbox 805 3058 943 3151; x_wconf 85' lang='lat' dir='ltr'><strong>reliqnae</strong></span> <span class='ocrx_word' id='word_1_150' title='bbox 976 3057 1143 3150; x_wconf 84' lang='lat' dir='ltr'><strong>dignitatis</strong></span> <span class='ocrx_word' id='word_1_151' title='bbox 1177 3059 1408 3131; x_wconf 77' lang='lat' dir='ltr'><strong>conservanda</strong></span> <span class='ocrx_word' id='word_1_152' title='bbox 1442 3081 1516 3130; x_wconf 91' lang='lat' dir='ltr'><strong>sum</strong></span> <span class='ocrx_word' id='word_1_153' title='bbox 1545 3071 1692 3130; x_wconf 87' lang='lat' dir='ltr'><strong>secutus.</strong></span> 
     </span>
     <span class='ocr_line' id='line_1_21' title="bbox 482 3183 1692 3278; baseline 0.001 -25"><span class='ocrx_word' id='word_1_154' title='bbox 482 3183 582 3254; x_wconf 85' lang='lat' dir='ltr'><strong>Plura</strong></span> <span class='ocrx_word' id='word_1_155' title='bbox 608 3207 684 3254; x_wconf 87' lang='lat' dir='ltr'><strong>cum</strong></span> <span class='ocrx_word' id='word_1_156' title='bbox 719 3183 866 3254; x_wconf 89' lang='lat' dir='ltr'><strong>scribere</strong></span> <span class='ocrx_word' id='word_1_157' title='bbox 890 3183 1029 3264; x_wconf 83' lang='lat' dir='ltr'><strong>vellem,</strong></span> <span class='ocrx_word' id='word_1_158' title='bbox 1062 3184 1250 3254; x_wconf 84' lang='lat' dir='ltr'><strong>nuntiatum</strong></span> <span class='ocrx_word' id='word_1_159' title='bbox 1276 3195 1324 3254; x_wconf 89' lang='lat' dir='ltr'><strong>est</strong></span> <span class='ocrx_word' id='word_1_160' title='bbox 1356 3184 1424 3256; x_wconf 87' lang='lat' dir='ltr'><strong>vim</strong></span> <span class='ocrx_word' id='word_1_161' title='bbox 1449 3184 1533 3256; x_wconf 90' lang='lat' dir='ltr'><strong>mibi</strong></span> <span class='ocrx_word' id='word_1_162' title='bbox 1565 3185 1692 3278; x_wconf 87' lang='lat' dir='ltr'><strong>parari.</strong></span> 
     </span>
     <span class='ocr_line' id='line_1_22' title="bbox 483 3307 1695 3400; baseline 0.002 -22"><span class='ocrx_word' id='word_1_163' title='bbox 483 3310 580 3378; x_wconf 90' lang='lat' dir='ltr'><strong>Nunc</strong></span> <span class='ocrx_word' id='word_1_164' title='bbox 597 3308 787 3380; x_wconf 88' lang='lat' dir='ltr'><strong>Orestillam</strong></span> <span class='ocrx_word' id='word_1_165' title='bbox 806 3307 1002 3378; x_wconf 91' lang='lat' dir='ltr'><strong>commendo</strong></span> <span class='ocrx_word' id='word_1_166' title='bbox 1019 3318 1150 3400; x_wconf 76' lang='lat' dir='ltr'><strong>tuaeque</strong></span> <span class='ocrx_word' id='word_1_167' title='bbox 1175 3307 1254 3379; x_wconf 87' lang='lat' dir='ltr'><strong>fidei</strong></span> <span class='ocrx_word' id='word_1_168' title='bbox 1270 3309 1384 3390; x_wconf 82' lang='lat' dir='ltr'><strong>trado;</strong></span> <span class='ocrx_word' id='word_1_169' title='bbox 1410 3331 1483 3381; x_wconf 88' lang='lat' dir='ltr'><strong>earn</strong></span> <span class='ocrx_word' id='word_1_170' title='bbox 1508 3309 1551 3380; x_wconf 88' lang='lat' dir='ltr'><strong>ab</strong></span> <span class='ocrx_word' id='word_1_171' title='bbox 1568 3310 1695 3380; x_wconf 91' lang='lat' dir='ltr'><strong>iniuria</strong></span> 
     </span>
     <span class='ocr_line' id='line_1_23' title="bbox 483 3431 1355 3525; baseline 0 -23"><span class='ocrx_word' id='word_1_172' title='bbox 483 3431 640 3503; x_wconf 85' lang='lat' dir='ltr'><strong>defendas</strong></span> <span class='ocrx_word' id='word_1_173' title='bbox 664 3453 725 3525; x_wconf 89' lang='lat' dir='ltr'><strong>per</strong></span> <span class='ocrx_word' id='word_1_174' title='bbox 739 3431 871 3502; x_wconf 83' lang='lat' dir='ltr'><strong>liberos</strong></span> <span class='ocrx_word' id='word_1_175' title='bbox 897 3441 970 3501; x_wconf 89' lang='lat' dir='ltr'><strong>tuos</strong></span> <span class='ocrx_word' id='word_1_176' title='bbox 995 3439 1141 3522; x_wconf 83' lang='lat' dir='ltr'><strong>rogatus.</strong></span> <span class='ocrx_word' id='word_1_177' title='bbox 1193 3431 1355 3502; x_wconf 78' lang='lat' dir='ltr'><strong>Havete.»</strong></span> 
     </span>
    </p>

    <p class='ocr_par' dir='ltr' id='par_1_6' title="bbox 391 3555 1699 4768">
     <span class='ocr_line' id='line_1_24' title="bbox 556 3555 1696 3650; baseline -0.002 -24"><span class='ocrx_word' id='word_1_178' title='bbox 556 3578 677 3626; x_wconf 82' lang='lat' dir='ltr'><strong>xxxvi.</strong></span> <span class='ocrx_word' id='word_1_179' title='bbox 729 3556 793 3626; x_wconf 91' lang='lat' dir='ltr'><strong>Sed</strong></span> <span class='ocrx_word' id='word_1_180' title='bbox 819 3557 889 3650; x_wconf 88' lang='lat' dir='ltr'><strong>ipse</strong></span> <span class='ocrx_word' id='word_1_181' title='bbox 914 3577 1036 3648; x_wconf 89' lang='lat' dir='ltr'><strong>paucos</strong></span> <span class='ocrx_word' id='word_1_182' title='bbox 1062 3555 1131 3625; x_wconf 87' lang='lat' dir='ltr'><strong>dics</strong></span> <span class='ocrx_word' id='word_1_183' title='bbox 1148 3565 1370 3626; x_wconf 87' lang='lat' dir='ltr'><strong>commoratus</strong></span> <span class='ocrx_word' id='word_1_184' title='bbox 1394 3555 1482 3650; x_wconf 91' lang='lat' dir='ltr'><strong>apud</strong></span> <span class='ocrx_word' id='word_1_185' title='bbox 1508 3557 1546 3628; x_wconf 85' lang='lat' dir='ltr'><strong>C.</strong></span> <span class='ocrx_word' id='word_1_186' title='bbox 1565 3557 1696 3627; x_wconf 76' lang='lat' dir='ltr'><strong>flami-</strong></span> 
     </span>
     <span class='ocr_line' id='line_1_25' title="bbox 483 3679 1693 3774; baseline -0.001 -23"><span class='ocrx_word' id='word_1_187' title='bbox 483 3682 576 3752; x_wconf 88' lang='lat' dir='ltr'><strong>nium</strong></span> <span class='ocrx_word' id='word_1_188' title='bbox 608 3683 643 3752; x_wconf 93' lang='lat' dir='ltr'><strong>in</strong></span> <span class='ocrx_word' id='word_1_189' title='bbox 677 3705 758 3774; x_wconf 83' lang='lat' dir='ltr'><strong>agro</strong></span> <span class='ocrx_word' id='word_1_190' title='bbox 792 3681 952 3764; x_wconf 87' lang='lat' dir='ltr'><strong>Reatino,</strong></span> <span class='ocrx_word' id='word_1_191' title='bbox 988 3679 1068 3752; x_wconf 93' lang='lat' dir='ltr'><strong>dum</strong></span> <span class='ocrx_word' id='word_1_192' title='bbox 1102 3682 1305 3753; x_wconf 88' lang='lat' dir='ltr'><strong>vicinitatem</strong></span> <span class='ocrx_word' id='word_1_193' title='bbox 1335 3693 1432 3752; x_wconf 87' lang='lat' dir='ltr'><strong>antea</strong></span> <span class='ocrx_word' id='word_1_194' title='bbox 1465 3682 1693 3763; x_wconf 82' lang='lat' dir='ltr'><strong>sollicitatam,</strong></span> 
     </span>
     <span class='ocr_line' id='line_1_26' title="bbox 484 3803 1696 3899; baseline -0.002 -23"><span class='ocrx_word' id='word_1_195' title='bbox 484 3806 586 3876; x_wconf 90' lang='lat' dir='ltr'><strong>armis</strong></span> <span class='ocrx_word' id='word_1_196' title='bbox 611 3817 766 3888; x_wconf 84' lang='lat' dir='ltr'><strong>exornat,</strong></span> <span class='ocrx_word' id='word_1_197' title='bbox 803 3826 879 3874; x_wconf 90' lang='lat' dir='ltr'><strong>cum</strong></span> <span class='ocrx_word' id='word_1_198' title='bbox 926 3803 1069 3874; x_wconf 82' lang='lat' dir='ltr'><strong>fascibus</strong></span> <span class='ocrx_word' id='word_1_199' title='bbox 1103 3817 1201 3897; x_wconf 90' lang='lat' dir='ltr'><strong>atque</strong></span> <span class='ocrx_word' id='word_1_200' title='bbox 1235 3805 1309 3876; x_wconf 90' lang='lat' dir='ltr'><strong>aliis</strong></span> <span class='ocrx_word' id='word_1_201' title='bbox 1343 3805 1474 3899; x_wconf 90' lang='lat' dir='ltr'><strong>imperii</strong></span> <span class='ocrx_word' id='word_1_202' title='bbox 1505 3804 1696 3894; x_wconf 82' lang='lat' dir='ltr'><strong>insignibus</strong></span> 
     </span>
     <span class='ocr_line' id='line_1_27' title="bbox 484 3927 1697 4021; baseline -0.001 -21"><span class='ocrx_word' id='word_1_203' title='bbox 484 3931 518 4000; x_wconf 94' lang='lat' dir='ltr'><strong>in</strong></span> <span class='ocrx_word' id='word_1_204' title='bbox 545 3939 650 4000; x_wconf 88' lang='lat' dir='ltr'><strong>castra</strong></span> <span class='ocrx_word' id='word_1_205' title='bbox 676 3927 717 3998; x_wconf 88' lang='lat' dir='ltr'><strong>ad</strong></span> <span class='ocrx_word' id='word_1_206' title='bbox 742 3929 904 4000; x_wconf 83' lang='lat' dir='ltr'><strong>Manlium</strong></span> <span class='ocrx_word' id='word_1_207' title='bbox 936 3928 1113 3998; x_wconf 87' lang='lat' dir='ltr'><strong>contendit.</strong></span> <span class='ocrx_word' id='word_1_208' title='bbox 1166 3928 1248 3998; x_wconf 81' lang='lat' dir='ltr'><strong>Haec</strong></span> <span class='ocrx_word' id='word_1_209' title='bbox 1280 3928 1338 3998; x_wconf 93' lang='lat' dir='ltr'><strong>ubi</strong></span> <span class='ocrx_word' id='word_1_210' title='bbox 1372 3931 1487 3999; x_wconf 75' lang='lat' dir='ltr'><strong>noma</strong></span> <span class='ocrx_word' id='word_1_211' title='bbox 1522 3939 1697 4021; x_wconf 90' lang='lat' dir='ltr'><strong>comperta</strong></span> 
     </span>
     <span class='ocr_line' id='line_1_28' title="bbox 484 4051 1697 4136; baseline -0.002 -12"><span class='ocrx_word' id='word_1_212' title='bbox 484 4065 578 4136; x_wconf 86' lang='lat' dir='ltr'><strong>suut,</strong></span> <span class='ocrx_word' id='word_1_213' title='bbox 617 4063 748 4124; x_wconf 89' lang='lat' dir='ltr'><strong>senatus</strong></span> <span class='ocrx_word' id='word_1_214' title='bbox 782 4052 959 4122; x_wconf 81' lang='lat' dir='ltr'><strong>Catilinam</strong></span> <span class='ocrx_word' id='word_1_215' title='bbox 998 4063 1031 4120; x_wconf 91' lang='lat' dir='ltr'><strong>et</strong></span> <span class='ocrx_word' id='word_1_216' title='bbox 1063 4052 1223 4122; x_wconf 88' lang='lat' dir='ltr'><strong>blanlium</strong></span> <span class='ocrx_word' id='word_1_217' title='bbox 1249 4051 1359 4122; x_wconf 89' lang='lat' dir='ltr'><strong>hostes</strong></span> <span class='ocrx_word' id='word_1_218' title='bbox 1393 4051 1533 4132; x_wconf 88' lang='lat' dir='ltr'><strong>iudicat;</strong></span> <span class='ocrx_word' id='word_1_219' title='bbox 1573 4063 1697 4122; x_wconf 70' lang='lat' dir='ltr'><strong>ceterae</strong></span> 
     </span>
     <span class='ocr_line' id='line_1_29' title="bbox 483 4175 1698 4268; baseline -0.002 -20"><span class='ocrx_word' id='word_1_220' title='bbox 483 4177 686 4250; x_wconf 90' lang='lat' dir='ltr'><strong>multitudini</strong></span> <span class='ocrx_word' id='word_1_221' title='bbox 720 4176 809 4247; x_wconf 91' lang='lat' dir='ltr'><strong>diem</strong></span> <span class='ocrx_word' id='word_1_222' title='bbox 843 4176 967 4258; x_wconf 80' lang='lat' dir='ltr'><strong>statuit,</strong></span> <span class='ocrx_word' id='word_1_223' title='bbox 1007 4187 1083 4244; x_wconf 86' lang='lat' dir='ltr'><strong>ante</strong></span> <span class='ocrx_word' id='word_1_224' title='bbox 1100 4199 1217 4268; x_wconf 50' lang='lat' dir='ltr'><strong>,quam</strong></span> <span class='ocrx_word' id='word_1_225' title='bbox 1251 4177 1322 4246; x_wconf 90' lang='lat' dir='ltr'><strong>sine</strong></span> <span class='ocrx_word' id='word_1_226' title='bbox 1355 4176 1471 4246; x_wconf 80' lang='lat' dir='ltr'><strong>baudo</strong></span> <span class='ocrx_word' id='word_1_227' title='bbox 1502 4175 1619 4246; x_wconf 91' lang='lat' dir='ltr'><strong>liceret</strong></span> <span class='ocrx_word' id='word_1_228' title='bbox 1652 4177 1698 4247; x_wconf 86' lang='lat' dir='ltr'><strong>ab</strong></span> 
     </span>
     <span class='ocr_line' id='line_1_30' title="bbox 484 4299 1698 4392; baseline 0 -21"><span class='ocrx_word' id='word_1_229' title='bbox 484 4301 585 4372; x_wconf 89' lang='lat' dir='ltr'><strong>armis</strong></span> <span class='ocrx_word' id='word_1_230' title='bbox 620 4299 790 4371; x_wconf 89' lang='lat' dir='ltr'><strong>discedere</strong></span> <span class='ocrx_word' id='word_1_231' title='bbox 815 4308 934 4391; x_wconf 85' lang='lat' dir='ltr'><strong>praeter</strong></span> <span class='ocrx_word' id='word_1_232' title='bbox 959 4320 1071 4369; x_wconf 91' lang='lat' dir='ltr'><strong>rerum</strong></span> <span class='ocrx_word' id='word_1_233' title='bbox 1097 4299 1287 4392; x_wconf 88' lang='lat' dir='ltr'><strong>capitalium</strong></span> <span class='ocrx_word' id='word_1_234' title='bbox 1314 4299 1550 4370; x_wconf 86' lang='lat' dir='ltr'><strong>condemnatis.</strong></span> <span class='ocrx_word' id='word_1_235' title='bbox 1602 4303 1698 4370; x_wconf 81' lang='lat' dir='ltr'><strong>Prae-</strong></span> 
     </span>
     <span class='ocr_line' id='line_1_31' title="bbox 484 4424 1699 4508; baseline -0.002 -12"><span class='ocrx_word' id='word_1_236' title='bbox 484 4437 573 4499; x_wconf 91' lang='lat' dir='ltr'><strong>terea</strong></span> <span class='ocrx_word' id='word_1_237' title='bbox 622 4427 790 4508; x_wconf 90' lang='lat' dir='ltr'><strong>decernit,</strong></span> <span class='ocrx_word' id='word_1_238' title='bbox 830 4427 876 4496; x_wconf 89' lang='lat' dir='ltr'><strong>uti</strong></span> <span class='ocrx_word' id='word_1_239' title='bbox 919 4424 1071 4495; x_wconf 92' lang='lat' dir='ltr'><strong>consules</strong></span> <span class='ocrx_word' id='word_1_240' title='bbox 1113 4424 1278 4496; x_wconf 90' lang='lat' dir='ltr'><strong>delectum</strong></span> <span class='ocrx_word' id='word_1_241' title='bbox 1323 4424 1482 4506; x_wconf 88' lang='lat' dir='ltr'><strong>babeant,</strong></span> <span class='ocrx_word' id='word_1_242' title='bbox 1529 4425 1699 4495; x_wconf 77' lang='lat' dir='ltr'><strong>Antonius</strong></span> 
     </span>
     <span class='ocr_line' id='line_1_32' title="bbox 391 4548 1699 4653; baseline -0.004 -30"><span class='ocrx_word' id='word_1_243' title='bbox 391 4637 401 4653; x_wconf 35' lang='lat'>⁸</span> <span class='ocrx_word' id='word_1_244' title='bbox 485 4575 559 4623; x_wconf 88' lang='lat' dir='ltr'><strong>cum</strong></span> <span class='ocrx_word' id='word_1_245' title='bbox 586 4553 731 4622; x_wconf 86' lang='lat' dir='ltr'><strong>exercitu</strong></span> <span class='ocrx_word' id='word_1_246' title='bbox 749 4549 925 4621; x_wconf 84' lang='lat' dir='ltr'><strong>Catilinam</strong></span> <span class='ocrx_word' id='word_1_247' title='bbox 951 4550 1107 4642; x_wconf 87' lang='lat' dir='ltr'><strong>persequi</strong></span> <span class='ocrx_word' id='word_1_248' title='bbox 1132 4559 1283 4630; x_wconf 80' lang='lat' dir='ltr'><strong>maturat,</strong></span> <span class='ocrx_word' id='word_1_249' title='bbox 1310 4549 1427 4620; x_wconf 89' lang='lat' dir='ltr'><strong>Cicero</strong></span> <span class='ocrx_word' id='word_1_250' title='bbox 1447 4548 1523 4618; x_wconf 88' lang='lat' dir='ltr'><strong>mbi</strong></span> <span class='ocrx_word' id='word_1_251' title='bbox 1540 4549 1699 4642; x_wconf 76' lang='lat' dir='ltr'><strong>prasidio</strong></span> 
     </span>
     <span class='ocr_line' id='line_1_33' title="bbox 485 4674 1699 4768; baseline 0 -25"><span class='ocrx_word' id='word_1_252' title='bbox 485 4677 534 4744; x_wconf 89' lang='lat' dir='ltr'><strong>sit.</strong></span> <span class='ocrx_word' id='word_1_253' title='bbox 598 4679 649 4746; x_wconf 89' lang='lat' dir='ltr'><strong>Ea</strong></span> <span class='ocrx_word' id='word_1_254' title='bbox 692 4687 881 4768; x_wconf 88' lang='lat' dir='ltr'><strong>tempestate</strong></span> <span class='ocrx_word' id='word_1_255' title='bbox 920 4674 1000 4744; x_wconf 90' lang='lat' dir='ltr'><strong>mibi</strong></span> <span class='ocrx_word' id='word_1_256' title='bbox 1044 4675 1217 4767; x_wconf 87' lang='lat' dir='ltr'><strong>imperium</strong></span> <span class='ocrx_word' id='word_1_257' title='bbox 1260 4675 1373 4767; x_wconf 93' lang='lat' dir='ltr'><strong>populi</strong></span> <span class='ocrx_word' id='word_1_258' title='bbox 1414 4675 1556 4745; x_wconf 87' lang='lat' dir='ltr'><strong>Romani</strong></span> <span class='ocrx_word' id='word_1_259' title='bbox 1590 4676 1699 4746; x_wconf 90' lang='lat' dir='ltr'><strong>multu</strong></span> 
     </span>
    </p>
   </div>
   <div class='ocr_carea' id='block_1_5' title="bbox 0 0 1823 5592">
    <p class='ocr_par' dir='ltr' id='par_1_7' title="bbox 0 0 1823 5592">
     <span class='ocr_line' id='line_1_34' title="bbox 0 0 1823 5592; baseline 0 0"><span class='ocrx_word' id='word_1_260' title='bbox 0 0 1823 5592; x_wconf 95' lang='lat' dir='ltr'><strong> </strong></span> 
     </span>
    </p>
   </div>
  </div>
 </body>
</html>
