3582 5594
483 671 529 741 od

482 877 612 940 sanabis
637 867 745 938 vorbis
770 889 888 959 graves
913 868 1012 940 minae
1037 868 1285 951 nuntiabantur,
1324 869 1412 960 quod
1438 869 1481 939 ab
1513 869 1685 964 obpugna-

481 994 570 1064 tione
594 1017 663 1066 non
687 993 875 1077 desisteret,
909 995 1012 1066 multa
1038 1007 1148 1066 tamen
1181 995 1329 1065 oratione
1362 1005 1555 1089 consumpta
1587 997 1686 1089 legati

482 1119 602 1192 trustra
626 1119 816 1192 discessere.

557 1265 653 1314 xxm.
703 1245 754 1314 Ea
779 1252 952 1336 postquem
979 1242 1077 1314 Cirtoe
1103 1243 1215 1314 audita
1253 1253 1345 1324 sunt,
1380 1243 1504 1324 ltalioi,
1543 1266 1685 1335 quonum

481 1369 600 1440 virtute
624 1370 749 1440 moenia
774 1369 1046 1454 defensabantur,
1080 1369 1194 1440 conlisi
1230 1369 1397 1440 deditione
1430 1370 1516 1441 faeta
1552 1379 1687 1462 propter

484 1493 746 1583 magnitudinem
770 1493 884 1586 populi
909 1493 1051 1564 Romani
1085 1495 1256 1565 inviolatos
1282 1517 1354 1564 sese
1380 1495 1469 1575 lore,
1503 1492 1686 1565 Adherbali

481 1619 634 1703 suadent,
661 1619 710 1690 uti
734 1641 836 1713 saque
850 1629 883 1689 et
907 1620 1064 1713 oppidum
1083 1620 1251 1712 lugurthae
1275 1621 1400 1703 tradat,
1427 1631 1553 1690 tantum
1578 1617 1622 1686 ah
1648 1639 1687 1686 eo

481 1743 581 1812 vitam
606 1743 808 1836 paciscatur,
844 1743 885 1812 de
911 1742 1029 1812 ceteris
1061 1743 1189 1812 senatui
1221 1765 1309 1813 ourae
1344 1743 1424 1813 lore.
1474 1744 1518 1814 At
1545 1741 1604 1810 ille
1638 1751 1688 1810 ta-

481 1867 577 1937 metsi
602 1866 713 1938 omnia
738 1867 867 1960 potiora
892 1865 957 1936 fido
970 1866 1140 1957 Iugurtha
1165 1867 1317 1949 rebatur,
1345 1877 1453 1937 tamen
1480 1866 1559 1959 quia
1583 1886 1686 1957 penes

482 1988 631 2071 eosdem,
663 1989 692 2059 si
717 1988 965 2072 adversaretur,
999 1988 1142 2081 cogendi
1167 2000 1308 2084 potestas
1336 2000 1421 2073 erat,
1454 1989 1499 2059 ita
1531 1987 1579 2058 uti
1605 2011 1687 2058 cen·

481 2123 616 2184 suerunt
628 2111 746 2194 Italici,
764 2112 966 2182 deditionem
980 2112 1067 2182 lacit.
1093 2112 1198 2204 lgitur
1206 2112 1367 2204 Iugurtha
1383 2113 1417 2182 in
1427 2113 1541 2205 primis
1554 2112 1687 2183 Adher·

481 2235 592 2307 halem
617 2237 842 2307 excruciatum
867 2246 981 2320 necat,
1016 2236 1136 2307 deinde
1161 2258 1276 2306 omncs
1301 2236 1443 2330 puberes
1469 2237 1630 2307 Numidas
1656 2247 1685 2306 et

482 2361 700 2452 nogotiatores
738 2360 938 2454 promiscua,
980 2341 1042 2430 ati*
1065 2361 1205 2453 quisque
1247 2360 1381 2430 armatis
1419 2360 1535 2431 obvius
1567 2359 1686 2440 luerat,

481 2483 646 2554 interficit.

554 2627 661 2677 xxvu.
712 2605 810 2690 Quod
846 2614 1021 2698 postquam
1053 2605 1170 2676 Romae
1208 2607 1377 2698 cognitum
1411 2619 1461 2678 est
1493 2619 1525 2678 et
1562 2631 1616 2678 res
1652 2608 1686 2676 in

479 2739 596 2802 senatu
621 2729 740 2823 agitari
767 2739 891 2822 coepta,
917 2729 1005 2799 idem
1031 2728 1081 2798 illi
1099 2729 1239 2800 ministri
1264 2733 1353 2826 regis
1379 2732 1623 2828 interpellando
1647 2757 1687 2804 ac

481 2877 569 2948 saepe
593 2854 719 2947 gratia,
745 2852 911 2925 interdum
929 2853 1045 2944 iurgiis
1063 2853 1224 2925 trahendo
1244 2866 1372 2950 tempus
1390 2857 1592 2928 atrocitatem
1610 2859 1686 2928 lacti

427 3027 431 3034 -
482 2978 660 3049 leniehant.
697 2979 748 3049 lle
772 2978 809 3047 ni
833 2977 873 3049 G.
890 2977 1078 3059 Memmius,
1104 2977 1254 3049 tribunus
1279 2979 1386 3072 plebis
1410 2981 1611 3072 designatus,
1635 2983 1688 3052 vir

481 3125 558 3174 acer
583 3114 616 3173 et
640 3102 777 3173 infestus
801 3102 956 3194 potentiae
973 3100 1169 3182 nobilitatis,
1204 3104 1363 3197 populum
1390 3106 1578 3176 Romanum
1603 3107 1688 3176 edo-

480 3228 601 3297 cuisset
635 3226 668 3296 id
694 3225 765 3316 agi,
801 3235 837 3296 ut
869 3247 929 3317 per
953 3246 1075 3317 paucos
1102 3225 1252 3297 factiosos
1277 3227 1444 3318 Iugurtha
1470 3230 1577 3300 scelus
1604 3253 1688 3300 con-

480 3350 671 3429 donaretur,
703 3348 850 3442 protecto
874 3348 981 3418 omnis
1008 3347 1131 3418 invidia
1165 3351 1365 3442 prolatandis
1392 3354 1687 3425 consultationibus

479 3473 609 3568 dilapsa
642 3473 737 3544 leret.
797 3473 902 3542 Tanta
934 3471 985 3541 vis
1017 3471 1132 3563 gratias
1167 3485 1266 3567 atque
1298 3477 1448 3568 pecuniae
1481 3478 1571 3569 regis
1603 3490 1685 3549 erat

479 3598 546 3669 Sed
570 3597 627 3670 nbi
656 3609 787 3668 senatus
812 3595 925 3666 delicti
950 3597 1148 3666 conscicntia
1173 3600 1332 3690 populum
1358 3599 1469 3683 timct,
1497 3602 1571 3692 lege
1588 3603 1688 3672 Sem-

479 3723 596 3815 pronia
620 3721 799 3816 provinciae
825 3719 942 3790 tuturis
972 3719 1162 3791 consulibus
1192 3723 1349 3793 Numidia
1374 3737 1472 3819 atque
1497 3726 1591 3795 ltalia
1624 3726 1688 3795 de-

480 3857 596 3927 cretae3
622 3846 774 3916 consules
798 3843 956 3914 declarati
981 3845 1018 3914 P.
1045 3843 1155 3936 Scipio
1180 3847 1316 3930 Nasica,
1342 3850 1381 3919 L.
1406 3850 1516 3919 Rastia
1542 3850 1719 3944 Calpur-⁴

479 3971 575 4050 nimir
615 3969 796 4063 Calpurnio
833 3967 1009 4049 Numidia,
1057 3967 1203 4062 Scipioni
1241 3971 1337 4041 ltalia
1374 3973 1524 4056 obvenit;
1564 3972 1687 4043 deinde

479 4095 660 4177 exercitus,
695 4092 754 4188 qui
788 4091 822 4162 in
857 4091 1005 4161 Africam
1030 4101 1233 4184 portaretur,
1272 4094 1447 4177 scribitur,
1485 4096 1685 4189 stipendium

479 4229 581 4314 atqua
605 4217 684 4300 alia,
710 4237 785 4309 quae
810 4214 901 4285 bello
925 4214 999 4286 usui
1025 4215 1146 4298 forent,
1172 4215 1406 4288 decernuntur.

551 4365 673 4414 num.
723 4342 768 4412 At
791 4337 951 4431 Iugurtha
984 4347 1097 4409 contm
1125 4361 1217 4432 spem
1242 4340 1360 4411 nuntio
1382 4351 1534 4436 accepto,
1560 4342 1686 4436 quippe

479 4468 533 4538 cni
558 4468 672 4537 Romae
698 4463 810 4535 omnia
835 4485 957 4533 venum
975 4463 1024 4534 ire
1050 4463 1084 4534 in
1104 4463 1217 4534 animo
1230 4462 1392 4547 haeserat,
1417 4465 1524 4536 lilium
1549 4476 1686 4536 etcum

479 4614 521 4662 eo
545 4591 628 4661 duos
654 4587 835 4659 familiares
859 4586 903 4656 ad
929 4595 1080 4658 senatum
1109 4588 1235 4679 legatos
1258 4588 1357 4659 mittit
1388 4589 1506 4683 hisque
1531 4590 1578 4660 nti
1604 4589 1684 4672 illis,

478 4735 561 4806 quos
587 4709 782 4804 Hiempsale
819 4709 992 4780 interfecto
1016 4710 1160 4795 miserat,
1194 4713 1356 4806 praecipit,
1388 4735 1503 4786 omnes
1527 4714 1685 4786 mortales
