3582 5594
494 683 541 750 78

492 880 679 972 patefacere
704 901 851 971 crepere,
888 877 1042 949 nobilitas
1072 880 1171 948 noxia
1203 890 1301 973 atque
1333 901 1373 949 eo
1407 880 1558 971 perculsa
1597 879 1688 948 modo

493 1027 551 1096 per
577 1003 682 1073 socios
708 1026 747 1072 ac
778 1025 900 1072 nomen
926 1003 1095 1083 Latinum,
1129 1003 1295 1073 interdum
1325 1025 1386 1095 per
1419 1002 1544 1095 equites
1569 1005 1689 1074 lloma-

492 1149 564 1210 nos,
592 1149 674 1222 quos
692 1150 766 1220 spes
780 1125 942 1196 societatis
968 1149 988 1196 a
1012 1125 1111 1219 plebe
1127 1126 1320 1206 dimoverat,
1348 1127 1571 1198 Gracchorum
1590 1129 1690 1197 actio·

493 1252 590 1322 nibus
611 1250 744 1322 obviam
762 1249 846 1319 ierat
870 1262 903 1319 et
927 1249 1034 1342 primo
1051 1249 1235 1332 Tiberium,
1262 1249 1337 1321 dein
1356 1275 1477 1345 paucos
1499 1265 1571 1345 post
1590 1275 1690 1322 annos

492 1375 608 1445 eadem
622 1375 865 1465 ingredientem
882 1375 1012 1456 Gaium,
1038 1373 1205 1445 tribunum
1219 1375 1371 1456 altemm,
1385 1377 1524 1446 altemm
1542 1375 1690 1445 triumvi-

492 1521 567 1570 mm
584 1499 721 1570 coloniis
739 1497 951 1579 deducendis,
977 1520 1053 1568 cum
1067 1499 1112 1569 Μ.
1126 1498 1244 1569 Fulvio
1261 1499 1380 1569 Flacco
1403 1500 1490 1570 terro
1507 1511 1689 1570 necaverat.

492 1625 535 1694 Et
559 1646 638 1692 sane
664 1622 821 1694 Gracchis
846 1622 1001 1715 cupidine
1025 1621 1170 1692 victoriae
1196 1621 1284 1692 baud
1310 1623 1386 1692 satis
1407 1623 1595 1693 moderatus
1621 1625 1692 1692 ani-

492 1769 566 1818 mus
592 1748 663 1818 linit.
702 1746 766 1816 Sed
791 1744 879 1815 bono
904 1745 993 1815 vinci
1010 1745 1109 1816 satius
1123 1755 1171 1814 est
1195 1767 1294 1837 quam
1313 1746 1402 1815 malo
1419 1768 1510 1816 more
1536 1747 1691 1816 iniuriam

493 1872 637 1942 vincere.
675 1870 780 1961 lgitur
797 1892 837 1940 ea
862 1869 997 1940 victoria
1014 1869 1168 1939 nobilitas
1193 1891 1237 1938 ex
1253 1869 1401 1939 lubidine
1418 1893 1479 1940 sna
1503 1893 1578 1952 usa,
1605 1872 1693 1940 mul-

492 2005 541 2065 tos
566 1994 714 2065 mortalis
740 1994 828 2064 lerro
853 2003 909 2063 aut
936 1994 1016 2083 luga
1042 1992 1181 2063 extinxit
1205 1993 1348 2086 plusque
1374 1993 1408 2062 in
1439 1994 1606 2086 reliquum
1631 1964 1693 2063 sibi

493 2119 619 2189 timoris
645 2141 746 2212 quam
770 2116 923 2211 potentiae
949 2116 1085 2187 addidit.
1138 2117 1221 2200 Quae
1255 2139 1309 2186 res
1334 2117 1528 2211 plerumque
1555 2139 1693 2209 magnas

492 2243 640 2313 civitates
664 2263 796 2332 pessum
822 2239 930 2322 dedit,
957 2240 1036 2310 dum
1049 2241 1145 2310 alteri
1169 2240 1289 2310 alteros
1306 2240 1437 2311 vincere
1455 2241 1570 2332 quovis
1595 2241 1693 2310 modo

493 2381 524 2436 et
550 2367 651 2436 victos
676 2365 830 2435 acerbius
855 2364 971 2435 ulcisci
996 2364 1121 2434 volunt.
1172 2363 1237 2435 Sed
1275 2364 1316 2433 de
1349 2364 1464 2434 studiis
1496 2365 1638 2456 partium
1664 2377 1695 2434 et

493 2492 600 2562 omnis
635 2491 773 2562 civitatis
806 2489 954 2560 moribus
992 2488 1019 2555 si
1053 2487 1244 2578 singulatim
1281 2498 1337 2557 aut
1369 2510 1429 2580 pro
1462 2488 1694 2580 magnitudine

492 2638 606 2709 parem
620 2615 796 2695 disserere,
815 2626 944 2706 tempus
961 2633 1063 2707 quam
1077 2633 1129 2680 res
1146 2611 1306 2681 maturius
1319 2633 1373 2680 me
1387 2611 1526 2683 deseret.
1566 2613 1695 2695 Quam·

493 2738 609 2810 obrem
635 2739 677 2809 ad
704 2739 872 2831 inceptum
897 2736 1009 2807 redeo.

567 2885 661 2932 xnrrr.
711 2864 788 2932 Post
811 2860 891 2931 suti
917 2859 1022 2929 lmdus
1047 2858 1276 2951 exercitusque
1303 2859 1407 2929 nostri
1429 2858 1550 2930 toedam
1582 2862 1695 2952 lugam

492 2986 645 3058 Metellus
678 2996 710 3055 et
743 2984 886 3066 Silanus,
922 2982 1073 3053 consules
1098 2981 1276 3072 designati,
1315 2985 1501 3076 provincias
1533 2984 1622 3055 inter
1661 3011 1697 3055 se

492 3110 708 3203 partirerant3
736 3108 937 3201 Metelloque
954 3106 1111 3177 Numidia
1134 3118 1297 3189 evenerat,
1324 3107 1392 3177 acri
1419 3109 1490 3179 viro
1517 3119 1549 3178 et
1575 3133 1698 3202 quam-

493 3256 593 3326 quam
618 3233 757 3302 advorso
790 3231 905 3324 populi
929 3231 1093 3326 partium,
1136 3230 1224 3300 lama
1247 3240 1361 3301 -tamen
1396 3233 1552 3326 aequabili
1584 3247 1617 3304 et
1644 3237 1699 3305 iu-

491 3357 626 3427 violata.
668 3358 700 3425 Is
725 3354 782 3425 ubi
799 3355 943 3447 primum
961 3355 1188 3444 magistratum
1206 3354 1374 3446 ingressus
1400 3369 1466 3438 cst,
1492 3357 1557 3427 alia
1583 3363 1699 3430 omnia

493 3480 555 3549 sibi
581 3502 657 3549 cum
683 3478 812 3568 collega
836 3489 943 3558 ratus,
975 3476 1017 3546 ad
1043 3476 1185 3560 bellurn,
1218 3477 1306 3570 quod
1331 3490 1482 3571 gesturus
1508 3492 1593 3566 erat,
1622 3484 1700 3554 ani-

491 3625 585 3672 mum
611 3601 761 3673 intendit.
804 3601 907 3692 Igitur
924 3600 1078 3670 diffidens
1095 3601 1198 3671 veteri
1221 3602 1392 3691 exercitui,
1418 3603 1539 3674 milites
1556 3607 1699 3698 eligere,

492 3726 655 3807 scribere,
691 3724 842 3818 praesidia
868 3723 1015 3816 undique
1040 3746 1224 3794 accerseres
1263 3749 1372 3809 arma,
1409 3727 1490 3809 tela,
1525 3753 1632 3823 equos
1668 3745 1703 3801 et

493 3860 604 3919 cetera
621 3850 835 3919 instrumenta
860 3848 986 3918 militiae
999 3870 1136 3941 parare,
1164 3847 1205 3918 ad
1231 3847 1296 3919 hoc
1313 3862 1532 3922 commeatum
1558 3855 1701 3938 affatim,

492 3973 636 4064 denique
661 3971 787 4052 omnia,
813 3993 887 4063 quae
915 3971 948 4040 in
974 3970 1167 4042 belloverio
1193 3984 1226 4041 ct
1249 3973 1429 4042 multamm
1454 3999 1566 4046 rernm
1585 3949 1704 4069 egenti

492 4096 567 4166 usui
593 4119 663 4164 esse
688 4096 805 4164 solent.
849 4094 1004 4164 Ceterum
1029 4094 1070 4164 ud
1096 4117 1136 4164 ea
1161 4095 1320 4186 patranda
1344 4108 1475 4167 senatus
1500 4103 1704 4172 auctoritate

492 4218 575 4289 socii
600 4241 790 4310 nomenque
804 4217 959 4288 Latinum
985 4227 1018 4286 ct
1041 4239 1138 4308 reges
1165 4219 1252 4288 ultro
1278 4219 1404 4288 auxilia
1428 4221 1602 4306 mittendo,
1636 4247 1706 4318 po-

492 4356 613 4415 stremo
646 4343 754 4412 omnis
784 4341 899 4411 civitas
936 4363 1065 4410 summo
1103 4341 1209 4412 studio
1244 4341 1461 4413 adnitebatur.
1511 4347 1630 4440 ltaque
1658 4373 1706 4418 ex

492 4466 654 4538 sententia
679 4464 831 4535 omnibus
861 4464 959 4534 rebus
991 4465 1113 4557 paratis
1147 4465 1402 4558 compositisque
1437 4466 1471 4536 in
1503 4471 1704 4541 Numidiam

491 4592 724 4685 proficiscitur,
758 4610 880 4679 magna
912 4611 971 4683 spe
1013 4589 1153 4671 civium,
1186 4610 1262 4658 cum
1296 4601 1430 4682 propter
1464 4605 1549 4662 artes
1575 4596 1704 4676 bonas,

493 4728 563 4788 tum
589 4737 744 4786 maxume
773 4712 864 4806 quod
889 4712 1064 4784 advorsum
1083 4712 1211 4784 divitias
1236 4713 1395 4786 invictum
1420 4716 1569 4822 animum
1595 4742 1706 4810 gere-
