3582 5594
1306 706 1369 773 121

170 901 361 994 accepisses,
392 917 497 992 quem
519 900 607 971 mala
631 923 805 994 perpessus
830 923 928 973 esses.
979 902 1043 974 Sed
1069 903 1226 996 quoniam
1252 902 1373 974 huma-

168 1046 288 1094 narum
315 1045 430 1094 rernm
461 1023 593 1094 lortuua
624 1025 783 1118 pleraque
813 1026 910 1116 regit,
949 1026 1004 1097 cui
1036 1027 1162 1097 scilicet
1192 1027 1316 1121 placuit
1341 1039 1373 1098 et

167 1148 235 1218 mm
260 1157 294 1218 et
318 1148 461 1240 gratiam
486 1160 632 1220 nosbam
656 1157 689 1220 te
714 1151 870 1245 experiri,
903 1175 1003 1236 uunc,
1037 1153 1170 1246 quando
1196 1155 1371 1247 perillam

168 1275 255 1358 lieet,
288 1275 407 1346 festina
442 1285 540 1370 atque
571 1285 608 1347 ut
641 1277 768 1370 caepisti
793 1301 906 1372 perge.
955 1279 1060 1351 Multa
1085 1289 1184 1373 atque
1209 1287 1371 1373 oportuna

165 1398 281 1482 habes,
313 1423 380 1493 quo
410 1400 541 1470 facilius
571 1411 679 1472 errata
709 1400 827 1473 officiis
856 1425 1003 1497 superes.
1053 1405 1221 1474 Postremo
1246 1403 1310 1474 boc
1335 1403 1371 1472 in

165 1535 280 1619 pectus
304 1535 400 1596 tunm
425 1525 571 1608 demitte,
601 1550 785 1622 numquam
810 1530 970 1624 populum
987 1531 1175 1602 Romanum
1199 1526 1370 1599 beneficiis

165 1649 288 1719 rictum
315 1671 406 1734 esse;
440 1672 518 1720 nam
545 1649 634 1722 bello
660 1650 740 1743 quid
766 1653 872 1722 valeat
897 1662 964 1723 tute
990 1653 1088 1722 scis.»

236 1773 290 1844 Ad
316 1797 357 1846 ea
382 1773 532 1844 bocchus
557 1773 687 1867 placide
712 1785 744 1844 et
768 1775 925 1868 benigne,
961 1776 1060 1847 simul
1090 1798 1198 1868 pauca
1222 1799 1283 1870 pro
1308 1775 1369 1846 cle-

164 1895 241 1965 licto
265 1919 328 1967 suo
351 1897 453 1968 verba
480 1897 575 1968 lacit:
612 1899 676 1968 «Sc
701 1920 769 1968 non
794 1897 905 1969 hostili
931 1899 1053 1982 animo,
1079 1898 1136 1968 ssd
1162 1898 1204 1969 ob
1226 1921 1367 1991 regnum

162 2022 336 2092 tutandum
362 2045 455 2092 arma
480 2021 624 2115 cepisse:
663 2044 741 2092 nam
765 2022 931 2094 Numidiae
957 2034 1095 2117 partem,
1132 2023 1221 2094 unde
1252 2023 1284 2093 vi
1309 2025 1368 2093 lu-

161 2146 319 2238 gnrtbam
353 2145 528 2238 expulerit,
568 2146 640 2216 iure
664 2145 747 2215 belli
772 2169 866 2216 suam
892 2148 1031 2228 lactam;
1070 2170 1143 2218 eam
1178 2146 1297 2217 vastari
1323 2147 1365 2217 ab

160 2272 269 2344 llario
298 2271 365 2364 pati
394 2268 603 2362 nequivisse:
638 2277 798 2361 praetcrca
832 2269 938 2339 missis
963 2280 1059 2340 antea
1084 2270 1224 2340 Romam
1249 2272 1366 2364 legatis

160 2396 330 2488 repulsum
348 2393 390 2464 ab
407 2391 562 2462 amicitia.
609 2390 764 2462 Ceterum
782 2403 891 2463 vetera
909 2394 1070 2477 omittere,
1097 2416 1136 2463 ae
1152 2403 1233 2478 tum,
1260 2395 1367 2489 siper

159 2522 304 2594 blarinnr
326 2521 452 2602 liceret,
485 2521 612 2613 legatos
644 2520 686 2591 atl
711 2530 860 2591 senatum
886 2519 1099 2592 missurum.»
1142 2519 1241 2602 Dein,
1268 2520 1365 2612 copia

161 2647 259 2728 lacta,
284 2647 414 2717 animus
431 2645 564 2716 barbari
590 2646 632 2716 ab
658 2646 773 2716 amicis
791 2646 909 2727 llcxus,
935 2669 1018 2738 quos
1034 2644 1204 2737 Iugurtha,
1232 2644 1364 2736 cognita

159 2771 327 2862 legatione
353 2769 453 2840 Sulla
480 2781 513 2840 et
537 2768 665 2850 Manlii,
693 2779 842 2840 metuens
868 2767 913 2853 id,
940 2767 1028 2864 quocl
1051 2769 1241 2862 parabatur,
1268 2767 1365 2838 donis

160 2905 364 2989 corruperat.

233 3041 302 3092 cru.
352 3021 476 3092 blarius
484 3021 622 3105 interea,
637 3020 827 3092 exercituin
841 3017 1065 3089 hibernaculis
1079 3017 1270 3111 composito,
1285 3038 1361 3086 cnm

158 3145 320 3238 expeditis
341 3143 530 3215 cohortibus
553 3155 585 3214 et
601 3155 694 3239 parte
716 3143 879 3235 equitatus
897 3141 1116 3237 proficiscitur
1138 3142 1171 3210 in
1190 3140 1262 3210 loca
1279 3140 1362 3220 sola,

155 3269 327 3340 obsessum
340 3269 455 3340 turrim
470 3271 610 3362 regiam,
628 3293 695 3363 quo
709 3269 868 3362 Iugurtha
879 3269 1157 3363 peringasomnes
1170 3266 1362 3361 praesidium

156 3394 357 3487 inposuerat.
396 3395 481 3465 Tum
497 3418 611 3466 rursus
627 3393 789 3477 Bocchus,
811 3417 869 3464 seu
887 3392 1080 3488 reputando,
1102 3415 1177 3485 quae
1195 3392 1257 3463 sibi
1275 3391 1362 3461 duo-

155 3518 217 3588 bus
234 3518 358 3612 praeliis
376 3527 544 3600 venerant,
571 3539 630 3588 sau
648 3516 835 3588 admonitus
851 3517 893 3587 ab
911 3515 985 3594 aliis
997 3514 1122 3595 amicis,
1149 3537 1231 3607 quos
1247 3513 1360 3583 incor-

154 3642 435 3736 ruptoslugnrtba
452 3643 645 3736 reliquerat,
663 3643 810 3714 exomni
823 3643 920 3737 copia
934 3641 1193 3712 necessariorum
1212 3637 1361 3731 quinqua
1449 3635 1454 3644 ‘

155 3766 289 3858 delegit,
316 3789 458 3859 quorum
482 3766 621 3837 et‘lirles
646 3767 778 3859 cognita
803 3775 836 3835 et
856 3765 991 3856 ingenia
1020 3763 1230 3834 validissuma
1253 3773 1359 3832 crant.

153 3893 219 3962 Eos
233 3891 276 3961 ad
290 3891 434 3962 blarium
460 3915 500 3962 ac
519 3891 651 3974 deinde,
670 3891 697 3960 si
714 3891 853 3985 placeat,
872 3891 1011 3959 Romam
1029 3889 1156 3980 legatos
1178 3887 1228 3956 ire
1250 3886 1359 3968 iubet;

153 4016 360 4109 agendarum
399 4039 511 4088 rerum
553 4027 586 4086 et
624 4038 835 4109 mecumque
873 4015 972 4085 modo
1020 4013 1101 4084 belli
1139 4011 1356 4106 componendi

153 4141 322 4212 licentiam
356 4140 524 4234 permittit.
573 4140 628 4211 Illi
653 4152 780 4211 mature
807 4139 848 4210 ad
874 4138 1016 4210 hiberna
1033 4139 1259 4208 Romanorum
1277 4159 1358 4229 pro-

152 4266 364 4338 ficiscuntura
390 4267 510 4338 deinde
530 4267 563 4338 in
587 4266 706 4338 itincre
729 4266 904 4338 aGaetulis
929 4264 1111 4336 latronibus
1137 4261 1356 4333 circumventi

150 4390 349 4483 spoliatique
378 4390 488 4482 pavidi
524 4389 596 4462 sine
622 4390 743 4462 decore
773 4389 815 4460 ad
847 4389 972 4460 Sullam
1004 4387 1207 4480 profugiunt,
1251 4407 1355 4478 quem

150 4513 267 4584 consul
302 4512 336 4581 in
371 4513 614 4606 expeditionem
649 4511 861 4607 proficiscens
896 4536 956 4605 pro
986 4520 1127 4604 praetore
1160 4509 1355 4602 reliquerat.

148 4637 215 4706 Eos
241 4636 300 4706 illc
325 4658 391 4706 non
417 4659 479 4729 pro
505 4637 598 4707 vanis
624 4635 784 4712 hostibus,
821 4635 868 4706 uti
894 4633 1004 4705 meriti
1030 4643 1134 4714 eraut,
1170 4632 1228 4702 sed
1254 4656 1355 4704 accu-

146 4773 219 4833 rate
245 4787 285 4832 ac
311 4763 493 4834 liberaliter
516 4763 648 4842 babuit;
676 4786 740 4854 qua
767 4785 803 4832 re
827 4761 961 4832 barbari
988 4771 1020 4828 et
1045 4760 1166 4829 famam
1186 4760 1356 4828 Romano·
