3702 5600
402 593 473 663 568

401 793 563 854 sententia
585 795 634 852 est
660 791 770 869 posita,
801 792 857 851 sed
882 791 1052 850 scribentem
1078 821 1107 830 -
1143 794 1176 850 et
1198 791 1336 850 dicentem
1364 791 1507 868 opposita
1532 796 1613 850 sunt

401 899 431 960 G.
453 902 480 958 3.
501 898 558 957 Sed
577 898 655 975 qnod
674 904 784 957 etatem
806 899 986 974 pronomine
1007 913 1097 956 mcum
1116 898 1231 958 omisso
1253 898 1304 956 0r.
1317 914 1351 956 ec
1370 899 1513 973 mutnet,
1535 913 1613 957 ver-

401 1007 450 1065 bis
465 1005 672 1081 transpositis.
694 1011 760 1064 tuoe
779 1021 868 1079 comp.
889 1003 930 1063 id.
945 1003 1027 1079 quod
1043 1021 1102 1063 non
1117 1003 1216 1062 minus
1239 1010 1324 1063 recte
1339 1005 1401 1063 dici
1415 1005 1522 1081 potuit.
1543 1002 1574 1062 (l.
1591 1006 1612 1062 l

400 1112 468 1170 mibi
488 1113 599 1170 tuntum
622 1109 680 1186 suit
704 1111 755 1169 0r.
782 1110 859 1170 illud
881 1109 1003 1170 Curtius
1032 1109 1195 1187 expressit
1222 1109 1321 1187 Neque
1342 1107 1450 1180 [euim]
1477 1127 1496 1169 a
1516 1109 1612 1168 Lam·

400 1218 472 1278 bino
495 1219 527 1276 ct
544 1215 649 1276 Gortio
670 1217 800 1277 eiectum
816 1220 874 1276 est.
909 1215 941 1276 G.
957 1220 985 1276 5.
1006 1223 1038 1276 ut
1057 1216 1096 1274 od
1114 1223 1141 1274 te
1160 1216 1210 1275 0r.
1236 1232 1378 1274 mamare
1398 1215 1497 1276 uidear
1518 1217 1611 1276 idem.

400 1324 432 1386 0.
450 1327 478 1384 6.
499 1325 577 1402 quod
595 1329 621 1384 ei
641 1327 690 1385 titi
709 1326 752 1385 nil
768 1343 823 1400 per
843 1343 895 1384 mc.
918 1357 957 1368 -
977 1331 1005 1383 tc
1024 1341 1150 1401 rtnpucnr
1174 1330 1201 1382 tc
1228 1325 1279 1383 0r.
1301 1328 1431 1396 ccccm,
1462 1327 1511 1402 put
1531 1342 1612 1384 ccu-

400 1432 443 1491 lce
463 1432 668 1508 interpunctio
691 1436 759 1491 eret
779 1430 925 1492 tollenda.
948 1429 978 1489 G.
995 1434 1020 1489 7.
1051 1432 1096 1490 bie
1114 1431 1211 1506 pulum
1231 1431 1335 1509 refello
1355 1432 1388 1491 0.
1405 1430 1548 1490 Ceterum
1571 1432 1613 1490 ad

400 1539 497 1598 verba
522 1539 607 1597 Modo
632 1541 748 1616 ιἰιᾳιιιιιιι
770 1541 946 1612 patrimonio
973 1553 1031 1596 nort
1051 1555 1166 1598 comeso
1193 1538 1247 1598 ced
1265 1539 1401 1599 deceroto
1421 1539 1488 1598 haec
1509 1539 1610 1599 adno-

401 1645 479 1704 tavit
497 1643 618 1706 Carrio:
655 1645 782 1720 ,sumsit
811 1645 877 1704 nac
904 1645 1043 1720 quisquis
1066 1645 1187 1705 taudem
1207 1646 1263 1705 ille
1283 1644 1350 1714 luit,
1377 1647 1429 1722 qui
1450 1646 1530 1706 hauc
1551 1645 1612 1704 dc·

401 1751 611 1812 clamationem
638 1754 700 1810 tam
730 1750 904 1810 liberaliter
934 1749 1074 1811 Ciceroni
1101 1752 1195 1826 dedit,
1232 1769 1250 1810 a
1280 1751 1421 1828 Didymo,
1453 1768 1542 1826 quem
1571 1751 1612 1810 de

401 1856 535 1918 Salustio
557 1857 722 1934 scripsisse
743 1864 868 1916 commta
885 1861 1060 1932 patrimonio
1081 1857 1247 1918 Diomedes
1269 1861 1378 1918 auctor
1398 1852 1472 1918 ests
1515 1858 1611 1916 Unde.

403 1963 533 2023 luerunt
553 1964 605 2039 qui
632 1962 816 2040 colligerent
841 1963 1002 2042 Didymum
1030 1965 1129 2041 ipsum
1160 1966 1249 2026 buius
1274 1965 1506 2025 declamationis
1537 1981 1612 2024 esse

400 2073 565 2129 auctorem.
595 2069 682 2139 Quod
705 2075 739 2130 ut
759 2087 818 2130 neo
840 2073 1016 2148 negaverim
1037 2072 1103 2131 lieri
1118 2073 1257 2149 potuisse
1271 2072 1326 2132 cir.
1348 2089 1441 2149 supra
1456 2089 1486 2149 p.
1500 2090 1611 2130 xxvrn.

401 2176 443 2234 ita
465 2177 560 2236 verba
581 2194 641 2237 neu
663 2177 770 2236 cadem
791 2193 862 2236 esse
883 2177 1184 2238 animadvertendum
1206 2184 1264 2238 est.
1286 2196 1355 2238 nam
1369 2185 1492 2238 comeatu
1509 2181 1610 2252 patri-

400 2284 497 2340 monio
522 2286 555 2341 et
579 2299 692 2342 comeso
714 2286 888 2358 patrimonio
917 2283 993 2342 satis
1020 2287 1091 2344 sunt
1116 2284 1249 2359 diversa,
1282 2284 1339 2343 sed
1367 2283 1501 2344 sortasse
1525 2284 1611 2361 apud

400 2387 578 2448 Diomedem
599 2391 686 2450 locus
708 2390 921 2452 emendatione
942 2390 1094 2451 sanandus
1116 2393 1173 2450 est.

481 2494 544 2556 lam
565 2497 605 2556 de
625 2497 694 2556 lulii
715 2497 933 2575 Exsuperautii
953 2497 1114 2574 opusculo,
1143 2501 1175 2556 et
1194 2497 1297 2556 Porcii
1313 2495 1454 2556 Latronis
1476 2498 1553 2571 sive,
1576 2501 1611 2554 ut

400 2607 485 2662 recte
507 2602 623 2676 Carrio,
655 2604 694 2662 de
715 2604 906 2681 ineptissima
935 2603 988 2662 illa
1010 2603 1158 2681 sophistae
1185 2603 1290 2663 nescio
1316 2604 1402 2663 cuius
1428 2604 1457 2662 in
1482 2603 1608 2664 Lucium

400 2709 560 2770 Catilinam
580 2710 812 2784 declamatione,
849 2727 915 2786 quae
943 2709 1069 2770 latroni
1095 2709 1177 2770 falso
1203 2711 1399 2784 adscribitur,
1432 2713 1484 2769 vix
1506 2713 1608 2771 habeo

399 2818 482 2892 quod
508 2817 615 2876 dicam.
657 2816 774 2886 Quodsi
802 2818 881 2876 enim
907 2817 1001 2876 lulius
1027 2817 1081 2876 ille
1111 2817 1225 2877 Rutilio
1251 2823 1378 2876 auctore
1400 2817 1469 2876 ltin.
1489 2837 1509 2875 ι.
1537 2820 1607 2876 213.

400 2925 488 2984 initio
511 2924 615 2984 saeculi
637 2925 733 2999 quinti
760 2925 886 3000 aqualis
914 2923 979 2999 iuit,
1005 2941 1074 2982 eum
1098 2924 1180 2984 hunc
1204 2924 1342 2984 libellum
1367 2941 1426 2983 nou
1448 2925 1546 2983 selum
1568 2941 1607 2984 ex

399 3031 495 3089 variis
515 3031 701 3106 auctoribus,
727 3030 895 3090 sedetiam
919 3048 957 3089 ex
980 3030 1167 3090 scholiorum
1191 3031 1349 3106 farragine
1370 3032 1607 3091 consarcinasse

397 3137 583 3214 putaverim;
607 3143 668 3198 tam
689 3137 883 3214 negligenter
904 3139 1005 3197 omnia
1027 3137 1170 3213 exposita
1191 3138 1273 3197 nullo
1295 3138 1403 3196 ordine
1424 3138 1540 3213 habito,
1562 3138 1607 3196 ita

399 3245 432 3299 ut
452 3242 557 3302 brevis
585 3243 652 3303 nac
677 3244 810 3320 epitome
840 3244 883 3303 nil
908 3243 1028 3302 luminis
1057 3245 1149 3302 rebus
1177 3244 1276 3319 gestis
1301 3243 1418 3303 afferat.
1462 3244 1523 3302 lam
1545 3245 1605 3304 de-

399 3346 611 3408 clamationem
637 3349 720 3410 illam
746 3366 805 3409 oon
830 3366 849 3409 a
875 3349 985 3410 Porcio
1016 3346 1146 3408 Latrone
1174 3366 1244 3408 esse
1274 3350 1484 3426 compositam,
1519 3350 1606 3409 cuius

398 3472 506 3515 nomen
536 3456 715 3534 inscriptum
736 3461 792 3533 cst,
825 3456 865 3516 de
891 3473 950 3533 que
976 3461 1038 3516 tam
1062 3455 1243 3532 praeclarum
1271 3456 1346 3516 iecit
1374 3457 1515 3516 iudicium
1543 3456 1603 3516 Se-

398 3577 474 3620 neca
494 3561 638 3623 Controv.
661 3567 686 3622 1.
707 3562 831 3623 Praefat.
856 3563 1004 3624 neminem
1030 3562 1118 3640 fugit.
1142 3561 1237 3622 Recte
1260 3563 1338 3622 enim
1362 3561 1501 3623 Curtius:
1546 3564 1607 3638 ,At

397 3668 424 3726 si
441 3685 545 3728 verum
566 3668 659 3729 lateri
680 3670 764 3745 licet,
784 3686 843 3730 non
865 3669 969 3730 Porcii
990 3669 1082 3745 illius,
1105 3670 1189 3730 docti
1210 3675 1243 3729 et
1264 3669 1515 3728 exercitatissimi
1533 3670 1603 3742 viri,

397 3777 498 3852 potius
529 3777 638 3837 novitii
667 3777 824 3837 cuiusdam
855 3777 987 3836 hominis
1015 3775 1106 3836 ioetus
1136 3793 1207 3836 esee
1236 3776 1366 3850 videtur,
1401 3778 1514 3853 quippe
1536 3793 1605 3852 quae

397 3899 436 3942 ex
456 3882 602 3944 Sallustio
634 3885 755 3962 partim,
783 3885 894 3962 partim
925 3901 964 3944 ex
993 3883 1142 3943 Cicerone
1168 3882 1251 3942 nullo
1279 3900 1363 3960 eaepe
1390 3882 1503 3942 iudicio
1526 3900 1604 3942 con-

396 3989 548 4049 sarcioata
582 3991 630 4050 sit.
673 3990 763 4050 Docti
795 3991 856 4051 hcc
886 3990 977 4051 facile
1006 4006 1063 4067 per
1090 4005 1126 4048 ee
1158 3989 1305 4060 viderint;
1341 3989 1491 4067 imperitis
1520 3990 1604 4050 idem

395 4096 584 4173 persuadere
615 4095 730 4158 frustra
763 4089 995 4157 laboraverim.“
1047 4095 1188 4156 Ceterum
1221 4097 1372 4156 orationis
1404 4096 1603 4156 emendandae

397 4201 464 4262 lere
490 4202 574 4262 nulla
600 4204 695 4278 ratic,
729 4220 796 4263 cum
826 4220 865 4262 no
892 4203 1014 4262 codices
1041 4202 1175 4278 quidem,
1210 4203 1288 4262 unde
1320 4203 1387 4262 baec
1419 4203 1602 4262 declamatio

395 4325 544 4384 expressa
572 4312 629 4384 est,
661 4309 739 4368 satis
766 4310 830 4368 neti
856 4326 927 4368 esse
956 4310 1128 4370 videantur.
1171 4309 1266 4370 Immo
1292 4327 1330 4368 ne
1356 4309 1395 4368 de
1417 4309 1603 4368 editionibus

393 4413 517 4490 quidem
552 4416 629 4475 satis
664 4420 807 4476 accurate
842 4416 1013 4494 expositum
1047 4419 1103 4475 est.
1158 4416 1190 4474 ln
1224 4416 1352 4476 Venetis
1387 4417 1499 4476 dicitur
1529 4431 1602 4475 esse

395 4537 552 4598 expressa,
576 4523 670 4582 credo
695 4525 771 4584 1509
787 4529 818 4583 et
837 4525 923 4582 1521.
947 4523 1018 4582 item
1040 4524 1070 4582 in
1093 4524 1229 4584 editione
1252 4522 1357 4582 lodoci
1373 4522 1461 4582 Badii
1480 4521 1602 4580 Ascen-

394 4629 433 4687 sii
455 4627 593 4704 Lugduni
618 4632 704 4688 1509.
729 4629 882 4690 Praeterea
902 4629 1140 4708 Havercampius
1162 4630 1318 4690 variantes
1336 4618 1455 4690 notavit
1476 4647 1514 4688 ex
1531 4629 1602 4688 edi-
