3526 5604
421 635 492 704 316

418 831 542 902 1111111
566 840 604 902 ut
628 829 743 900 ltaliae
769 829 896 899 bellum
921 829 1070 910 interret,
1098 827 1285 920 ducemque
1313 830 1343 898 ei
1370 851 1473 900 unum
1498 852 1516 896 e
1539 851 1609 898 rou-
1732 849 1733 892 ³

419 955 498 1026 cilio
524 954 655 1034 datum;
689 976 757 1046 quo
788 953 885 1022 illum
916 963 1062 1025 utentem
1088 977 1166 1024 cum
1192 954 1339 1024 exercitu
1365 953 1518 1045 progredi
1542 975 1609 1021 coe-
1732 963 1733 980 ¹

419 1080 527 1173 pisse;
560 1089 631 1148 tum
658 1077 688 1147 ei
714 1078 835 1147 ducem
860 1076 956 1147 illum
983 1077 1190 1169 praecepisse
1222 1099 1266 1145 ne
1295 1076 1491 1169 respiceret;
1527 1077 1609 1145 illum
1732 1139 1733 1148 ,

420 1213 530 1276 autem
564 1202 597 1273 id
632 1201 754 1272 diutius
788 1200 898 1270 facere
932 1222 999 1270 non
1038 1199 1183 1294 potuisse
1220 1201 1411 1294 clauumque
1449 1200 1611 1294 cupiditate
1732 1247 1733 1266 .

420 1328 623 1423 respexisse3
657 1337 727 1398 tum
751 1327 855 1396 visam
882 1325 1017 1396 beluam
1042 1339 1167 1397 vastam
1193 1337 1226 1396 et
1251 1327 1451 1409 immanem,
1483 1327 1612 1395 circum-
1732 1319 1733 1330 ’

420 1453 576 1547 plicatam
606 1451 829 1545 serpentibus,
868 1473 1080 1543 quacumque
1113 1450 1297 1531 incederet,
1337 1452 1450 1522 omnia
1482 1451 1612 1530 arbusta,
1732 1455 1733 1550 ᾗ

420 1578 576 1669 virgulta,
604 1586 689 1646 tecta
705 1583 910 1667 pervertere;
937 1583 970 1642 et
996 1595 1073 1643 eum
1091 1573 1293 1644 admiratum
1311 1575 1479 1667 quaesisse
1494 1573 1532 1642 de
1548 1573 1613 1653 deo,
1732 1553 1733 1580 ³

421 1701 590 1796 quodnam
608 1699 691 1770 illud
709 1710 795 1768 esset
815 1698 881 1767 tale
899 1709 1104 1775 monstrum
1135 1707 1167 1766 et
1184 1697 1284 1768 deum
1301 1699 1509 1792 respondisse
1525 1698 1614 1767 vasti·
1732 1755 1733 1760 ,

422 1833 521 1894 tatem
547 1845 619 1893 esse
644 1822 773 1903 ltaliae,
806 1821 1082 1913 praecepisseque
1107 1831 1144 1890 ut
1167 1832 1322 1913 pergeret
1345 1823 1512 1914 protinus;
1542 1821 1614 1916 quid
1732 1855 1733 1892 r

421 1958 510 2018 retro
540 1958 639 2040 atque
671 1957 810 2037 atergo
843 1943 938 2014 fieret
967 1968 1009 2015 ne
1043 1946 1220 2016 laboraret.
1268 1947 1374 2016 Uicae
1399 1948 1437 2016 de
1462 1949 1557 2016 dicio
1586 1946 1615 2028 1,

425 2070 485 2154 24,
511 2070 572 2143 49.
676 2071 732 2138 17.
758 2064 893 2160 ‘Longe'
918 2089 978 2161 pro
1004 2068 1212 2159 longitudine
1230 2120 1238 2137 .
1259 2121 1295 2137 ..
1323 2069 1457 2140 Coelius
1473 2068 1617 2138 historia·
1732 2055 1733 2066 ¹

424 2216 499 2264 rum
517 2193 643 2286 primo:
677 2190 854 2262 duodecies
870 2201 1010 2261 centena
1030 2191 1101 2260 mil.
1127 2214 1282 2284 passuum
1308 2193 1421 2284 longe.
1462 2195 1614 2263 Charisius
1732 2255 1733 2268 .

427 2317 462 2401 2,
492 2313 549 2398 14,
577 2314 637 2387 96.
685 2314 779 2407 Alpis
805 2313 839 2382 in
865 2313 1107 2405 longitudinem
1134 2313 1245 2384 decies
1270 2325 1410 2384 centena
1434 2315 1525 2384 milia
1549 2337 1617 2408 pas-

423 2462 521 2510 suum
549 2450 661 2531 patere
687 2461 707 2507 a
732 2459 852 2530 supero
878 2437 964 2506 mari
990 2437 1032 2508 ad
1064 2437 1210 2508 inferum
1235 2438 1369 2508 Coelius
1403 2437 1512 2508 tradit.
1559 2439 1617 2508 l'h'-

424 2566 499 2633 m'us
527 2577 594 2632 nat.
627 2561 699 2630 hist.
733 2557 768 2642 3,
802 2557 862 2641 19,
899 2557 980 2631 132.
1094 2561 1151 2630 18.
1186 2559 1291 2632 Miror
1327 2560 1456 2652 ambigi
1486 2581 1618 2655 quanam

422 2688 526 2780 Alpes
552 2685 728 2767 transierit,
762 2695 795 2753 et
819 2684 927 2786 vulgo.
947 2683 1084 2755 credere
1110 2685 1258 2754 Poenino
1286 2737 1351 2754 ...
1378 2697 1616 2777 transgressum,

424 2810 576 2880 Coelium
601 2830 661 2900 per
678 2807 851 2878 Cremonis
877 2807 995 2898 iugum
1020 2806 1133 2877 dicere
1159 2808 1330 2889 transisse;
1357 2808 1416 2902 qui
1441 2809 1539 2879 ambo
1558 2807 1618 2878 sal·

424 2947 476 3005 tus
496 2944 558 3004 etc.
597 2934 711 3003 Liuius
728 2930 788 3014 21,
816 2928 875 3014 38,
903 2930 937 3001 7.
1041 2932 1099 3001 19.
1126 2933 1216 3002 Raro
1241 2931 1344 3003 babet
1367 2933 1468 3003 etiam
1495 2934 1528 3002 in
1552 2953 1618 3002 ora·

424 3057 514 3128 hone
540 3056 706 3150 poeticum
731 3054 867 3149 aliquod
891 3053 1030 3126 verbum
1055 3055 1266 3148 dignitatem
1296 3077 1407 3148 neque
1432 3058 1521 3126 enim
1546 3053 1618 3126 illud

426 3181 571 3274 lugerim
597 3181 720 3261 dicere,
747 3193 783 3250 nt
809 3179 960 3251 Caelius:
987 3203 1055 3273 qua
1079 3190 1273 3272 tempestate
1298 3182 1428 3251 Poenus
1454 3183 1487 3251 in
1503 3182 1617 3252 ltaliam

425 3305 528 3374 venit.
572 3304 677 3374 areo
694 3306 733 3374 de
749 3318 874 3374 oratore
899 3300 933 3386 3,
961 3301 1021 3385 38,
1051 3301 1133 3376 153.
1234 3305 1293 3374 20.
1320 3303 1455 3374 Coelius
1473 3305 1507 3376 in
1523 3306 1618 3398 primo

426 3429 657 3501 historiarum:
684 3432 847 3500 dextimos
873 3430 908 3498 in
935 3430 1059 3500 dextris
1085 3439 1177 3500 scuta
1201 3429 1294 3499 iubet
1313 3428 1449 3500 babere.
1490 3431 1617 3500 1111111-
1732 3413 1733 3460 3

426 3578 487 3625 uus
514 3553 549 3636 3,
576 3553 612 3640 4,
639 3554 699 3626 22.
800 3555 859 3624 21.
886 3555 1014 3625 Servati
1040 3555 1184 3624 consulis
1209 3555 1311 3625 decus
1337 3555 1471 3628 Coelius
1495 3555 1536 3625 ad
1560 3575 1618 3622 ser-
1732 3629 1733 3634 ἵ

425 3704 506 3752 vum
520 3681 654 3752 natione
672 3681 834 3773 Ligurem
853 3680 998 3772 delegat.
1041 3680 1156 3751 Malim
1183 3680 1340 3772 equidem
1359 3681 1401 3750 de
1428 3681 1498 3750 filio
1513 3697 1617 3747 rerum
1732 3695 1733 3748 1

427 3827 509 3890 esse,
535 3807 625 3900 quod
650 3816 681 3874 et
707 3807 818 3899 plures
845 3803 1009 3874 tradidere
1035 3815 1186 3874 auctores
1212 3815 1244 3874 et
1270 3805 1359 3874 lama
1384 3805 1533 3875 obtinuit.
1570 3802 1617 3872 la'-
1732 3863 1733 3884 ,

426 3932 498 4002 uias
525 3929 585 4013 21,
608 3928 669 4014 46,
699 3928 754 4001 10.
862 3931 921 3998 22.
953 3928 1088 4000 Coelius
1124 3939 1238 3999 auctor
1270 3940 1320 3998 est
1349 3931 1524 4021 Magonem
1555 3945 1618 3996 com

428 4059 577 4153 equitatu
597 4068 631 4128 et
646 4058 805 4150 Hispanis
822 4056 987 4149 peditibus
1006 4055 1130 4126 flumen
1157 4051 1318 4144 [Padum]
1344 4056 1509 4148 extemplo
1524 4065 1618 4123 trans·

427 4207 535 4267 nasse,
562 4185 672 4279 ipsum
698 4183 923 4255 Hannibalem
949 4205 1012 4276 per
1036 4184 1209 4276 superiora
1233 4183 1315 4254 Padi
1344 4183 1428 4255 vada
1454 4178 1617 4252 exereitum

428 4307 632 4392 traduxisse,
672 4306 856 4400 elephantis
890 4307 924 4376 in
958 4306 1112 4377 ordinem
1141 4306 1183 4377 ad
1214 4306 1443 4376 sustinendum
1476 4307 1618 4398 impetun

429 4433 577 4506 lluminis
607 4434 775 4527 oppositis.
818 4435 1012 4526 [inperitis
1041 4433 1149 4507 amnis
1186 4433 1258 4503 eius
1283 4433 1340 4503 vix
1367 4432 1467 4502 fidem
1499 4424 1617 4500 fecerint

429 4571 492 4630 etc.
531 4557 808 4642 1111112147,
833 4558 869 4633 4.
977 4562 1036 4631 23.
1065 4559 1199 4630 Coelius
1227 4558 1439 4629 historiarum
1465 4559 1501 4626 l:
1537 4553 1617 4622 Sem·
1732 4595 1733 4650 p

430 4687 566 4778 pronius
585 4688 745 4781 Lilybaeo
772 4689 918 4758 celocem
946 4689 979 4757 in
1000 4689 1148 4760 Africam
1175 4689 1273 4758 mittit
1299 4687 1406 4757 visere
1432 4687 1546 4758 locum,
1569 4667 1614 4784 ubl
1732 4731 1733 4736 ,
