3576 5602
1276 645 1349 714 397

134 841 483 934 incolueruntpauea
509 852 696 934 supersunt,
723 863 797 911 eum
816 842 976 934 pleraque
1000 844 1098 914 bellis
1124 843 1265 936 aliisque
1291 867 1349 914 ca-

135 968 345 1038 lamitatibus
371 969 495 1038 alllieta
523 969 668 1038 desolata
695 969 769 1038 siut.
817 969 884 1038 Sita
919 982 1013 1039 erant
1044 971 1076 1040 in
1104 971 1243 1040 Reatino
1268 991 1350 1060 agro

135 1117 208 1162 non
246 1092 362 1184 procul
399 1092 440 1162 ab
476 1092 659 1182 Apenniuis
691 1093 875 1173 montibus,
913 1106 950 1163 ut
975 1095 1080 1163 Varro
1106 1093 1279 1163 Terentius
1312 1094 1345 1162 in

133 1215 405 1308 Antiquitatibus
432 1215 538 1292 donet.
566 1215 768 1308 aberantque
786 1218 902 1295 Roma,
929 1239 1015 1310 quae
1042 1218 1226 1296 minimum,
1251 1219 1349 1287 unius

135 1339 209 1412 diei
239 1343 312 1412 iter.
364 1341 516 1424 Quorum
543 1363 606 1432 ego
631 1341 846 1422 nobilissima,
882 1342 967 1412 siout
997 1342 1052 1411 ille
1079 1342 1226 1434 exponit,
1264 1365 1348 1412 euu-

135 1467 295 1538 merabu:
324 1467 484 1537 Palatium
506 1468 597 1538 XXV
621 1465 734 1534 stadiis
760 1478 923 1536 remotum
949 1489 967 1536 a
993 1468 1107 1546 Reate,
1133 1465 1254 1558 oppido
1279 1467 1349 1535 llo·

136 1593 248 1662 manis
272 1615 361 1663 nune
384 1613 516 1686 quoque
534 1613 637 1682 prope
656 1590 743 1660 viam
762 1590 932 1673 Quintiam
952 1589 1110 1660 babitato.
1154 1591 1206 1661 Ab
1231 1590 1347 1660 eadem

136 1716 223 1786 urbe
251 1719 309 1787 LX
338 1718 405 1786 lere
431 1716 546 1787 stadiis
572 1716 669 1786 distat
686 1716 820 1786 Tribola
847 1707 1029 1803 (Trebula),
1056 1716 1090 1785 in
1116 1716 1246 1786 modico
1263 1716 1348 1786 colle

135 1843 213 1911 sita.
258 1844 286 1912 A
313 1840 449 1912 Tribola
475 1840 668 1910 tantundem
696 1841 787 1910 abest
812 1842 956 1911 Vesbela
982 1835 1177 1930 (Suesbola),
1210 1841 1348 1933 propiu-

135 1989 205 2058 qun
232 1966 406 2036 Cerauniis
431 1965 608 2034 montibus.
652 1965 732 2034 lude
758 1965 816 2034 XL
851 1966 962 2034 stadiis
988 1965 1081 2034 abest
1106 1989 1172 2034 non
1199 1965 1347 2055 ignobile

135 2091 300 2186 oppidum
327 2092 416 2160 Suue
444 2085 576 2180 (Suna).
612 2089 668 2158 ubi
694 2101 917 2180 pervetustum
951 2090 1066 2160 Martis
1102 2091 1260 2181 templum
1286 2100 1346 2158 est.

138 2221 170 2288 A
196 2219 288 2286 Suue
313 2216 406 2285 XXX
432 2215 501 2282 tere
527 2213 638 2282 stadiis
664 2214 757 2282 abest
781 2213 906 2283 blelrrla
939 2206 1079 2303 (Mitule)
1109 2214 1203 2284 cuius
1229 2214 1347 2284 ruinae

136 2349 365 2410 monstrantur
389 2337 626 2428 moeniumque
650 2336 801 2427 vestigia.
845 2338 925 2406 lude
943 2338 1000 2406 XL
1027 2337 1138 2406 stadiis
1163 2336 1255 2406 abest
1279 2338 1347 2408 Or-

136 2463 279 2540 uinium.
306 2462 465 2556 oppidum
491 2462 516 2530 si
543 2461 633 2554 quod
659 2460 749 2530 aliud
783 2461 815 2530 iu
849 2483 889 2531 eo
916 2473 1021 2530 tractu
1046 2462 1192 2553 amplum
1219 2484 1258 2530 ac
1284 2485 1347 2531 no-

138 2586 224 2666 bile;
260 2596 422 2679 apparent
447 2585 536 2654 enim
563 2584 774 2655 fundamenta
801 2585 971 2654 moenium
1007 2595 1039 2654 et
1064 2585 1214 2676 sepulcra
1242 2609 1346 2678 quae·

137 2710 215 2780 dam
248 2710 376 2805 antiqui
409 2709 519 2803 operis
558 2721 591 2778 et
631 2708 834 2780 tumulorum
880 2711 913 2778 in
953 2708 1160 2778 altitudinem
1192 2721 1347 2801 aggesto-

137 2857 211 2904 rum
245 2834 358 2926 magni
392 2835 567 2913 circuitum
608 2834 640 2903 in
675 2857 752 2904 aree
785 2835 857 2903 eius
889 2834 1144 2903 vetustissimum
1176 2836 1345 2906 Minervae

138 2959 299 3050 templum
322 2972 381 3027 est.
425 2959 537 3029 Stadia
564 2960 683 3028 LXXX
711 2959 811 3049 longe
837 2960 879 3028 ab
905 2960 1008 3029 Reate
1033 2960 1122 3028 luria
1147 2953 1267 3050 (lunia)
1291 2960 1346 3029 via

138 3084 291 3154 euntibus
318 3106 420 3177 prope
447 3084 604 3153 Coretum
638 3077 812 3172 (Coritum)
847 3094 991 3152 montem
1025 3084 1084 3152 sita
1112 3095 1183 3153 erat
1208 3083 1346 3155 Corsula

137 3201 304 3298 (corsola)
330 3231 438 3300 nuper
456 3208 591 3278 demum
612 3207 730 3277 diruta.
768 3210 970 3279 Monstratur
996 3207 1095 3277 etiam
1115 3208 1221 3277 insula
1240 3230 1346 3300 quae-

138 3331 213 3402 dem
240 3333 309 3401 lssa
334 3331 482 3410 nomine,
517 3330 623 3399 cincta
650 3311 775 3422 stagnis
803 3330 960 3424 undique,
1000 3353 1102 3422 quam
1127 3330 1220 3400 nullo
1244 3353 1345 3424 opere

137 3457 298 3528 munitam
325 3454 490 3524 habitasse
516 3455 678 3534 seruntur,
705 3454 779 3525 freti
806 3453 1006 3546 palustribus
1032 3465 1063 3523 et
1085 3455 1234 3525 coenosis
1250 3457 1345 3547 aquis

137 3603 202 3650 uon
240 3581 350 3652 minus
384 3605 485 3676 quam
517 3581 702 3650 moenibus.
749 3583 837 3650 lssae
869 3581 1057 3673 proximum
1085 3591 1133 3650 est
1157 3581 1345 3651 Maruvium

137 3707 234 3776 situm
267 3707 302 3774 in
329 3706 479 3776 eiusdem
513 3706 620 3797 stagni
652 3729 784 3774 recessu
820 3706 950 3782 intimo,
986 3705 1074 3797 quod
1101 3707 1159 3774 XL
1185 3705 1344 3774 stadiisa

137 3831 367 3924 Septemnquis
383 3831 492 3901 distat.
535 3832 661 3900 Rursus
679 3853 697 3900 a
718 3830 818 3898 Reate
844 3851 957 3899 versus
977 3829 1129 3899 Latinam
1154 3829 1241 3898 viam
1260 3853 1346 3900 eun-

136 3957 223 4027 tibus
250 3957 291 4026 ad
315 3956 517 4026 tricesimum
549 3956 690 4026 stadium
717 3956 809 4026 Batia
836 3949 971 4046 (Vatia),
1012 3955 1053 4024 ad
1079 3954 1343 4024 trecentesimum

136 4081 234 4150 Tiora
256 4081 399 4150 Matiene
426 4074 588 4169 (llatiere)
614 4080 677 4149 sita
704 4092 769 4159 est;
797 4081 829 4148 iu
857 4079 919 4149 bac
945 4079 1210 4171 antiquissimum
1230 4077 1344 4150 ldartis

136 4206 306 4277 oraculum
325 4205 425 4274 luisse
447 4203 539 4274 aiunt
558 4203 738 4274 Dodonaeo
764 4203 883 4284 simile,
910 4202 973 4271 nisi
999 4201 1087 4294 quod
1114 4225 1173 4295 pro
1190 4202 1344 4271 columba

136 4327 169 4396 in
202 4350 296 4397 saura
330 4351 454 4421 quercu
487 4327 621 4396 sedente
654 4325 742 4418 apud
777 4325 978 4416 Aborigines
1012 4325 1107 4417 picus
1139 4326 1276 4395 Martius
1309 4325 1343 4394 in

135 4453 290 4522 columna
316 4452 428 4543 lignea
455 4451 636 4520 consistens
663 4450 774 4519 diviua
799 4451 925 4519 monita
951 4448 1063 4519 edidit.
1105 4451 1210 4518 XXlV
1232 4450 1343 4519 stadiis

136 4600 153 4644 a
179 4575 268 4645 dieto
292 4574 415 4668 oppido
440 4573 530 4644 Lista
553 4575 678 4653 aberat,
705 4573 927 4663 Aboriginum
947 4583 1054 4664 caput,
1083 4596 1181 4665 quam
1199 4571 1343 4664 antiquis

136 4701 340 4794 temporibus
358 4701 473 4770 Sabini
491 4701 664 4770 Amiterno
690 4700 826 4791 profecti
852 4711 949 4768 noctu
977 4723 1019 4768 ex
1045 4698 1224 4791 improviso
1242 4718 1344 4765 oucu-
