3610 5592
741 680 800 726 xlx

168 850 235 912 ldus
262 851 363 912 hlaias
391 851 424 911 L.
453 852 553 914 Gellio
584 852 753 930 Publicola,
785 855 821 914 hl.
852 855 983 916 Cocceio
1014 855 1116 916 Nerva
1143 855 1230 916 Coss.
1257 855 1368 916 Euseb.

167 957 275 1019 Chren.
298 961 354 1020 lat
375 959 551 1037 Hieronym.
573 958 863 1020 lllllCCCCLllXXl.

243 1064 308 1126 Sed
322 1083 361 1126 ue
383 1067 450 1143 quis
471 1084 520 1128 me
542 1067 733 1128 credulitatis
755 1069 808 1127 aut
825 1067 1093 1128 inconsiderantia
1109 1068 1270 1144 insimulet,
1289 1069 1370 1143 quod

166 1188 230 1246 que
249 1172 303 1231 vel
325 1172 451 1248 maligui
471 1174 523 1234 vel
544 1191 649 1252 parum
670 1174 747 1234 certi
768 1181 914 1235 auctores
936 1175 975 1235 de
997 1175 1125 1235 Salustii
1146 1175 1281 1234 moribus
1303 1191 1370 1234 me·

166 1279 268 1337 moriae
283 1279 506 1355 maculaverint,
520 1285 673 1356 umquam
697 1281 858 1341 luculentia
873 1282 1059 1342 testimoniis
1072 1282 1190 1342 firmata
1203 1282 1369 1358 posuerim,

167 1384 294 1444 vocibus
315 1402 430 1461 corum,
451 1387 559 1462 quiita
572 1391 717 1464 statuunt,
738 1405 835 1464 pauca
856 1388 1072 1465 respondenda
1087 1404 1158 1448 esse
1173 1388 1260 1447 duco.
1295 1386 1368 1446 Cum

166 1491 243 1551 enim
264 1492 307 1551 ad
327 1492 520 1569 scriptorum,
542 1494 581 1552 de
604 1493 714 1569 quibus
737 1511 829 1571 cupra
850 1499 1049 1554 memoratum
1068 1498 1125 1570 est,
1148 1492 1369 1554 accedathac·

165 1598 253 1657 lentii
274 1599 455 1672 auctoritas,
477 1599 530 1675 qui
548 1599 646 1659 lustit.
668 1599 734 1660 lliv.
756 1621 787 1661 ιι.
807 1605 853 1661 12.
875 1601 1041 1663 Salustium
1060 1602 1211 1661 hominem
1241 1617 1370 1674 nequam

165 1701 239 1763 dicit
261 1707 294 1764 et
313 1706 381 1764 haec
401 1706 504 1766 addit:
537 1705 694 1782 ,Servivit
708 1708 786 1768 onim
803 1709 981 1770 loedissimis
995 1708 1204 1786 voluptatibus
1223 1723 1369 1782 suamque

166 1811 231 1888 ipse
257 1813 443 1874 sententiam
471 1815 543 1874 vitas
567 1817 723 1893 pravitate
746 1810 920 1876 dissolvit.“
955 1833 1025 1877 cum
1046 1815 1219 1875 Macrobius
1241 1813 1369 1873 eundem

163 1917 379 1992 gravissimum
400 1921 508 1981 alienae
529 1921 656 1982 luxurie
677 1922 907 1999 obiurgatorem
928 1926 960 1981 et
982 1937 1140 1990 censorem
1163 1919 1370 1997 appellaverit

164 2023 226 2084 Sat
247 2045 279 2086 ιι.
300 2029 327 2088 9.
350 2031 384 2086 ct
403 2026 602 2104 Symmachus
615 2027 669 2106 Ep.
691 2048 720 2088 v.
743 2031 762 2089 l)
784 2029 844 2089 boc
863 2029 903 2088 de
925 2046 962 2089 eo
979 2028 1089 2089 lecerit
1102 2027 1258 2087 iudicium:
1282 2033 1369 2087 „sta-

167 2132 260 2192 tuerit
280 2133 341 2194 hoc
355 2133 497 2210 scriptor,
520 2135 594 2195 stilo
612 2137 726 2196 tautum
744 2137 937 2213 probandus:
960 2153 1028 2194 nam
1048 2151 1163 2194 morum
1178 2135 1245 2193 eius
1260 2133 1370 2190 damna

169 2255 226 2298 non
263 2241 375 2316 sinunt,
410 2245 443 2300 ut
476 2240 516 2299 ab
551 2241 606 2300 illo
636 2241 763 2318 agenda
793 2243 864 2301 vita·¹
900 2243 1024 2319 petatur
1059 2233 1251 2300 auctoritas.“
1298 2237 1368 2296 iue-

164 2349 240 2420 runl,
275 2345 327 2421 qui
358 2345 425 2404 haec
453 2346 575 2422 quidem
613 2347 788 2406 testimonia
822 2363 860 2408 oo
897 2347 1041 2406 inlirmari
1072 2361 1166 2423 posse
1198 2345 1368 2418 statuerint,

164 2452 245 2527 quod
270 2451 318 2512 illi
340 2452 400 2511 viri
428 2469 447 2511 a
469 2451 597 2513 Salustii
621 2458 712 2513 atate
739 2453 862 2531 longius
886 2453 995 2513 remoti
1021 2469 1080 2512 non
1103 2451 1242 2511 historiae
1269 2449 1366 2524 iidem,

165 2558 219 2618 sed
256 2558 459 2636 malignorum
493 2560 645 2620 hominum
678 2560 756 2619 lalsa
794 2560 969 2638 opprobria,
1005 2575 1144 2618 rumores
1180 2561 1212 2616 et
1247 2556 1368 2616 tabulas

165 2665 263 2724 secuti
298 2681 371 2725 esse
395 2665 566 2726 videantur.
609 2665 746 2726 Omnium
774 2667 853 2727 enim
879 2665 1141 2740 contumeliarum,
1174 2663 1283 2741 quibus
1308 2661 1368 2722 Sa-

167 2771 279 2832 lustius
316 2777 447 2832 vexatus
482 2773 536 2846 sit,
574 2777 731 2832 auctorem
763 2789 834 2832 esse
870 2772 976 2832 volunt
1009 2770 1185 2848 Pompeium
1219 2768 1368 2842 Lenaeum,

164 2878 302 2957 Pompeii
317 2879 420 2954 Magni
441 2878 594 2954 libertum,
615 2880 667 2955 qui
688 2883 772 2940 ιιιιιιο
788 2896 892 2939 amore
913 2879 1035 2957 patroni
1057 2877 1233 2937 memoriam
1255 2893 1368 2953 prosc·

164 2991 250 3046 cutus
272 2990 350 3060 erat
372 2987 405 3046 ut
418 2985 594 3060 Salustium,
614 2987 666 3062 qui
686 2987 771 3047 illum
785 2991 847 3046 oria
858 2987 950 3061 proti,
973 2989 1069 3044 animo
1085 2983 1277 3044 inverecundo
1297 2967 1368 3043 esse

165 3093 294 3170 deerat,
316 3094 516 3154 acerbissima
538 3093 631 3153 satira
655 3093 815 3168 laceraret,
837 3093 1004 3152 lastaurum
1026 3094 1058 3150 ιι
1076 3092 1232 3151 lurconem
1257 3095 1289 3151 et
1311 3109 1368 3152 ne-

166 3200 309 3260 bulonem
336 3200 579 3277 pepinoaemque
604 3199 765 3277 appellans
793 3202 824 3257 et
845 3199 908 3256 vita
939 3197 1123 3272 scriptisque
1148 3201 1367 3272 monstrosum3

164 3313 316 3384 praeterea
322 3307 495 3384 priscorum
504 3305 690 3383 Catonisque
702 3305 866 3365 verborum
881 3303 1149 3364 ineruditissimum
1162 3303 1268 3363 furem.
1288 3302 1367 3362 Sue-

165 3419 225 3474 teu.
247 3413 288 3472 de
310 3413 421 3474 illustr.
444 3412 573 3473 Gramm.
597 3418 642 3473 15.
666 3413 757 3472 Cuius
779 3411 900 3486 quidem
931 3411 1035 3470 satirae
1063 3411 1233 3470 acerbitate
1255 3409 1367 3468 lactum

167 3535 236 3578 asse
257 3520 374 3595 putant,
397 3522 429 3578 ut
451 3519 482 3578 in
503 3519 661 3579 rhetorum
676 3518 794 3581 scholis
819 3518 858 3578 de
873 3519 936 3578 vita
955 3519 988 3577 et
1007 3517 1142 3576 moribus
1160 3514 1288 3576 Salustii
1311 3514 1368 3572 dc-

167 3625 369 3684 clamationes
389 3625 662 3685 conscriberentur.
705 3624 888 3684 Accessisse
910 3624 1096 3699 inimicitias,
1133 3640 1199 3698 quae
1227 3621 1368 3681 Ciceroni

165 3747 230 3792 cum
251 3731 388 3792 Salustio
410 3731 656 3806 intercesserint,
679 3731 757 3791 unde
778 3731 855 3790 mira
871 3729 1008 3806 quaedam
1029 3730 1243 3807 grammaticos
1272 3745 1368 3788 exco-

163 3839 289 3917 gitasse,
311 3855 479 3915 eorumque
500 3838 630 3915 vestigia
653 3838 852 3911 Macrobium,
883 3836 1075 3897 Lactantium
1104 3842 1135 3895 et
1156 3835 1368 3912 Symmachum

164 3945 279 4024 legisse
305 3947 367 4006 sibi
390 3946 588 4023 persuadent.
630 3943 692 4004 Sed
725 3945 836 4019 reliqui
864 3947 935 4004 sunt
961 3943 1138 4020 gravissimi
1158 3945 1265 4014 testes,
1292 3939 1368 4000 Gel-

164 4053 231 4129 lius,
254 4052 365 4128 Varro,
396 4051 455 4112 llio
484 4051 617 4125 Cassius,
646 4069 773 4127 quorum
798 4053 1013 4111 auctoritatem
1040 4049 1194 4125 quomodo
1217 4049 1369 4107 infirmare

164 4158 317 4234 studeant,
348 4156 473 4219 silentio
503 4173 563 4217 non
591 4161 640 4216 est
669 4157 920 4234 praetereundum.
973 4156 1077 4215 Alium
1098 4156 1178 4214 enim
1200 4153 1368 4212 Varronem

164 4265 268 4326 noecic
299 4279 398 4340 quem,
428 4281 487 4323 non
517 4263 670 4323 hominem
700 4265 831 4324 omnium
854 4264 1055 4323 Romanorum
1080 4261 1288 4322 doctissimum
1317 4265 1368 4318 at-

163 4386 221 4446 quo
241 4369 510 4444 litteratissimum,
542 4370 594 4446 qui
623 4369 752 4430 Salustii
782 4370 910 4446 aqualis
938 4370 1001 4444 luit,
1038 4368 1191 4428 hocloco
1218 4383 1290 4426 esse
1319 4365 1367 4424 in·
1429 4429 1433 4436 ,

165 4477 374 4554 talligcndum,
403 4479 435 4536 et
455 4475 585 4537 Gellium
607 4478 708 4554 ipsum
738 4479 766 4537 in
789 4477 950 4538 laudandis
972 4476 1156 4554 scriptorum
1184 4473 1367 4534 testimoniis

166 4601 269 4660 parum
291 4581 472 4660 diligentem
495 4585 591 4644 luisse
613 4583 718 4644 multis
740 4584 844 4642 verbis
866 4584 999 4661 probare
1022 4583 1153 4642 student.
1196 4581 1258 4640 lam
1286 4580 1367 4654 quod

164 4689 201 4749 ad
214 4689 377 4750 avaritiam
391 4693 424 4749 et
444 4691 568 4768 rapinas
582 4691 725 4768 pertinet,
749 4707 809 4765 quo
832 4689 957 4750 erimine
976 4690 1043 4766 ipse
1062 4687 1118 4746 llio
1134 4687 1259 4748 Cassius
1274 4686 1367 4746 Salu-
