3554 5600
1244 655 1311 724 195

111 857 236 918 eventu
271 849 459 940 vigiliarum
489 869 636 931 suarum,
677 849 734 918 sed
768 871 898 920 rursum
932 851 1023 920 saevit
1048 853 1241 925 immanior:
1282 867 1315 926 et

111 994 217 1066 quarn
244 993 318 1042 rem
344 972 510 1065 publicam
535 971 669 1042 servitio
688 995 755 1042 nou
777 983 928 1064 potuerat
941 973 1092 1057 obruere,
1119 977 1315 1072 destrangu-

111 1096 249 1166 landam
276 1095 470 1188 penitusne
501 1095 689 1166 tollendam
711 1095 881 1187 cogitavit,
923 1099 1097 1170 sceleratus
1122 1101 1155 1170 in
1181 1126 1315 1176 omnem

112 1222 245 1304 urbem,
279 1244 380 1315 quam
403 1223 497 1293 toties
523 1220 652 1292 insidiis
681 1221 908 1314 appetivissetz
943 1226 1212 1298 sceleratissimus
1237 1251 1317 1300 voro

113 1346 146 1414 in
172 1347 335 1439 panium,
374 1346 468 1416 ruins
493 1357 605 1416 extant
630 1346 663 1416 in
690 1347 785 1418 illum
812 1369 941 1418 summa
967 1361 1000 1419 et
1024 1352 1316 1423 commemoranda

115 1480 334 1540 monumenta
360 1469 608 1541 beneficiorum.

187 1615 274 1664 xxv.
326 1594 552 1664 Reminisuere
586 1617 710 1688 queso,
749 1596 903 1679 Catilina,
948 1596 1161 1668 reminiscere
1194 1599 1316 1670 lerrnm

116 1715 199 1787 illud
225 1717 401 1789 scelestum
425 1729 523 1811 atque
549 1718 624 1790 illas
649 1711 792 1790 nefarias
818 1721 917 1803 laces,
949 1744 1031 1814 quas
1057 1723 1125 1792 istis
1149 1724 1318 1795 sanctissi-

115 1842 176 1911 mis
204 1843 382 1914 Penatibus
407 1855 506 1937 atque
539 1843 593 1913 isti
626 1842 859 1938 pulcherrima
885 1845 998 1937 patriae
1035 1847 1211 1929 minitaris,
1250 1871 1317 1918 nou

115 1965 156 2035 ad
193 1966 452 2060 oppuguandam
483 1967 600 2038 urbem
635 1990 743 2060 neque
778 1967 819 2038 ad
850 1991 924 2037 eam
956 1969 1233 2039 concremandam
1257 1969 1319 2042 tibi

116 2090 209 2161 datas
227 2089 340 2171 luisse,
365 2090 424 2160 sed
449 2090 555 2184 potius
580 2090 623 2160 ad
647 2091 787 2162 salutem
804 2089 938 2172 rivium,
969 2090 1160 2182 dignitatem
1185 2093 1317 2184 imperii

117 2215 346 2308 libertatisque
372 2223 492 2283 nostrae
511 2214 750 2285 defensionem.
792 2216 854 2285 Per
870 2217 959 2286 Deos
983 2216 1184 2286 immortales
1209 2227 1318 2286 orote

118 2338 273 2418 Catilina,
300 2339 328 2408 si
353 2339 460 2430 patria
481 2349 590 2409 tecum
616 2337 668 2408 his
693 2340 828 2412 vocibus
853 2348 1011 2422 uteretur,
1038 2339 1117 2432 quid
1143 2362 1230 2410 esses
1255 2341 1317 2424 illi,

118 2485 242 2556 quasso,
269 2465 503 2558 responsumsl
540 2467 614 2554 Ego
639 2475 671 2533 te
696 2464 871 2557 parvulum
897 2463 1049 2546 Catilina,
1085 2487 1161 2534 aunt
1186 2466 1220 2536 in
1248 2466 1319 2558 pri·

118 2587 180 2657 mis
204 2589 415 2658 ornatissimo
439 2609 562 2679 genere
594 2588 701 2680 gentis
734 2588 824 2658 nasci
850 2589 1038 2672 voluissem,
1082 2589 1202 2660 deinde
1227 2613 1319 2660 sum-

119 2715 181 2782 mis
206 2712 339 2783 dotibus
364 2734 576 2784 exornassem
602 2721 671 2782 tum
696 2712 844 2804 corporis
867 2724 937 2782 tum
963 2713 1076 2794 animi,
1102 2713 1229 2784 duabus
1249 2726 1318 2784 tum

120 2838 218 2907 rebus
245 2836 482 2907 instituendum
500 2835 624 2929 putavi,
657 2837 745 2906 lerro
770 2860 809 2907 ac
836 2835 982 2918 damma,
1007 2837 1127 2930 quibus
1151 2848 1236 2908 esset
1258 2860 1320 2930 pa·

120 2973 190 3030 rata
217 2960 278 3030 tibi
303 2960 441 3030 lacultas
467 2971 536 3030 tum
570 2959 795 3052 amplificandi
830 2959 960 3053 imperii
984 2960 1067 3042 mei,
1106 2971 1176 3030 tum
1202 2960 1320 3030 delen-

119 3085 237 3156 dendae
262 3085 404 3176 publicae
430 3081 607 3154 libertatis:
639 3083 720 3176 quid
745 3106 819 3154 eam
843 3085 909 3154 vim
940 3107 1108 3154 murorum
1133 3084 1319 3156 inviscera

120 3220 230 3280 noma
244 3207 399 3302 torques?
432 3220 489 3278 aut
513 3207 592 3300 quid
618 3208 779 3278 convertis
804 3208 838 3278 in
865 3209 1003 3279 exitium
1022 3209 1151 3278 oivinm
1167 3231 1318 3279 meorum
1342 3209 1346 3222 '

121 3333 300 3403 institutam
325 3331 498 3423 diligentia
526 3353 599 3400 mea
631 3332 779 3426 meisque
812 3333 993 3404 rationibus
1027 3332 1190 3404 eruditam
1218 3332 1319 3403 dimi-

120 3455 216 3526 candi
239 3456 448 3526 facultatem?
486 3456 627 3525 Maiores
653 3466 766 3528 contra
791 3456 838 3526 tui
863 3457 999 3527 summis
1024 3480 1044 3526 a
1070 3479 1123 3526 me
1147 3456 1320 3528 beneficiis

122 3591 218 3672 atque
245 3578 426 3649 bonoribus
456 3578 544 3648 aucti
577 3599 637 3670 pro
670 3579 899 3670 magnitudine
925 3591 1150 3672 susceptarum
1175 3580 1319 3672 dignita-

122 3715 191 3774 tum
221 3703 461 3798 puleberrimas
487 3702 520 3770 in
547 3701 629 3772 urbe
654 3724 880 3795 saepenumero
906 3704 1008 3794 leges,
1049 3727 1109 3797 pro
1134 3705 1320 3796 praestantia

122 3828 359 3898 beneficiorum
388 3825 586 3895 clarissimas
619 3848 661 3894 ex
683 3823 831 3896 hostibus
856 3826 1007 3896 victorias
1031 3829 1156 3898 referre
1178 3851 1319 3898 consue-

123 3963 218 4031 mnt;
258 3965 291 4022 tu
328 3950 409 4020 mihi
443 3951 549 4022 luctus
584 3949 812 4020 acerbissimos
841 3973 939 4042 paras
976 3973 1036 4042 pro
1064 3973 1192 4022 summa
1224 3951 1319 4044 copia

122 4077 361 4147 beneficiorum
387 4097 558 4168 meorum„
588 4084 622 4145 tu
647 4073 753 4144 caedes
778 4075 911 4156 civium,
946 4086 981 4145 tu
1006 4075 1178 4146 domorum
1203 4076 1320 4145 incen-

123 4201 189 4282 dia,
224 4214 258 4271 tu
292 4201 481 4270 vexationes
513 4198 692 4290 virginum,
730 4207 765 4267 tu
793 4197 975 4268 vastitatem
1009 4198 1111 4280 urbis,
1149 4211 1183 4270 tu
1214 4221 1318 4290 genus

124 4326 335 4397 atrocissimae
365 4323 539 4394 servitutis.
588 4320 909 4394 Ocrudelissimum
942 4320 1114 4392 hominum
1145 4345 1251 4414 genus
1287 4333 1319 4392 et

124 4449 166 4519 ab
191 4451 281 4519 omni
306 4449 435 4542 penitus
460 4446 663 4518 humanitate
685 4444 889 4528 derelictum,
915 4456 950 4517 tu
975 4446 1081 4517 studio
1103 4447 1224 4539 llagras
1249 4447 1319 4517 eins

125 4573 218 4645 urbis
242 4571 437 4653 avertenda,
464 4593 565 4664 quam
591 4593 652 4640 neo
678 4568 1002 4662 Carthaginiensium
1028 4571 1214 4642 astutissimi
1239 4570 1319 4653 doli,

125 4719 187 4766 nea
212 4697 489 4768 Numantinorum
524 4694 654 4764 eximiae
686 4693 789 4778 vires,
827 4717 890 4764 nee
915 4694 1106 4764 Graecorum
1136 4696 1263 4765 erudita
1288 4708 1321 4766 et

1075 4809 1140 4874 13·
