3526 5604
446 625 517 695 aaa

446 825 530 907 307,
548 823 603 897 10.
710 826 767 896 14.
795 820 847 915 [L.
863 827 995 920 Papirio
1014 828 1199 920 Mugillano
1219 831 1258 900 L.
1276 831 1472 925 Sempronio
1484 833 1633 921 Atratino]

446 953 634 1026 consulibus
659 976 735 1023 cum
755 954 953 1024 Ardeatibus
975 955 1090 1024 foedus
1112 969 1306 1028 renovatum
1326 969 1385 1038 est,
1412 959 1511 1051 idque
1531 981 1634 1028 monn·

446 1078 548 1148 menti
567 1085 616 1146 est
634 1077 786 1146 consules
811 1099 867 1146 eos
891 1077 949 1148 illo
971 1100 1059 1146 anno
1079 1079 1190 1160 luisse,
1223 1081 1280 1172 qui
1300 1104 1410 1175 neque
1428 1083 1461 1150 in
1478 1082 1634 1151 annalibus
1731 1139 1732 1146 ,

444 1201 560 1296 priscis
582 1222 692 1291 neque
715 1201 749 1269 in
776 1200 868 1270 libris
894 1201 1146 1292 magistratuum
1177 1203 1392 1275 inveniuntur
1419 1257 1483 1273 ...
1514 1205 1634 1274 nomina

445 1326 621 1396 consulum
640 1325 757 1396 borum
779 1326 925 1396 Licinius
943 1329 1055 1398 Macer
1074 1338 1189 1398 auctor
1207 1340 1256 1398 cst
1274 1342 1306 1399 et
1324 1331 1356 1400 in
1376 1331 1509 1400 foedere
1521 1331 1634 1401 Ardea·
1732 1334 1733 1424 l

445 1455 514 1524 tino
534 1466 567 1524 et
586 1454 619 1523 in
639 1453 749 1522 linteis
769 1453 861 1524 libris
879 1453 920 1522 ad
940 1456 1090 1524 Monetae
1112 1455 1256 1525 inventa.
1291 1457 1403 1525 diodus
1416 1454 1451 1537 4,
1466 1456 1500 1535 7.
1521 1455 1563 1526 10
1578 1480 1632 1546 qu.

444 1585 484 1654 L.
494 1579 851 1671 Minuciuspraelectns
865 1601 1016 1648 annonae
1033 1602 1090 1648 seu
1105 1581 1256 1661 relectus,
1275 1603 1333 1651 seu
1349 1582 1458 1673 quoad
1471 1604 1522 1652 res
1534 1603 1633 1674 posce-

444 1714 496 1774 ret
513 1705 546 1772 in
566 1703 727 1773 incertum
745 1685 890 1784 creatum
915 1701 1000 1772 nibil
1019 1703 1108 1771 enim
1128 1715 1262 1783 constat,
1281 1705 1346 1774 nisi
1363 1705 1396 1774 in
1417 1705 1515 1776 libros
1531 1705 1633 1775 linteos
1733 1700 1734 1721 ¹

444 1839 585 1920 utroque
611 1849 698 1896 anno
724 1825 865 1896 rolatum
892 1826 977 1894 inter
1003 1826 1211 1918 magistratus
1237 1829 1394 1920 praelecti
1421 1851 1549 1898 nomen.
1585 1830 1632 1896 n·-

444 1954 516 2022 or'us
534 1949 570 2032 4,
599 1948 654 2030 13,
683 1948 716 2019 7.
818 1949 874 2018 15.
901 1951 1037 2018 Veteres
1065 1951 1202 2020 annales
1233 1964 1265 2020 et
1294 1953 1543 2042 magistratuum
1568 1949 1632 2021 libri

443 2099 526 2171 quos
550 2076 670 2147 linteos
689 2076 722 2145 in
745 2074 828 2144 aede
852 2075 1011 2167 repositos
1029 2077 1180 2146 Monetae
1203 2073 1273 2161 [am
1293 2079 1419 2148 addunt
1435 2079 1577 2154 meliores,
1600 2077 1630 2145 0.

443 2202 609 2270 auctores
627 2198 719 2287 libn']
737 2201 848 2270 Macer
862 2198 1009 2268 Licinius
1027 2200 1105 2268 citat
1122 2199 1310 2269 idemtidem
1330 2212 1491 2282 auctores,
1509 2201 1631 2295 septimo

443 2337 517 2422 post
533 2328 666 2397 demum
688 2349 778 2396 anno
795 2349 870 2394 oum
889 2325 926 2394 T.
941 2325 1098 2408 Quinctio
1112 2327 1224 2395 Penno
1242 2329 1282 2398 Α.
1300 2327 1492 2397 Cornelium
1510 2327 1632 2397 Cossum

445 2453 612 2522 consulem
634 2449 764 2520 habent.
791 2452 903 2519 liuius
919 2447 953 2530 4,
973 2448 1032 2529 20,
1050 2447 1086 2519 8.
1179 2451 1234 2518 to.
1262 2450 1406 2520 Eosdem
1422 2429 1567 2520 consules
1587 2449 1632 2516 in·

443 2577 702 2668 sequentianno
724 2576 874 2656 resectos,
901 2574 1021 2643 lulium
1048 2573 1180 2643 tertium
1198 2574 1386 2663 virginium
1406 2575 1533 2654 iterum,
1556 2569 1630 2663 apud

443 2699 592 2769 Macrum
606 2698 771 2769 Licinium
785 2698 929 2767 invenio.
957 2695 1109 2767 Valerius
1122 2698 1236 2767 Antias
1249 2708 1312 2766 etc.
1329 2721 1429 2791 supro
1441 2723 1474 2791 p.
1485 2696 1564 2778 355.
1584 2695 1630 2766 10,

448 2827 503 2894 17.
535 2823 737 2895 Dictaturam
771 2822 808 2892 T.
835 2821 1031 2905 Quinctium
1061 2823 1211 2892 Pennum
1245 2843 1286 2890 eo
1324 2845 1412 2891 anno
1445 2823 1542 2892 luisse
1566 2827 1631 2890 satis

444 2959 569 3020 constat
595 2999 661 3018 ...
688 2949 799 3018 Macer
824 2945 973 3015 Licinius
999 2945 1210 3016 comitiorum
1237 2945 1465 3017 habendorum
1490 2969 1584 3018 causa
1605 2955 1631 3012 ct

443 3073 486 3143 ab
504 3071 634 3143 Licinio
659 3071 796 3140 consule
822 3069 945 3140 dictum
972 3069 1097 3148 scribit,
1124 3069 1214 3160 quia,
1248 3070 1377 3161 collega
1404 3071 1532 3140 comitia
1555 3069 1631 3140 bello

443 3198 611 3291 praeferre
644 3195 818 3263 festinante
849 3204 883 3262 ut
914 3193 1124 3262 continuaret
1153 3192 1370 3274 consulatum,
1406 3192 1533 3264 obuiam
1558 3215 1630 3262 eun·

443 3321 521 3391 dum
549 3342 669 3413 pravae
702 3318 873 3412 cupiditati
899 3317 1008 3387 fuerit.
1060 3316 1220 3399 Quaesita
1251 3339 1291 3385 ea
1322 3319 1477 3410 propriae
1502 3318 1630 3388 familiae

444 3448 515 3516 laus
540 3447 700 3516 leviorem
727 3457 895 3516 auctorem
922 3443 1088 3513 Licinium
1117 3443 1208 3524 lacit;
1244 3465 1319 3513 cum
1346 3446 1545 3515 mentionem
1569 3441 1629 3511 eius

442 3571 491 3641 rei
516 3571 550 3639 in
578 3568 809 3639 vetustioribus
835 3565 1012 3636 annalibus
1038 3565 1166 3635 nullam
1192 3565 1360 3636 inveniam
1382 3581 1445 3637 etc.
1480 3567 1584 3637 Liuius
1601 3561 1628 3640 7,

443 3692 478 3774 9,
495 3690 520 3762 3
538 3715 604 3784 app.
708 3691 764 3760 18.
791 3691 940 3784 Papirius
961 3689 1095 3759 lunium
1117 3689 1304 3759 Bubulcum
1329 3690 1523 3780 magistrum
1547 3687 1630 3782 equi-

443 3829 513 3887 tum
539 3816 637 3895 dixit,
668 3825 768 3906 atquo
794 3813 825 3882 ei
851 3815 961 3905 legem
987 3813 1148 3882 curiatam
1178 3811 1219 3881 de
1245 3811 1386 3905 imperio
1413 3813 1528 3882 serenti
1551 3811 1628 3880 triste

442 3963 540 4012 omen
567 3939 655 4009 diem
682 3939 811 4016 diffidit,
847 3937 936 4030 quod
963 3937 1088 4006 Faucia
1113 3938 1205 4008 curia
1231 3937 1292 4008 luit
1317 3937 1528 4030 principium,
1558 3935 1629 4004 dua·

442 4066 503 4136 bus
531 4063 668 4156 insignis
694 4061 853 4144 cladibus,
893 4071 1008 4152 captae
1037 4060 1128 4130 urbis
1160 4073 1192 4130 et
1217 4061 1388 4131 Caudinae
1414 4063 1516 4153 pacis,
1553 4053 1629 4151 quod

442 4201 583 4284 utroquo
609 4211 696 4259 anno
723 4186 838 4256 eadem
865 4185 956 4256 curia
983 4186 1089 4255 luerat
1114 4186 1326 4279 principium.
1365 4187 1478 4255 Macer
1498 4182 1629 4256 Licinius

442 4321 537 4393 tertia
563 4316 660 4386 etiam
688 4311 793 4392 clade,
819 4333 906 4403 quae
932 4310 974 4380 ad
992 4309 1185 4381 Cremeram
1204 4303 1345 4412 'accepta
1363 4318 1421 4391 est,
1449 4309 1630 4379 abominan-

441 4448 518 4517 dam
544 4462 618 4514 eam
644 4439 771 4508 curiam
797 4437 883 4505 lacit.
926 4436 1037 4504 Lior'os
1054 4432 1088 4515 9,
1112 4432 1172 4516 38,
1195 4434 1298 4526 15sq.
1403 4436 1459 4504 10.
1486 4435 1546 4506 Cn.
1563 4432 1630 4502 Fla-

443 4571 514 4642 rius
540 4571 600 4639 Cn.
628 4565 716 4635 lilius
741 4562 848 4632 scriba
876 4611 913 4630 ..
940 4560 1057 4636 aedilis
1085 4561 1207 4631 curulis
1235 4561 1304 4631 luit.
1347 4561 1484 4631 Invenio
1510 4561 1542 4630 in
1566 4555 1628 4650 qui·

441 4695 580 4765 busdam
606 4688 781 4760 annalibus
809 4737 844 4756 ..
873 4679 1216 4778 [osr.suprup.301,
1238 4685 1298 4772 15]
1326 4685 1473 4756 tabulam
1499 4685 1629 4777 posuisse
