3702 5600
438 623 508 692 '198

434 820 496 880 Sed
527 822 649 882 etiamsi
677 822 706 880 in
732 821 816 881 nutto
844 819 925 880 libro
955 820 1101 890 exstaret,
1134 821 1235 876 tamen
1267 816 1424 878 hocloco
1454 826 1543 881 esset
1569 838 1646 898 sup-

434 930 588 1004 plendum.

513 1041 689 1096 occaneront
709 1033 776 1094 Ein.
798 1036 827 1094 in
850 1034 917 1093 Tur.
940 1033 996 1109 spl.
1020 1049 1079 1091 nou
1098 1031 1191 1108 plane
1205 1035 1313 1090 contra
1331 1048 1453 1106 morem,
1474 1031 1532 1091 sed
1546 1050 1645 1110 prop-

432 1147 480 1204 ter
501 1144 611 1203 odotem
631 1148 715 1217 ierat,
746 1142 829 1217 quod
854 1140 946 1218 paulo
977 1138 1203 1214 antepositum
1225 1140 1302 1210 erat,
1328 1136 1389 1196 buc
1409 1135 1481 1196 loco
1503 1155 1564 1197 non
1585 1139 1644 1198 ad-

430 1249 616 1310 mittendum.
637 1249 694 1308 Sed
708 1249 782 1308 bono
796 1251 871 1306 cinci
890 1249 982 1305 rodus
997 1252 1048 1318 cst,
1071 1260 1156 1321 quom
1174 1243 1251 1302 muto
1266 1259 1348 1302 more
1361 1245 1499 1302 iniuriam
1513 1248 1643 1320 ιιιιιιιιι,

430 1374 497 1416 curn
518 1356 568 1415 bis
590 1359 804 1432 compararunt
822 1354 915 1412 Tbuc.
936 1371 976 1412 ιν.
998 1354 1043 1410 19.
1059 1343 1228 1428 ιὀιιίζομὲι
1242 1368 1275 1410 τι
1291 1337 1350 1422 τας
1363 1339 1503 1431 μεγάλαις
1517 1342 1644 1434 ἔχθρας

428 1449 546 1540 μάλιστ
592 1449 631 1524 ov
671 1448 862 1524 διαλύεσθαι
906 1452 1061 1536 βεβαίως,
1108 1445 1167 1518 οιίιι
1209 1445 1247 1539 ἢν
1292 1445 1553 1536 &mammarum
1594 1478 1643 1531 τις

426 1563 480 1630 καί
500 1553 718 1651 ἐπικοατήσας
737 1588 781 1628 ια
771 1554 881 1627 nmo
902 1563 961 1626 ιιιῡ
985 1559 1186 1640 πολέμοιι-
1200 1549 1245 1646 μή
1265 1549 1335 1624 dno
1354 1582 1412 1624 τοι
1435 1559 1510 1625 ἰ’σοιι
1525 1561 1562 1641 ξι
1558 1565 1641 1650 μβιι,

427 1661 535 1738 αλλ”“
514 1695 561 1758 ην,
582 1660 690 1754 παρόν
709 1659 750 1732 τό
770 1658 853 1733 miro
880 1668 1039 1754 δρᾶσαι
1031 1655 1117 1750 πρός
1137 1689 1174 1728 ro
1202 1662 1338 1742 ἐπιεικὲς
1363 1664 1417 1729 καί
1437 1655 1538 1754 ciprani
1559 1653 1642 1732 αυτό

424 1770 555 1866 νικήσας
569 1799 661 1863 παρα
674 1801 696 1841 α
688 1765 907 1859 παιιέδιχιιιι
923 1770 1063 1858 μετρίως
1083 1771 1268 1860 ξυναλίαγῇ.
1292 1776 1392 1835 donee
1410 1775 1504 1850 igitur
1525 1779 1618 1836 etsi
1608 1796 1639 1836 uu

425 1888 601 1949 universum
623 1887 814 1958 dictumest,
838 1889 939 1944 muron
961 1884 1154 1962 potissimum
1175 1889 1351 1944 senatorum
1372 1883 1502 1970 factioni
1524 1885 1638 1946 dictum

424 1999 481 2056 est.
524 1993 651 2053 Leviter
677 1993 755 2051 enim
780 1991 936 2050 Gracchos
961 1989 1170 2067 reprehendit,
1200 1990 1282 2064 quod
1308 1991 1468 2049 nonsatis
1490 1993 1639 2052 modera-

424 2109 472 2164 tus
496 2104 534 2163 iis
551 2102 667 2162 animus
684 2100 785 2175 tuerit,
807 2100 864 2160 sad
885 2099 982 2176 magis
1003 2099 1095 2164 etiarn
1118 2101 1266 2173 senatum,
1288 2097 1369 2173 quod
1390 2115 1451 2157 non
1473 2098 1581 2174 potius
1603 2116 1639 2159 se

424 2211 508 2270 vinci
530 2227 642 2288 passus
664 2209 712 2284 sit,
734 2225 822 2283 quam
843 2208 924 2268 mato
945 2223 1031 2266 more
1052 2207 1073 2265 i.
1094 2223 1121 2265 e.
1143 2207 1174 2264 vi
1197 2210 1228 2264 ot
1249 2207 1352 2280 armis,
1375 2210 1407 2266 et
1425 2224 1534 2283 magna
1554 2208 1638 2268 caede

423 2321 534 2380 civium
556 2319 646 2391 facta,
669 2318 870 2377 adversarios
896 2317 1032 2376 vicisset.
1073 2315 1125 2374 Nil
1146 2317 1241 2393 igitur
1269 2316 1449 2374 mutandum.
1472 2317 1548 2374 dono
1569 2315 1638 2374 col-

421 2428 536 2486 lective
557 2444 614 2504 pro
644 2427 726 2486 donia
746 2427 895 2502 positum;
917 2442 977 2500 quo
1006 2426 1125 2485 nomine
1151 2426 1280 2484 maxime
1301 2424 1453 2502 appellari
1479 2424 1637 2498 volebant,

423 2537 474 2611 qui
497 2539 622 2596 senatus
644 2534 859 2595 arroteritatom
882 2533 1099 2594 defendebant.
1126 2533 1279 2594 Salustius
1303 2533 1399 2610 igitur
1422 2531 1556 2591 consilio
1577 2529 1637 2589 boc

421 2660 531 2701 nomen
562 2643 600 2702 iis
627 2643 749 2730 tribuit„
773 2646 807 2702 ut
834 2643 905 2717 quid
932 2643 1043 2701 bonnm
1067 2644 1166 2702 virum
1188 2643 1307 2716 deceat,
1338 2643 1368 2700 in
1394 2641 1575 2701 memoriam
1596 2640 1636 2697 iis

421 2751 557 2808 revocet.
592 2749 680 2809 Haud
694 2749 787 2809 dubie
801 2750 943 2825 sequenti
957 2749 1107 2810 vocabulo
1122 2749 1198 2808 moto
1220 2749 1395 2826 oppositum
1417 2749 1476 2822 est,
1498 2746 1557 2806 sed
1575 2763 1634 2804 nnn

421 2861 453 2914 ut
470 2873 526 2932 pro
547 2857 655 2916 eodem
678 2873 750 2916 casu
767 2857 939 2917 babendum
954 2857 1007 2932 sit3
1033 2859 1125 2915 sotius
1139 2873 1205 2915 cum
1220 2856 1326 2915 dativo
1342 2856 1484 2926 iunctum,
1509 2857 1541 2913 ut
1553 2852 1633 2930 apud

419 2961 538 3023 Livium
561 2983 631 3026 xurr.
655 2967 703 3024 23.
724 2967 829 3042 perire
857 2982 986 3040 namque
1015 2964 1110 3024 semel
1142 2965 1219 3041 ipsis
1240 2965 1337 3024 satius
1359 2979 1431 3022 esse
1459 2977 1549 3036 quam
1575 2959 1632 3018 sub

420 3071 614 3132 acerbissimi
637 3070 789 3132 carnificis
811 3072 939 3131 arbitrio
962 3072 1102 3148 spiritum
1123 3072 1247 3130 ducere.
1273 3071 1349 3128 muto
1371 3086 1451 3128 more
1473 3085 1533 3128 non
1555 3068 1631 3126 sim-

418 3175 542 3252 pliciter
562 3194 618 3253 pro
645 3178 729 3237 modo
752 3178 874 3252 dictum,
904 3195 1032 3253 quocum
1052 3178 1164 3253 saepius
1181 3177 1382 3254 coniungitur,
1404 3181 1437 3235 ut
1461 3173 1543 3252 apud
1564 3171 1631 3232 Ho-

416 3283 528 3341 ratium
556 3286 620 3357 opie
650 3283 765 3344 Mation
796 3300 877 3342 more
902 3283 1049 3360 modoque,
1079 3282 1159 3359 apud
1186 3281 1425 3342 Demosthenem
1446 3270 1554 3364 τούτῳ
1580 3273 1631 3360 τῷ

418 3378 489 3449 stet
509 3384 562 3448 καί
582 3389 632 3469 uqi
651 3379 767 3473 ιριίιιῳ
794 3389 853 3474 τῆς
879 3384 1044 3462 πολιτείας
1067 3385 1214 3474 χρῆσθαι
1242 3389 1367 3468 Olyntb.
1389 3409 1420 3450 u.
1442 3408 1472 3467 p.
1496 3393 1545 3450 tt.
1572 3390 1631 3449 sed

417 3501 607 3556 constantem
629 3498 879 3558 consuetudinem
900 3497 1063 3574 significat,
1085 3499 1129 3557 ita
1150 3503 1182 3557 ut
1201 3498 1255 3558 vel
1276 3500 1335 3560 boo
1355 3497 1510 3558 vocabulo
1532 3497 1629 3557 maias

416 3605 501 3661 artes
522 3603 729 3677 potentiorum
752 3604 895 3680 castiget.

498 3725 524 3767 c.
546 3705 595 3768 ta.
625 3709 736 3785 sepum,
765 3710 896 3770 Metellus
923 3717 952 3769 ct
977 3709 1094 3769 Silanus
1120 3709 1193 3770 Rae.
1213 3710 1282 3770 Par.
1310 3711 1377 3771 Ein.
1399 3712 1469 3770 Tur.
1487 3711 1575 3770 Leid.
1596 3715 1629 3770 et

416 3829 520 3874 omnes
549 3815 623 3874 boni
653 3814 736 3891 iibri,
764 3817 882 3876 addunt
908 3818 1096 3893 pronomina
1126 3819 1157 3888 0.
1179 3819 1242 3876 Met.
1265 3821 1297 3876 et
1317 3819 1356 3876 M.
1376 3818 1426 3877 su.
1450 3816 1553 3878 Gueli.
1579 3821 1625 3877 1⁰.

415 3919 484 3979 Vin.
507 3923 534 3979 2.
555 3920 662 3980 lirano.
684 3918 769 3981 Leid.
793 3922 826 3982 G.
854 3923 931 3982 Ven.
955 3926 981 3981 t.
1003 3923 1073 3982 Vat.
1096 3926 1123 3983 b.
1150 3928 1182 3984 et
1207 3925 1296 3984 Misn.
1328 3941 1456 4000 quorum
1477 3924 1626 3986 librorum

414 4029 584 4090 auctoritas
606 4030 743 4090 estsere
765 4030 856 4091 nulla.
894 4031 936 4090 At
958 4033 1039 4091 solet
1053 4031 1214 4108 Salustius,
1244 4034 1459 4110 cumprimum
1483 4033 1544 4092 viri
1566 4034 1625 4092 ali-

414 4133 501 4192 cuius
534 4135 717 4194 mentionem
745 4135 827 4211 tacit,
849 4153 1024 4214 praenomen
1047 4137 1171 4197 addere.
1214 4138 1328 4198 Verum
1351 4132 1415 4212 est}
1444 4139 1503 4198 sed
1525 4140 1626 4216 potuit

413 4237 491 4314 fleri,
520 4243 553 4300 ut
573 4241 727 4303 Salustius
755 4261 810 4303 eos
838 4246 980 4304 consules
1002 4249 1125 4305 creatos
1147 4263 1219 4306 esso
1239 4247 1298 4306 iam
1324 4253 1395 4307 anto
1417 4265 1435 4306 a
1456 4264 1492 4306 se
1513 4266 1624 4308 narra-

412 4351 475 4406 tum
496 4366 568 4409 esso
595 4355 727 4428 putaret,
755 4351 838 4428 quod
861 4354 983 4429 quidem
1005 4361 1077 4432 post
1099 4360 1159 4414 tam
1180 4353 1303 4433 longam
1325 4357 1554 4434 digressionem
1574 4355 1624 4414 sa-

412 4453 473 4513 cite
494 4457 555 4514 sibi
576 4457 764 4534 persuadere
786 4461 893 4535 potuit.
924 4459 1035 4520 Forma
1066 4467 1151 4521 certe
1177 4463 1328 4522 orationis
1350 4464 1393 4522 ita
1420 4465 1470 4521 est
1494 4479 1620 4539 compa·

410 4565 488 4636 rata,
510 4565 543 4621 ut
564 4564 636 4623 illos
665 4565 808 4624 eonsules
839 4569 961 4626 creatos
989 4583 1060 4627 esse
1088 4569 1235 4646 iam‘pro
1261 4585 1296 4628 re
1324 4573 1395 4628 nota
1422 4573 1454 4628 et
1481 4568 1622 4628 omnibus

412 4667 574 4728 manifesta
598 4685 715 4746 ponere
736 4670 886 4730 videatur.
909 4673 970 4731 otio
990 4678 1086 4734 omnio
1106 4677 1161 4734 eibi
1179 4693 1243 4736 cum
1261 4675 1373 4752 ιιλίιςι
1391 4682 1484 4746 roam,
1505 4675 1537 4734 in
1551 4675 1620 4750 oui·
