3526 5604
1239 719 1309 788 273

121 919 262 990 conditae
280 919 442 991 Graecam
461 929 649 1012 temporum
663 918 825 988 rationem
844 919 977 988 Porcius
996 919 1077 989 Cato
1103 941 1169 988 non
1187 917 1312 998 definit,

120 1057 259 1112 ceterum
280 1035 362 1113 vcunr
388 1041 658 1133 diligentissimus
680 1042 830 1111 omnium
847 1043 887 1112 sit
904 1043 938 1111 in
956 1042 1193 1112 conscribenda
1211 1041 1314 1111 histo-

120 1169 170 1238 ria
189 1168 334 1261 antiqua,
361 1167 457 1236 anuis
473 1165 572 1236 tradit
587 1165 839 1259 quadringentis
855 1167 988 1258 triginta
1010 1165 1137 1236 duobus
1155 1167 1315 1259 posterio-

121 1316 189 1363 rem
212 1293 300 1362 bello
326 1292 429 1361 Iliaco
453 1291 566 1361 fuisse
613 1292 792 1381 Dionysius
816 1292 893 1362 flat.
911 1290 942 1372 1,
970 1287 1028 1360 74.
1055 1291 1209 1361 Eusebius
1223 1294 1314 1360 otro-

123 1419 191 1486 ru'co
215 1418 244 1485 Ι.
269 1417 428 1508 syncellus
457 1440 492 1508 p.
520 1412 600 1486 193.
656 1414 885 1486 Conficiuntur
915 1415 1017 1506 igitur
1048 1415 1089 1485 ab
1115 1417 1248 1484 Aeneae
1280 1414 1314 1484 in

123 1542 244 1612 ltaliam
278 1541 424 1611 adventu
454 1540 494 1611 ad
522 1541 660 1610 Romam
692 1539 860 1608 conditam
889 1539 969 1609 anui
999 1539 1230 1632 quadringenti
1256 1539 1316 1608 tri-

124 1666 210 1756 ginta
234 1689 352 1735 uovem
378 1665 561 1735 secundnm
578 1664 737 1734 Catonem
763 1664 923 1734 maiorem
941 1675 974 1733 et
990 1667 1183 1736 Varronem.
1217 1665 1315 1734 Laur.

126 1793 226 1882 Lydus
251 1793 288 1860 de
312 1815 397 1882 mog.
419 1789 450 1872 1,
477 1792 512 1858 2.
612 1790 673 1858 21.
700 1789 782 1859 Cato
805 1788 872 1873 Qui
896 1789 1025 1870 urbem,
1053 1789 1168 1882 inquit,
1195 1810 1316 1857 novam

125 1915 248 1996 condet,
274 1925 369 1985 tauro
395 1927 427 1984 ct
450 1937 550 1984 vacca
576 1923 662 1992 aret;
695 1914 752 1984 ubi
778 1913 932 1995 araverit,
959 1935 1089 1982 murum
1116 1913 1229 1991 laciat;
1261 1913 1316 1982 ubi

124 2050 244 2131 portam
276 2040 348 2108 vult
381 2061 464 2117 esse,
503 2048 648 2108 aratrum
681 2037 831 2106 sustollat
856 2047 888 2105 et
922 2047 1029 2128 portet
1062 2049 1093 2105 et
1120 2037 1164 2105 ita
1187 2047 1317 2128 portam

124 2175 222 2232 vocet.
268 2163 415 2232 Isidorus
439 2163 519 2252 orig.
550 2159 607 2242 15,
639 2159 674 2242 2,
705 2158 739 2231 3.
791 2159 900 2244 Quem
933 2161 1014 2231 Cato
1052 2161 1084 2228 in
1123 2161 1317 2252 Originibus

125 2287 200 2356 dicit
224 2309 349 2358 morem
377 2287 498 2357 luisse:
532 2287 718 2358 conditores
744 2285 832 2355 enim
858 2285 995 2354 civitatis
1020 2295 1150 2354 taurum
1177 2287 1209 2355 in
1235 2287 1318 2355 dex-

125 2423 216 2492 tram,
253 2435 387 2483 vaccam
421 2413 619 2482 intrinsecus
650 2411 832 2501 iungebant
866 2420 898 2477 et
925 2409 1060 2479 incincti
1087 2411 1152 2479 ritu
1177 2410 1317 2492 Gabino,

125 2537 229 2607 idest
256 2551 354 2630 togae
385 2551 478 2631 parte
511 2547 610 2631 caput
633 2537 732 2608 velati
757 2548 851 2627 parte
875 2536 1044 2614 succincti,
1079 2536 1234 2605 tenebant
1259 2535 1319 2604 sti·

126 2683 194 2731 ram
220 2663 402 2744 incurram,
435 2673 472 2733 ut
498 2663 618 2754 glebae
643 2657 758 2730 omnes
784 2661 981 2730 intrinsecus
1007 2659 1178 2740 caderent;
1218 2671 1249 2729 et
1275 2661 1317 2730 ita

126 2787 214 2855 suloo
238 2787 335 2857 ducto
360 2787 434 2856 loca
459 2809 630 2856 murorum
656 2783 885 2875 designabant,
912 2794 1059 2854 aratrum
1085 2785 1320 2877 suspendentes

127 2911 209 2980 circa
241 2912 312 2981 loca
344 2923 531 3004 portarum;
569 2909 657 2979 unde
690 2921 723 2978 et
756 2907 957 2977 territorium
991 2907 1111 2978 dictum
1144 2920 1194 2978 est
1223 2912 1319 3002 quasi

127 3034 346 3116 terribovium,
364 3034 475 3105 tritum
492 3034 598 3103 bobus
615 3042 777 3102 etaratro.
793 3032 920 3102 Sensim
932 3035 975 3102 ud
995 3033 1081 3123 Verp.
1095 3036 1171 3103 Aea.
1181 3033 1215 3116 5,
1235 3033 1318 3108 755.

128 3160 256 3228 Veteres
268 3145 341 3228 ‘am'
358 3183 418 3252 pro
436 3158 562 3229 circum
581 3179 703 3250 ponere
721 3166 972 3238 consueverunt,
997 3167 1032 3226 ut
1049 3158 1130 3227 Cato
1151 3158 1185 3226 in
1203 3160 1320 3251 Origi-

129 3283 233 3354 nibus:
267 3295 436 3353 oratorum
468 3278 686 3367 [oratoruml]
723 3301 778 3348 am
812 3280 1000 3363 terminum,
1048 3280 1080 3349 id
1115 3293 1163 3352 est
1194 3284 1319 3354 circum

130 3406 311 3476 terminum.
349 3406 529 3477 Macrobius
547 3405 677 3474 Sutura.
695 3402 726 3484 1,
744 3398 801 3472 14.
838 3403 1037 3484 Pomerium,
1063 3404 1097 3473 id
1119 3416 1167 3474 est
1192 3403 1319 3490 l[ocum

130 3552 297 3620 promnro,
315 3542 352 3601 ut
364 3531 425 3618 ait]
444 3530 534 3601 Cato.
546 3531 650 3600 Festus
663 3530 718 3598 lib.
736 3527 781 3599 16
794 3552 819 3598 s.
833 3553 863 3597 o.
875 3531 1089 3620 pou'merr'um.
1189 3534 1249 3604 22.
1273 3534 1318 3602 Μ.

131 3653 203 3723 Cato
228 3655 262 3724 in
290 3653 503 3745 Originibus:
539 3653 655 3723 eodem
682 3673 848 3723 convenae
875 3652 1061 3744 complures
1087 3653 1236 3746 onagro
1262 3679 1320 3725 ac-

131 3779 336 3858 cessitarere;
355 3801 395 3848 eo
412 3802 464 3848 res
482 3800 597 3848 eornm
611 3775 713 3846 auxit.
740 3775 861 3845 Gellius
877 3772 933 3855 18,
951 3773 1007 3856 12,
1021 3774 1055 3845 l.
1154 3778 1213 3848 23.
1240 3779 1322 3850 Cato

132 3901 172 3970 ait
193 3901 381 3974 Larentiam
407 3901 594 3971 meretricio
625 3909 764 3992 quaestu
796 3898 1027 3989 locupletatam
1052 3912 1124 3991 post
1149 3923 1319 3970 excessum

132 4047 220 4095 sunm
247 4025 371 4118 populo
399 4025 551 4093 Romano
584 4045 681 4114 agros
712 4023 886 4102 Turacem,
922 4022 1122 4105 Semurium,
1157 4025 1320 4094 Lutirium

133 4159 163 4217 et
184 4149 347 4220 Selinium
373 4146 559 4239 reliquisse,
599 4157 631 4215 et
659 4146 734 4216 ideo
763 4145 905 4238 sepulcri
934 4146 1176 4236 magnificentia
1203 4159 1234 4216 et
1259 4170 1320 4216 an-

134 4295 212 4342 nuae
237 4272 474 4366 parentationis
491 4271 617 4340 bonore
639 4270 818 4363 dignatam.
857 4272 1036 4340 Macrobius
1056 4271 1185 4340 Suturu.
1209 4272 1240 4352 1,
1263 4272 1319 4343 10.

134 4399 187 4468 at.
210 4403 296 4470 'luas
322 4399 478 4470 adversus
505 4410 536 4467 te
562 4399 717 4490 Origines
742 4398 993 4468 revolvam...
1019 4399 1089 4466 lam
1114 4419 1133 4465 a
1158 4395 1321 4489 principio

134 4536 285 4614 regnante
310 4522 462 4602 Romulo,
497 4545 572 4592 cum
598 4521 761 4613 Capitolio
793 4521 835 4590 ab
862 4520 991 4591 Sabinis
1022 4532 1115 4614 capto
1147 4521 1256 4590 medio
1286 4521 1320 4589 in

136 4645 200 4716 loro
223 4649 326 4742 signis
352 4649 480 4718 collatis
505 4647 728 4728 dimicaretur,
760 4645 867 4717 norine
893 4647 1071 4717 intercessu
1096 4657 1321 4716 matronarum

137 4767 214 4842 inter
239 4774 327 4843 acies
351 4772 434 4842 duas
460 4772 621 4864 proelium
647 4771 797 4840 sedatum
824 4769 895 4839 est‘l
928 4780 990 4838 etc.
1015 4771 1126 4840 liuius
1148 4767 1206 4850 34,
1234 4769 1267 4850 5,
1285 4768 1320 4839 8.

1127 4897 1163 4954 18
