<?xml version="1.0" encoding="UTF-8"?>
<!DOCTYPE html PUBLIC "-//W3C//DTD XHTML 1.0 Transitional//EN"
    "http://www.w3.org/TR/xhtml1/DTD/xhtml1-transitional.dtd">
<html xmlns="http://www.w3.org/1999/xhtml" xml:lang="en" lang="en">
 <head>
  <title>
</title>
<meta http-equiv="Content-Type" content="text/html;charset=utf-8" />
  <meta name='ocr-system' content='tesseract 3.04.00' />
  <meta name='ocr-capabilities' content='ocr_page ocr_carea ocr_par ocr_line ocrx_word'/>
</head>
<body>
  <div class='ocr_page' id='page_1' title='image "./gaisalustiicris00rothgoog_0357.png"; bbox 0 0 3526 5604; ppageno 0'>
   <div class='ocr_carea' id='block_1_1' title="bbox 363 623 520 726">
    <p class='ocr_par' dir='ltr' id='par_1_1' title="bbox 363 623 520 726">
     <span class='ocr_line' id='line_1_1' title="bbox 363 623 520 726; baseline -0.025 -32"><span class='ocrx_word' id='word_1_1' title='bbox 363 713 368 726; x_wconf 40' lang='grc'>,</span> <span class='ocrx_word' id='word_1_2' title='bbox 448 623 520 693; x_wconf 76' lang='lat' dir='ltr'>eso</span> 
     </span>
    </p>
   </div>
   <div class='ocr_carea' id='block_1_2' title="bbox 355 817 1736 1542">
    <p class='ocr_par' dir='ltr' id='par_1_2' title="bbox 355 817 1736 1542">
     <span class='ocr_line' id='line_1_2' title="bbox 446 817 1735 914; baseline -0.001 -24"><span class='ocrx_word' id='word_1_3' title='bbox 446 843 513 914; x_wconf 94' lang='lat' dir='ltr'>quo</span> <span class='ocrx_word' id='word_1_4' title='bbox 539 819 610 912; x_wconf 82' lang='lat' dir='ltr'>ipse</span> <span class='ocrx_word' id='word_1_5' title='bbox 636 819 800 890; x_wconf 77' lang='lat' dir='ltr'><strong>interisset</strong></span> <span class='ocrx_word' id='word_1_6' title='bbox 829 841 901 890; x_wconf 88' lang='lat' dir='ltr'>esse</span> <span class='ocrx_word' id='word_1_7' title='bbox 922 820 1143 912; x_wconf 88' lang='lat' dir='ltr'>pereundum.</span> <span class='ocrx_word' id='word_1_8' title='bbox 1195 820 1279 900; x_wconf 86' lang='lat' dir='ltr'>Hoc,</span> <span class='ocrx_word' id='word_1_9' title='bbox 1306 831 1487 913; x_wconf 88' lang='lat' dir='ltr'>antequam</span> <span class='ocrx_word' id='word_1_10' title='bbox 1505 817 1636 890; x_wconf 86' lang='lat' dir='ltr'>tribunos</span> <span class='ocrx_word' id='word_1_11' title='bbox 1734 855 1735 878; x_wconf 59' lang='lat' dir='ltr'>t</span> 
     </span>
     <span class='ocr_line' id='line_1_3' title="bbox 447 943 1637 1038; baseline -0.003 -22"><span class='ocrx_word' id='word_1_12' title='bbox 447 945 537 1038; x_wconf 83' lang='lat' dir='ltr'>plclri</span> <span class='ocrx_word' id='word_1_13' title='bbox 563 945 601 1015; x_wconf 88' lang='lat' dir='ltr'>C.</span> <span class='ocrx_word' id='word_1_14' title='bbox 629 943 798 1016; x_wconf 78' lang='lat' dir='ltr'>Gracchus</span> <span class='ocrx_word' id='word_1_15' title='bbox 823 945 929 1014; x_wconf 86' lang='lat' dir='ltr'>lactus</span> <span class='ocrx_word' id='word_1_16' title='bbox 955 955 1055 1026; x_wconf 85' lang='lat' dir='ltr'>esset,</span> <span class='ocrx_word' id='word_1_17' title='bbox 1094 955 1127 1013; x_wconf 89' lang='lat' dir='ltr'>et</span> <span class='ocrx_word' id='word_1_18' title='bbox 1158 965 1193 1012; x_wconf 88' lang='lat' dir='ltr'>se</span> <span class='ocrx_word' id='word_1_19' title='bbox 1224 943 1355 1014; x_wconf 78' lang='lat' dir='ltr'>audisse</span> <span class='ocrx_word' id='word_1_20' title='bbox 1384 944 1497 1014; x_wconf 83' lang='lat' dir='ltr'>scribit</span> <span class='ocrx_word' id='word_1_21' title='bbox 1521 944 1637 1014; x_wconf 84' lang='lat' dir='ltr'>Caelius</span> 
     </span>
     <span class='ocr_line' id='line_1_4' title="bbox 448 1066 1637 1160; baseline -0.003 -20"><span class='ocrx_word' id='word_1_22' title='bbox 448 1080 481 1139; x_wconf 88' lang='lat' dir='ltr'>et</span> <span class='ocrx_word' id='word_1_23' title='bbox 505 1069 628 1140; x_wconf 84' lang='lat' dir='ltr'>dixisse</span> <span class='ocrx_word' id='word_1_24' title='bbox 657 1067 781 1138; x_wconf 92' lang='lat' dir='ltr'>multis.</span> <span class='ocrx_word' id='word_1_25' title='bbox 834 1066 910 1149; x_wconf 85' lang='lat' dir='ltr'>Quo</span> <span class='ocrx_word' id='word_1_26' title='bbox 941 1067 1070 1136; x_wconf 90' lang='lat' dir='ltr'>somnio</span> <span class='ocrx_word' id='word_1_27' title='bbox 1103 1066 1183 1160; x_wconf 90' lang='lat' dir='ltr'>quid</span> <span class='ocrx_word' id='word_1_28' title='bbox 1213 1067 1357 1138; x_wconf 78' lang='lat' dir='ltr'>inveniri</span> <span class='ocrx_word' id='word_1_29' title='bbox 1382 1077 1489 1160; x_wconf 88' lang='lat' dir='ltr'>potest</span> <span class='ocrx_word' id='word_1_30' title='bbox 1513 1069 1637 1138; x_wconf 89' lang='lat' dir='ltr'>certiusl</span> 
     </span>
     <span class='ocr_line' id='line_1_5' title="bbox 449 1190 1736 1286; baseline -0.003 -19"><span class='ocrx_word' id='word_1_31' title='bbox 449 1197 554 1266; x_wconf 66' lang='lat' dir='ltr'>(dcere</span> <span class='ocrx_word' id='word_1_32' title='bbox 579 1197 617 1264; x_wconf 87' lang='lat' dir='ltr'>dc</span> <span class='ocrx_word' id='word_1_33' title='bbox 642 1195 777 1264; x_wconf 81' lang='lat' dir='ltr'>dioinot.</span> <span class='ocrx_word' id='word_1_34' title='bbox 810 1191 841 1276; x_wconf 92' lang='grc'>1,</span> <span class='ocrx_word' id='word_1_35' title='bbox 872 1190 932 1272; x_wconf 86' lang='grc'>24,</span> <span class='ocrx_word' id='word_1_36' title='bbox 955 1190 1004 1264; x_wconf 89' lang='grc'>48</span> <span class='ocrx_word' id='word_1_37' title='bbox 1028 1217 1074 1285; x_wconf 82' lang='lat' dir='ltr'>aq.</span> <span class='ocrx_word' id='word_1_38' title='bbox 1105 1193 1137 1274; x_wconf 93' lang='grc'>1,</span> <span class='ocrx_word' id='word_1_39' title='bbox 1160 1192 1220 1273; x_wconf 89' lang='grc'>26,</span> <span class='ocrx_word' id='word_1_40' title='bbox 1250 1192 1298 1266; x_wconf 83' lang='lat'>55</span> <span class='ocrx_word' id='word_1_41' title='bbox 1317 1217 1363 1286; x_wconf 85' lang='lat' dir='ltr'>sq.</span> <span class='ocrx_word' id='word_1_42' title='bbox 1396 1193 1529 1264; x_wconf 81' lang='lat' dir='ltr'>Coelius</span> <span class='ocrx_word' id='word_1_43' title='bbox 1553 1193 1638 1263; x_wconf 86' lang='lat' dir='ltr'>etiarn</span> <span class='ocrx_word' id='word_1_44' title='bbox 1735 1242 1736 1254; x_wconf 44' lang='lat' dir='ltr'>t</span> 
     </span>
     <span class='ocr_line' id='line_1_6' title="bbox 448 1313 1638 1389; baseline -0.004 0"><span class='ocrx_word' id='word_1_45' title='bbox 448 1331 556 1389; x_wconf 88' lang='lat' dir='ltr'>certus</span> <span class='ocrx_word' id='word_1_46' title='bbox 581 1320 752 1388; x_wconf 85' lang='lat' dir='ltr'>Romanae</span> <span class='ocrx_word' id='word_1_47' title='bbox 778 1316 935 1386; x_wconf 92' lang='lat' dir='ltr'>historiae</span> <span class='ocrx_word' id='word_1_48' title='bbox 962 1313 1076 1388; x_wconf 81' lang='lat' dir='ltr'>auctol</span> <span class='ocrx_word' id='word_1_49' title='bbox 1100 1340 1291 1387; x_wconf 89' lang='lat' dir='ltr'>sermonem</span> <span class='ocrx_word' id='word_1_50' title='bbox 1318 1318 1359 1389; x_wconf 90' lang='lat' dir='ltr'>de</span> <span class='ocrx_word' id='word_1_51' title='bbox 1386 1341 1425 1386; x_wconf 90' lang='lat' dir='ltr'>ea</span> <span class='ocrx_word' id='word_1_52' title='bbox 1451 1340 1488 1386; x_wconf 88' lang='lat' dir='ltr'>re</span> <span class='ocrx_word' id='word_1_53' title='bbox 1513 1317 1552 1386; x_wconf 89' lang='lat' dir='ltr'>ad</span> <span class='ocrx_word' id='word_1_54' title='bbox 1575 1339 1638 1386; x_wconf 87' lang='lat' dir='ltr'>suas</span> 
     </span>
     <span class='ocr_line' id='line_1_7' title="bbox 355 1439 1638 1542; baseline -0.004 -30"><span class='ocrx_word' id='word_1_55' title='bbox 355 1531 360 1542; x_wconf 30' lang='grc'>1</span> <span class='ocrx_word' id='word_1_56' title='bbox 448 1465 546 1512; x_wconf 86' lang='lat' dir='ltr'>aures</span> <span class='ocrx_word' id='word_1_57' title='bbox 564 1443 623 1512; x_wconf 94' lang='lat' dir='ltr'>illo</span> <span class='ocrx_word' id='word_1_58' title='bbox 645 1440 755 1511; x_wconf 88' lang='lat' dir='ltr'>adhuc</span> <span class='ocrx_word' id='word_1_59' title='bbox 773 1441 848 1510; x_wconf 89' lang='lat' dir='ltr'>vivo</span> <span class='ocrx_word' id='word_1_60' title='bbox 865 1441 1056 1533; x_wconf 90' lang='lat' dir='ltr'>pervenisse</span> <span class='ocrx_word' id='word_1_61' title='bbox 1073 1439 1198 1509; x_wconf 81' lang='lat' dir='ltr'>scribit.</span> <span class='ocrx_word' id='word_1_62' title='bbox 1249 1440 1388 1510; x_wconf 80' lang='lat' dir='ltr'>Volen&#39;os</span> <span class='ocrx_word' id='word_1_63' title='bbox 1403 1442 1496 1511; x_wconf 74' lang='lat' dir='ltr'>atas.</span> <span class='ocrx_word' id='word_1_64' title='bbox 1517 1440 1547 1519; x_wconf 88' lang='lat'>1,</span> <span class='ocrx_word' id='word_1_65' title='bbox 1564 1441 1595 1520; x_wconf 77' lang='lat'>7,</span> <span class='ocrx_word' id='word_1_66' title='bbox 1610 1439 1638 1510; x_wconf 87' lang='grc'>6.</span> 
     </span>
    </p>
   </div>
   <div class='ocr_carea' id='block_1_3' title="bbox 450 1563 1737 1656">
    <p class='ocr_par' dir='ltr' id='par_1_3' title="bbox 450 1563 1737 1656">
     <span class='ocr_line' id='line_1_8' title="bbox 450 1563 1737 1656; baseline -0.005 -19"><span class='ocrx_word' id='word_1_67' title='bbox 450 1563 509 1637; x_wconf 84' lang='grc'>50.</span> <span class='ocrx_word' id='word_1_68' title='bbox 536 1564 705 1648; x_wconf 87' lang='lat' dir='ltr'>Quantum</span> <span class='ocrx_word' id='word_1_69' title='bbox 726 1565 869 1634; x_wconf 92' lang='lat' dir='ltr'>militum</span> <span class='ocrx_word' id='word_1_70' title='bbox 897 1564 929 1656; x_wconf 86' lang='lat' dir='ltr'>ip</span> <span class='ocrx_word' id='word_1_71' title='bbox 947 1563 1095 1633; x_wconf 81' lang='lat' dir='ltr'>Africam</span> <span class='ocrx_word' id='word_1_72' title='bbox 1115 1573 1370 1655; x_wconf 89' lang='lat' dir='ltr'>transportatum</span> <span class='ocrx_word' id='word_1_73' title='bbox 1391 1564 1445 1643; x_wconf 76' lang='lat' dir='ltr'>sit,</span> <span class='ocrx_word' id='word_1_74' title='bbox 1472 1585 1536 1632; x_wconf 94' lang='lat' dir='ltr'>non</span> <span class='ocrx_word' id='word_1_75' title='bbox 1553 1587 1640 1656; x_wconf 82' lang='lat' dir='ltr'>parvo</span> <span class='ocrx_word' id='word_1_76' title='bbox 1736 1637 1737 1650; x_wconf 23' lang='lat'>2</span> 
     </span>
    </p>
   </div>
   <div class='ocr_carea' id='block_1_4' title="bbox 426 1687 1738 2772">
    <p class='ocr_par' dir='ltr' id='par_1_4' title="bbox 426 1687 1738 2772">
     <span class='ocr_line' id='line_1_9' title="bbox 447 1687 1640 1778; baseline -0.002 -20"><span class='ocrx_word' id='word_1_77' title='bbox 447 1711 589 1759; x_wconf 90' lang='lat' dir='ltr'>numero</span> <span class='ocrx_word' id='word_1_78' title='bbox 613 1690 700 1759; x_wconf 91' lang='lat' dir='ltr'>inter</span> <span class='ocrx_word' id='word_1_79' title='bbox 725 1700 876 1758; x_wconf 79' lang='lat' dir='ltr'>auctores</span> <span class='ocrx_word' id='word_1_80' title='bbox 909 1687 1074 1778; x_wconf 83' lang='lat' dir='ltr'>discrepat</span> <span class='ocrx_word' id='word_1_81' title='bbox 1101 1739 1166 1756; x_wconf 92' lang='lat'>...</span> <span class='ocrx_word' id='word_1_82' title='bbox 1200 1687 1333 1757; x_wconf 88' lang='lat' dir='ltr'>Coelius</span> <span class='ocrx_word' id='word_1_83' title='bbox 1364 1697 1400 1756; x_wconf 93' lang='lat' dir='ltr'>ut</span> <span class='ocrx_word' id='word_1_84' title='bbox 1424 1687 1564 1758; x_wconf 87' lang='lat' dir='ltr'>abstinet</span> <span class='ocrx_word' id='word_1_85' title='bbox 1586 1711 1640 1756; x_wconf 91' lang='lat' dir='ltr'>nu-</span> 
     </span>
     <span class='ocr_line' id='line_1_10' title="bbox 426 1801 1640 1906; baseline -0.004 -22"><span class='ocrx_word' id='word_1_86' title='bbox 426 1801 554 1895; x_wconf 81' lang='lat' dir='ltr'>mero,</span> <span class='ocrx_word' id='word_1_87' title='bbox 582 1815 627 1884; x_wconf 89' lang='lat' dir='ltr'>ita</span> <span class='ocrx_word' id='word_1_88' title='bbox 653 1814 694 1885; x_wconf 89' lang='lat' dir='ltr'>ad</span> <span class='ocrx_word' id='word_1_89' title='bbox 721 1815 920 1883; x_wconf 87' lang='lat' dir='ltr'>immensum</span> <span class='ocrx_word' id='word_1_90' title='bbox 942 1813 1164 1884; x_wconf 90' lang='lat' dir='ltr'>multitudinis</span> <span class='ocrx_word' id='word_1_91' title='bbox 1190 1813 1335 1906; x_wconf 88' lang='lat' dir='ltr'>speciem</span> <span class='ocrx_word' id='word_1_92' title='bbox 1362 1824 1480 1904; x_wconf 83' lang='lat' dir='ltr'>auget:</span> <span class='ocrx_word' id='word_1_93' title='bbox 1507 1813 1640 1882; x_wconf 86' lang='lat' dir='ltr'>volucres</span> 
     </span>
     <span class='ocr_line' id='line_1_11' title="bbox 449 1925 1738 2037; baseline -0.005 -29"><span class='ocrx_word' id='word_1_94' title='bbox 449 1939 491 2008; x_wconf 93' lang='lat' dir='ltr'>ad</span> <span class='ocrx_word' id='word_1_95' title='bbox 517 1947 638 2008; x_wconf 87' lang='lat' dir='ltr'>terram</span> <span class='ocrx_word' id='word_1_96' title='bbox 664 1925 816 2028; x_wconf 90' lang='lat' dir='ltr'>delapsas</span> <span class='ocrx_word' id='word_1_97' title='bbox 842 1937 997 2006; x_wconf 89' lang='lat' dir='ltr'>clamore&#39;</span> <span class='ocrx_word' id='word_1_98' title='bbox 1015 1937 1170 2019; x_wconf 87' lang='lat' dir='ltr'>militum,</span> <span class='ocrx_word' id='word_1_99' title='bbox 1209 1937 1320 2029; x_wconf 90' lang='lat' dir='ltr'>aitque</span> <span class='ocrx_word' id='word_1_100' title='bbox 1353 1945 1478 2006; x_wconf 89' lang='lat' dir='ltr'>tantam</span> <span class='ocrx_word' id='word_1_101' title='bbox 1506 1933 1639 2006; x_wconf 90' lang='lat' dir='ltr'>multitu·</span> <span class='ocrx_word' id='word_1_102' title='bbox 1737 2014 1738 2037; x_wconf 13' lang='grc' dir='ltr'><strong>Χ</strong></span> 
     </span>
     <span class='ocr_line' id='line_1_12' title="bbox 450 2057 1640 2154; baseline -0.004 -23"><span class='ocrx_word' id='word_1_103' title='bbox 450 2061 561 2154; x_wconf 84' lang='lat' dir='ltr'>dinem</span> <span class='ocrx_word' id='word_1_104' title='bbox 593 2057 822 2132; x_wconf 85' lang='lat' dir='ltr'>conscendisse</span> <span class='ocrx_word' id='word_1_105' title='bbox 854 2081 972 2138; x_wconf 87' lang='lat' dir='ltr'>naves,</span> <span class='ocrx_word' id='word_1_106' title='bbox 1011 2071 1048 2128; x_wconf 92' lang='lat' dir='ltr'>ut</span> <span class='ocrx_word' id='word_1_107' title='bbox 1076 2081 1177 2130; x_wconf 91' lang='lat' dir='ltr'>nemo</span> <span class='ocrx_word' id='word_1_108' title='bbox 1208 2060 1395 2130; x_wconf 72' lang='lat' dir='ltr'>mortalium</span> <span class='ocrx_word' id='word_1_109' title='bbox 1423 2072 1479 2130; x_wconf 91' lang='lat' dir='ltr'>aut</span> <span class='ocrx_word' id='word_1_110' title='bbox 1506 2060 1537 2128; x_wconf 93' lang='lat' dir='ltr'>in</span> <span class='ocrx_word' id='word_1_111' title='bbox 1563 2058 1640 2128; x_wconf 87' lang='lat' dir='ltr'>ltalia</span> 
     </span>
     <span class='ocr_line' id='line_1_13' title="bbox 449 2181 1639 2275; baseline -0.006 -20"><span class='ocrx_word' id='word_1_112' title='bbox 449 2195 507 2256; x_wconf 92' lang='lat' dir='ltr'>aut</span> <span class='ocrx_word' id='word_1_113' title='bbox 544 2185 578 2255; x_wconf 96' lang='lat' dir='ltr'>in</span> <span class='ocrx_word' id='word_1_114' title='bbox 618 2183 731 2254; x_wconf 88' lang='lat' dir='ltr'>Sicilia</span> <span class='ocrx_word' id='word_1_115' title='bbox 765 2183 912 2275; x_wconf 84' lang='lat' dir='ltr'>relinqui</span> <span class='ocrx_word' id='word_1_116' title='bbox 947 2181 1126 2252; x_wconf 90' lang='lat' dir='ltr'>videretur.</span> <span class='ocrx_word' id='word_1_117' title='bbox 1186 2184 1298 2252; x_wconf 78' lang='lat' dir='ltr'>licius</span> <span class='ocrx_word' id='word_1_118' title='bbox 1331 2181 1397 2262; x_wconf 86' lang='grc'>29,</span> <span class='ocrx_word' id='word_1_119' title='bbox 1436 2181 1503 2263; x_wconf 89' lang='grc'>25,</span> <span class='ocrx_word' id='word_1_120' title='bbox 1543 2183 1639 2272; x_wconf 76' lang='lat' dir='ltr'>laqq.</span> 
     </span>
     <span class='ocr_line' id='line_1_14' title="bbox 450 2305 1639 2400; baseline -0.003 -22"><span class='ocrx_word' id='word_1_121' title='bbox 450 2309 509 2378; x_wconf 77' lang='lat'>51..</span> <span class='ocrx_word' id='word_1_122' title='bbox 540 2310 738 2400; x_wconf 84' lang='lat' dir='ltr'>Prosperam</span> <span class='ocrx_word' id='word_1_123' title='bbox 773 2305 1021 2400; x_wconf 82' lang='lat' dir='ltr'>navigationem</span> <span class='ocrx_word' id='word_1_124' title='bbox 1051 2306 1123 2374; x_wconf 89' lang='lat' dir='ltr'>sine</span> <span class='ocrx_word' id='word_1_125' title='bbox 1153 2315 1279 2375; x_wconf 84' lang='lat' dir='ltr'>terrore</span> <span class='ocrx_word' id='word_1_126' title='bbox 1310 2328 1349 2374; x_wconf 89' lang='lat' dir='ltr'>ac</span> <span class='ocrx_word' id='word_1_127' title='bbox 1382 2307 1525 2377; x_wconf 76' lang='lat' dir='ltr'>tumultu</span> <span class='ocrx_word' id='word_1_128' title='bbox 1556 2307 1639 2376; x_wconf 77' lang='lat' dir='ltr'>tasse</span> 
     </span>
     <span class='ocr_line' id='line_1_15' title="bbox 449 2428 1639 2528; baseline -0.003 -25"><span class='ocrx_word' id='word_1_129' title='bbox 449 2432 622 2528; x_wconf 90' lang='lat' dir='ltr'>permultis</span> <span class='ocrx_word' id='word_1_130' title='bbox 640 2431 774 2501; x_wconf 86' lang='lat' dir='ltr'>Graecis</span> <span class='ocrx_word' id='word_1_131' title='bbox 792 2430 985 2523; x_wconf 87' lang='lat' dir='ltr'>Latinisque</span> <span class='ocrx_word' id='word_1_132' title='bbox 1012 2429 1201 2500; x_wconf 91' lang='lat' dir='ltr'>auctoribus</span> <span class='ocrx_word' id='word_1_133' title='bbox 1228 2428 1365 2500; x_wconf 90' lang='lat' dir='ltr'>credidi.</span> <span class='ocrx_word' id='word_1_134' title='bbox 1409 2430 1542 2502; x_wconf 79' lang='lat' dir='ltr'>Caelius</span> <span class='ocrx_word' id='word_1_135' title='bbox 1557 2453 1639 2508; x_wconf 88' lang='lat' dir='ltr'>unus,</span> 
     </span>
     <span class='ocr_line' id='line_1_16' title="bbox 449 2553 1640 2653; baseline -0.007 -24"><span class='ocrx_word' id='word_1_136' title='bbox 449 2570 682 2653; x_wconf 81' lang='lat' dir='ltr'>praeterquam</span> <span class='ocrx_word' id='word_1_137' title='bbox 709 2554 798 2648; x_wconf 90' lang='lat' dir='ltr'>quod</span> <span class='ocrx_word' id='word_1_138' title='bbox 824 2577 890 2625; x_wconf 92' lang='lat' dir='ltr'>nou</span> <span class='ocrx_word' id='word_1_139' title='bbox 916 2577 1043 2624; x_wconf 86' lang='lat' dir='ltr'>mersas</span> <span class='ocrx_word' id='word_1_140' title='bbox 1068 2553 1223 2625; x_wconf 82' lang='lat' dir='ltr'>ductibus</span> <span class='ocrx_word' id='word_1_141' title='bbox 1249 2577 1359 2634; x_wconf 82' lang='lat' dir='ltr'>naves,</span> <span class='ocrx_word' id='word_1_142' title='bbox 1392 2567 1519 2624; x_wconf 89' lang='lat' dir='ltr'>ceteros</span> <span class='ocrx_word' id='word_1_143' title='bbox 1542 2575 1640 2624; x_wconf 84' lang='lat' dir='ltr'>omnes</span> 
     </span>
     <span class='ocr_line' id='line_1_17' title="bbox 450 2680 1639 2772; baseline -0.006 -20"><span class='ocrx_word' id='word_1_144' title='bbox 450 2683 607 2752; x_wconf 85' lang='lat' dir='ltr'>caelestes</span> <span class='ocrx_word' id='word_1_145' title='bbox 631 2680 879 2772; x_wconf 89' lang='lat' dir='ltr'>maritimosque</span> <span class='ocrx_word' id='word_1_146' title='bbox 905 2690 1059 2761; x_wconf 88' lang='lat' dir='ltr'>terrores,</span> <span class='ocrx_word' id='word_1_147' title='bbox 1086 2690 1252 2770; x_wconf 88' lang='lat' dir='ltr'>postremo</span> <span class='ocrx_word' id='word_1_148' title='bbox 1274 2680 1447 2770; x_wconf 83' lang='lat' dir='ltr'>abreptam</span> <span class='ocrx_word' id='word_1_149' title='bbox 1467 2691 1639 2772; x_wconf 88' lang='lat' dir='ltr'>tempestate</span> 
     </span>
    </p>
   </div>
   <div class='ocr_carea' id='block_1_5' title="bbox 450 2805 1740 2896">
    <p class='ocr_par' dir='ltr' id='par_1_5' title="bbox 450 2805 1740 2896">
     <span class='ocr_line' id='line_1_18' title="bbox 450 2805 1740 2896; baseline -0.005 -18"><span class='ocrx_word' id='word_1_150' title='bbox 450 2807 492 2878; x_wconf 84' lang='lat' dir='ltr'>ab</span> <span class='ocrx_word' id='word_1_151' title='bbox 518 2807 631 2877; x_wconf 75' lang='lat' dir='ltr'>Africa</span> <span class='ocrx_word' id='word_1_152' title='bbox 658 2805 796 2876; x_wconf 86' lang='lat' dir='ltr'>classem</span> <span class='ocrx_word' id='word_1_153' title='bbox 822 2805 865 2874; x_wconf 91' lang='lat' dir='ltr'>ad</span> <span class='ocrx_word' id='word_1_154' title='bbox 897 2805 1040 2876; x_wconf 87' lang='lat' dir='ltr'>insulam</span> <span class='ocrx_word' id='word_1_155' title='bbox 1065 2805 1302 2896; x_wconf 81' lang='lat' dir='ltr'>Aegimurum,</span> <span class='ocrx_word' id='word_1_156' title='bbox 1343 2805 1421 2875; x_wconf 93' lang='lat' dir='ltr'>inde</span> <span class='ocrx_word' id='word_1_157' title='bbox 1452 2827 1551 2896; x_wconf 86' lang='lat' dir='ltr'>aegre</span> <span class='ocrx_word' id='word_1_158' title='bbox 1577 2828 1641 2874; x_wconf 89' lang='lat' dir='ltr'>eor·</span> <span class='ocrx_word' id='word_1_159' title='bbox 1739 2827 1740 2830; x_wconf 44' lang='lat'>¹</span> 
     </span>
    </p>
   </div>
   <div class='ocr_carea' id='block_1_6' title="bbox 449 2929 1640 3768">
    <p class='ocr_par' dir='ltr' id='par_1_6' title="bbox 449 2929 1640 3768">
     <span class='ocr_line' id='line_1_19' title="bbox 449 2929 1640 3021; baseline -0.004 -19"><span class='ocrx_word' id='word_1_160' title='bbox 449 2943 575 3002; x_wconf 89' lang='lat' dir='ltr'>rectum</span> <span class='ocrx_word' id='word_1_161' title='bbox 602 2952 736 3000; x_wconf 85' lang='lat' dir='ltr'>cursum</span> <span class='ocrx_word' id='word_1_162' title='bbox 762 2929 907 3020; x_wconf 84' lang='lat' dir='ltr'>exponit,</span> <span class='ocrx_word' id='word_1_163' title='bbox 934 2939 966 2997; x_wconf 89' lang='lat' dir='ltr'>et</span> <span class='ocrx_word' id='word_1_164' title='bbox 991 2952 1094 3021; x_wconf 89' lang='lat' dir='ltr'>prope</span> <span class='ocrx_word' id='word_1_165' title='bbox 1120 2929 1246 3000; x_wconf 83' lang='lat' dir='ltr'>obrutis</span> <span class='ocrx_word' id='word_1_166' title='bbox 1268 2930 1420 3011; x_wconf 85' lang='lat' dir='ltr'>navibus,</span> <span class='ocrx_word' id='word_1_167' title='bbox 1448 2931 1569 3000; x_wconf 88' lang='lat' dir='ltr'>iniussu</span> <span class='ocrx_word' id='word_1_168' title='bbox 1587 2929 1640 2998; x_wconf 90' lang='lat' dir='ltr'>in·</span> 
     </span>
     <span class='ocr_line' id='line_1_20' title="bbox 450 3052 1640 3149; baseline -0.005 -23"><span class='ocrx_word' id='word_1_169' title='bbox 450 3055 611 3149; x_wconf 89' lang='lat' dir='ltr'>peratoris</span> <span class='ocrx_word' id='word_1_170' title='bbox 628 3053 757 3146; x_wconf 86' lang='lat' dir='ltr'>scaphis</span> <span class='ocrx_word' id='word_1_171' title='bbox 773 3053 862 3124; x_wconf 85' lang='lat' dir='ltr'>haud</span> <span class='ocrx_word' id='word_1_172' title='bbox 880 3074 975 3122; x_wconf 85' lang='lat' dir='ltr'>secus</span> <span class='ocrx_word' id='word_1_173' title='bbox 993 3076 1094 3143; x_wconf 89' lang='lat' dir='ltr'>quam</span> <span class='ocrx_word' id='word_1_174' title='bbox 1115 3054 1307 3144; x_wconf 73' lang='lat' dir='ltr'>naufragos,</span> <span class='ocrx_word' id='word_1_175' title='bbox 1325 3054 1448 3125; x_wconf 92' lang='lat' dir='ltr'>milites</span> <span class='ocrx_word' id='word_1_176' title='bbox 1465 3058 1536 3124; x_wconf 89' lang='lat' dir='ltr'>sine</span> <span class='ocrx_word' id='word_1_177' title='bbox 1556 3052 1640 3124; x_wconf 86' lang='lat' dir='ltr'>armis</span> 
     </span>
     <span class='ocr_line' id='line_1_21' title="bbox 451 3176 1639 3271; baseline -0.008 -19"><span class='ocrx_word' id='word_1_178' title='bbox 451 3203 527 3252; x_wconf 90' lang='lat' dir='ltr'>cum</span> <span class='ocrx_word' id='word_1_179' title='bbox 547 3179 676 3271; x_wconf 82' lang='lat' dir='ltr'>ingenti</span> <span class='ocrx_word' id='word_1_180' title='bbox 695 3176 888 3248; x_wconf 82' lang='lat' dir='ltr'>tumultuin</span> <span class='ocrx_word' id='word_1_181' title='bbox 908 3189 1031 3246; x_wconf 91' lang='lat' dir='ltr'>terram</span> <span class='ocrx_word' id='word_1_182' title='bbox 1050 3179 1203 3248; x_wconf 85' lang='lat' dir='ltr'>evasisse.</span> <span class='ocrx_word' id='word_1_183' title='bbox 1239 3180 1351 3248; x_wconf 83' lang='lat' dir='ltr'>dicius</span> <span class='ocrx_word' id='word_1_184' title='bbox 1370 3177 1430 3260; x_wconf 91' lang='grc'>29,</span> <span class='ocrx_word' id='word_1_185' title='bbox 1449 3179 1510 3261; x_wconf 79' lang='grc'>27,</span> <span class='ocrx_word' id='word_1_186' title='bbox 1533 3176 1639 3268; x_wconf 77' lang='lat' dir='ltr'>ldsqq.</span> 
     </span>
     <span class='ocr_line' id='line_1_22' title="bbox 451 3297 1640 3400; baseline -0.008 -23"><span class='ocrx_word' id='word_1_187' title='bbox 451 3311 509 3400; x_wconf 73' lang='lat' dir='ltr'>cfr.</span> <span class='ocrx_word' id='word_1_188' title='bbox 528 3307 639 3376; x_wconf 80' lang='lat' dir='ltr'>dicius</span> <span class='ocrx_word' id='word_1_189' title='bbox 658 3300 717 3382; x_wconf 86' lang='grc'>30,</span> <span class='ocrx_word' id='word_1_190' title='bbox 741 3297 801 3382; x_wconf 87' lang='grc'>24,</span> <span class='ocrx_word' id='word_1_191' title='bbox 828 3298 864 3371; x_wconf 88' lang='grc'>9.</span> <span class='ocrx_word' id='word_1_192' title='bbox 965 3299 1025 3369; x_wconf 79' lang='grc'>52.</span> <span class='ocrx_word' id='word_1_193' title='bbox 1053 3300 1187 3371; x_wconf 83' lang='lat' dir='ltr'>Coelius</span> <span class='ocrx_word' id='word_1_194' title='bbox 1212 3301 1326 3370; x_wconf 91' lang='lat' dir='ltr'>annali</span> <span class='ocrx_word' id='word_1_195' title='bbox 1348 3301 1436 3371; x_wconf 86' lang='lat' dir='ltr'>libro</span> <span class='ocrx_word' id='word_1_196' title='bbox 1455 3303 1516 3372; x_wconf 83' lang='lat' dir='ltr'>vt:</span> <span class='ocrx_word' id='word_1_197' title='bbox 1543 3321 1640 3371; x_wconf 81' lang='lat' dir='ltr'>omnes</span> 
     </span>
     <span class='ocr_line' id='line_1_23' title="bbox 451 3422 1640 3517; baseline -0.008 -15"><span class='ocrx_word' id='word_1_198' title='bbox 451 3431 550 3502; x_wconf 91' lang='lat' dir='ltr'>simul</span> <span class='ocrx_word' id='word_1_199' title='bbox 577 3441 700 3499; x_wconf 87' lang='lat' dir='ltr'>terram</span> <span class='ocrx_word' id='word_1_200' title='bbox 725 3447 801 3495; x_wconf 91' lang='lat' dir='ltr'>cum</span> <span class='ocrx_word' id='word_1_201' title='bbox 828 3422 929 3494; x_wconf 87' lang='lat' dir='ltr'>classi</span> <span class='ocrx_word' id='word_1_202' title='bbox 955 3425 1127 3503; x_wconf 82' lang='lat' dir='ltr'>accedunt,</span> <span class='ocrx_word' id='word_1_203' title='bbox 1154 3423 1294 3495; x_wconf 91' lang='lat' dir='ltr'>navibus</span> <span class='ocrx_word' id='word_1_204' title='bbox 1319 3437 1420 3517; x_wconf 93' lang='lat' dir='ltr'>atque</span> <span class='ocrx_word' id='word_1_205' title='bbox 1446 3426 1540 3496; x_wconf 87' lang='lat' dir='ltr'>scafis</span> <span class='ocrx_word' id='word_1_206' title='bbox 1558 3447 1640 3517; x_wconf 84' lang='lat' dir='ltr'>egre·</span> 
     </span>
     <span class='ocr_line' id='line_1_24' title="bbox 452 3547 1639 3642; baseline -0.008 -15"><span class='ocrx_word' id='word_1_207' title='bbox 452 3556 603 3634; x_wconf 81' lang='lat' dir='ltr'>diuntur‚</span> <span class='ocrx_word' id='word_1_208' title='bbox 642 3560 749 3622; x_wconf 89' lang='lat' dir='ltr'>castra</span> <span class='ocrx_word' id='word_1_209' title='bbox 778 3547 894 3618; x_wconf 88' lang='lat' dir='ltr'>metati</span> <span class='ocrx_word' id='word_1_210' title='bbox 926 3547 1022 3638; x_wconf 88' lang='lat' dir='ltr'>signa</span> <span class='ocrx_word' id='word_1_211' title='bbox 1053 3559 1209 3618; x_wconf 87' lang='lat' dir='ltr'>statuunt.</span> <span class='ocrx_word' id='word_1_212' title='bbox 1261 3549 1386 3621; x_wconf 81' lang='lat' dir='ltr'>Nonius</span> <span class='ocrx_word' id='word_1_213' title='bbox 1412 3574 1447 3642; x_wconf 93' lang='lat' dir='ltr'>p.</span> <span class='ocrx_word' id='word_1_214' title='bbox 1483 3549 1561 3632; x_wconf 78' lang='lat'><strong>137,</strong></span> <span class='ocrx_word' id='word_1_215' title='bbox 1592 3548 1639 3620; x_wconf 91' lang='grc'>16.</span> 
     </span>
     <span class='ocr_line' id='line_1_25' title="bbox 453 3668 1639 3768; baseline -0.008 -18"><span class='ocrx_word' id='word_1_216' title='bbox 453 3681 512 3750; x_wconf 92' lang='grc'>53.</span> <span class='ocrx_word' id='word_1_217' title='bbox 541 3677 674 3750; x_wconf 86' lang='lat' dir='ltr'>Caelius</span> <span class='ocrx_word' id='word_1_218' title='bbox 707 3674 802 3745; x_wconf 91' lang='lat' dir='ltr'>anavi</span> <span class='ocrx_word' id='word_1_219' title='bbox 837 3668 929 3757; x_wconf 80' lang='lat' dir='ltr'>[oon.</span> <span class='ocrx_word' id='word_1_220' title='bbox 958 3671 1035 3758; x_wconf 82' lang='lat' dir='ltr'>Vtt]</span> <span class='ocrx_word' id='word_1_221' title='bbox 1068 3671 1138 3764; x_wconf 90' lang='lat' dir='ltr'>ipse</span> <span class='ocrx_word' id='word_1_222' title='bbox 1167 3695 1243 3742; x_wconf 90' lang='lat' dir='ltr'>cum</span> <span class='ocrx_word' id='word_1_223' title='bbox 1269 3683 1403 3742; x_wconf 89' lang='lat' dir='ltr'>coetera</span> <span class='ocrx_word' id='word_1_224' title='bbox 1434 3676 1528 3767; x_wconf 91' lang='lat' dir='ltr'>copia</span> <span class='ocrx_word' id='word_1_225' title='bbox 1551 3674 1639 3768; x_wconf 89' lang='lat' dir='ltr'>pede-</span> 
     </span>
    </p>
   </div>
   <div class='ocr_carea' id='block_1_7' title="bbox 451 3792 1640 4515">
    <p class='ocr_par' dir='ltr' id='par_1_7' title="bbox 451 3792 1640 4515">
     <span class='ocr_line' id='line_1_26' title="bbox 451 3792 1639 3891; baseline -0.008 -17"><span class='ocrx_word' id='word_1_226' title='bbox 451 3803 580 3874; x_wconf 91' lang='lat' dir='ltr'>temtim</span> <span class='ocrx_word' id='word_1_227' title='bbox 597 3799 758 3891; x_wconf 89' lang='lat' dir='ltr'>sequitur.</span> <span class='ocrx_word' id='word_1_228' title='bbox 801 3797 925 3866; x_wconf 77' lang='lat' dir='ltr'>Noniae</span> <span class='ocrx_word' id='word_1_229' title='bbox 945 3818 979 3888; x_wconf 91' lang='lat' dir='ltr'>p.</span> <span class='ocrx_word' id='word_1_230' title='bbox 1000 3792 1061 3877; x_wconf 93' lang='grc'>29,</span> <span class='ocrx_word' id='word_1_231' title='bbox 1089 3794 1145 3866; x_wconf 89' lang='grc'>10.</span> <span class='ocrx_word' id='word_1_232' title='bbox 1248 3795 1307 3865; x_wconf 69' lang='grc'>55.</span> <span class='ocrx_word' id='word_1_233' title='bbox 1333 3797 1553 3888; x_wconf 87' lang='lat' dir='ltr'>Equites...</span> <span class='ocrx_word' id='word_1_234' title='bbox 1577 3819 1639 3866; x_wconf 91' lang='lat' dir='ltr'>cum</span> 
     </span>
     <span class='ocr_line' id='line_1_27' title="bbox 452 3903 1640 4024; baseline -0.008 -24"><span class='ocrx_word' id='word_1_235' title='bbox 452 3931 524 4024; x_wconf 90' lang='lat' dir='ltr'>ipso</span> <span class='ocrx_word' id='word_1_236' title='bbox 550 3903 634 3999; x_wconf 84' lang='lat' dir='ltr'>duce</span> <span class='ocrx_word' id='word_1_237' title='bbox 662 3927 829 3995; x_wconf 84' lang='lat' dir='ltr'>Hannone</span> <span class='ocrx_word' id='word_1_238' title='bbox 856 3921 1024 3991; x_wconf 83' lang='lat' dir='ltr'>interclusi</span> <span class='ocrx_word' id='word_1_239' title='bbox 1057 3932 1156 4013; x_wconf 91' lang='lat' dir='ltr'>atque</span> <span class='ocrx_word' id='word_1_240' title='bbox 1189 3922 1352 3992; x_wconf 88' lang='lat' dir='ltr'>interlecti</span> <span class='ocrx_word' id='word_1_241' title='bbox 1382 3934 1458 3993; x_wconf 91' lang='lat' dir='ltr'>sunt</span> <span class='ocrx_word' id='word_1_242' title='bbox 1484 3975 1516 3992; x_wconf 91' lang='lat'>..</span> <span class='ocrx_word' id='word_1_243' title='bbox 1536 3975 1544 3992; x_wconf 93' lang='lat'><strong>.</strong></span> <span class='ocrx_word' id='word_1_244' title='bbox 1568 3921 1640 3992; x_wconf 85' lang='lat' dir='ltr'>Goe-</span> 
     </span>
     <span class='ocr_line' id='line_1_28' title="bbox 452 4045 1639 4144; baseline -0.01 -20"><span class='ocrx_word' id='word_1_245' title='bbox 452 4053 516 4124; x_wconf 90' lang='lat' dir='ltr'>lius</span> <span class='ocrx_word' id='word_1_246' title='bbox 551 4050 687 4144; x_wconf 89' lang='lat' dir='ltr'>quidem</span> <span class='ocrx_word' id='word_1_247' title='bbox 722 4059 754 4117; x_wconf 89' lang='lat' dir='ltr'>et</span> <span class='ocrx_word' id='word_1_248' title='bbox 786 4045 941 4116; x_wconf 87' lang='lat' dir='ltr'>Valerius</span> <span class='ocrx_word' id='word_1_249' title='bbox 979 4055 1111 4138; x_wconf 89' lang='lat' dir='ltr'>captum</span> <span class='ocrx_word' id='word_1_250' title='bbox 1143 4045 1243 4114; x_wconf 89' lang='lat' dir='ltr'>etiam</span> <span class='ocrx_word' id='word_1_251' title='bbox 1277 4047 1478 4118; x_wconf 90' lang='lat' dir='ltr'>Hannonem</span> <span class='ocrx_word' id='word_1_252' title='bbox 1514 4045 1639 4118; x_wconf 87' lang='lat' dir='ltr'>tradunt.</span> 
     </span>
     <span class='ocr_line' id='line_1_29' title="bbox 451 4165 1640 4258; baseline -0.011 -9"><span class='ocrx_word' id='word_1_253' title='bbox 451 4179 564 4249; x_wconf 75' lang='lat' dir='ltr'>dicius</span> <span class='ocrx_word' id='word_1_254' title='bbox 581 4173 641 4256; x_wconf 89' lang='grc'>29,</span> <span class='ocrx_word' id='word_1_255' title='bbox 655 4170 715 4254; x_wconf 88' lang='grc'>35,</span> <span class='ocrx_word' id='word_1_256' title='bbox 733 4170 768 4242; x_wconf 91' lang='grc'>2.</span> <span class='ocrx_word' id='word_1_257' title='bbox 870 4170 930 4239; x_wconf 93' lang='grc'>55.</span> <span class='ocrx_word' id='word_1_258' title='bbox 957 4169 1089 4240; x_wconf 87' lang='lat' dir='ltr'>Caelius</span> <span class='ocrx_word' id='word_1_259' title='bbox 1103 4168 1217 4238; x_wconf 90' lang='lat' dir='ltr'>annali</span> <span class='ocrx_word' id='word_1_260' title='bbox 1230 4169 1289 4238; x_wconf 84' lang='lat' dir='ltr'>lib.</span> <span class='ocrx_word' id='word_1_261' title='bbox 1304 4170 1365 4239; x_wconf 84' lang='lat' dir='ltr'>vl:</span> <span class='ocrx_word' id='word_1_262' title='bbox 1386 4165 1558 4258; x_wconf 73' lang='lat' dir='ltr'>[sacmeel]</span> <span class='ocrx_word' id='word_1_263' title='bbox 1570 4191 1640 4238; x_wconf 93' lang='lat' dir='ltr'>con-</span> 
     </span>
     <span class='ocr_line' id='line_1_30' title="bbox 452 4291 1640 4392; baseline -0.012 -18"><span class='ocrx_word' id='word_1_264' title='bbox 452 4304 538 4374; x_wconf 81' lang='lat' dir='ltr'>sulto</span> <span class='ocrx_word' id='word_1_265' title='bbox 557 4322 624 4370; x_wconf 95' lang='lat' dir='ltr'>nou</span> <span class='ocrx_word' id='word_1_266' title='bbox 644 4296 776 4392; x_wconf 90' lang='lat' dir='ltr'>paucies</span> <span class='ocrx_word' id='word_1_267' title='bbox 793 4295 997 4366; x_wconf 88' lang='lat' dir='ltr'>arcessitum.</span> <span class='ocrx_word' id='word_1_268' title='bbox 1031 4294 1155 4363; x_wconf 73' lang='lat' dir='ltr'>Noniae</span> <span class='ocrx_word' id='word_1_269' title='bbox 1169 4317 1203 4385; x_wconf 93' lang='lat' dir='ltr'>p.</span> <span class='ocrx_word' id='word_1_270' title='bbox 1227 4291 1308 4373; x_wconf 83' lang='grc'>157,</span> <span class='ocrx_word' id='word_1_271' title='bbox 1332 4292 1388 4366; x_wconf 91' lang='grc'>18.</span> <span class='ocrx_word' id='word_1_272' title='bbox 1489 4293 1544 4365; x_wconf 86' lang='grc'>56.</span> <span class='ocrx_word' id='word_1_273' title='bbox 1566 4295 1640 4364; x_wconf 86' lang='lat' dir='ltr'>Cae·</span> 
     </span>
     <span class='ocr_line' id='line_1_31' title="bbox 453 4419 1640 4515; baseline -0.008 -17"><span class='ocrx_word' id='word_1_274' title='bbox 453 4429 517 4498; x_wconf 91' lang='lat' dir='ltr'>lius</span> <span class='ocrx_word' id='word_1_275' title='bbox 540 4426 652 4497; x_wconf 86' lang='lat' dir='ltr'>annali</span> <span class='ocrx_word' id='word_1_276' title='bbox 668 4425 726 4494; x_wconf 88' lang='lat' dir='ltr'>lib.</span> <span class='ocrx_word' id='word_1_277' title='bbox 744 4425 819 4494; x_wconf 90' lang='lat' dir='ltr'>Vll:</span> <span class='ocrx_word' id='word_1_278' title='bbox 847 4423 917 4515; x_wconf 91' lang='lat' dir='ltr'>ipse</span> <span class='ocrx_word' id='word_1_279' title='bbox 939 4420 1028 4512; x_wconf 83' lang='lat' dir='ltr'>regis</span> <span class='ocrx_word' id='word_1_280' title='bbox 1050 4419 1180 4490; x_wconf 91' lang='lat' dir='ltr'>eminus</span> <span class='ocrx_word' id='word_1_281' title='bbox 1198 4441 1285 4510; x_wconf 91' lang='lat' dir='ltr'>equo</span> <span class='ocrx_word' id='word_1_282' title='bbox 1307 4419 1382 4488; x_wconf 87' lang='lat' dir='ltr'>ferit</span> <span class='ocrx_word' id='word_1_283' title='bbox 1404 4435 1532 4514; x_wconf 89' lang='lat' dir='ltr'>pectus;</span> <span class='ocrx_word' id='word_1_284' title='bbox 1555 4441 1640 4489; x_wconf 87' lang='lat' dir='ltr'>aror-</span> 
     </span>
    </p>
   </div>
   <div class='ocr_carea' id='block_1_8' title="bbox 452 4539 1638 4767">
    <p class='ocr_par' dir='ltr' id='par_1_8' title="bbox 452 4539 1638 4767">
     <span class='ocr_line' id='line_1_32' title="bbox 452 4539 1638 4640; baseline -0.011 -18"><span class='ocrx_word' id='word_1_285' title='bbox 452 4575 524 4622; x_wconf 92' lang='lat' dir='ltr'>sum</span> <span class='ocrx_word' id='word_1_286' title='bbox 543 4548 763 4640; x_wconf 85' lang='lat' dir='ltr'>cougeuuclat</span> <span class='ocrx_word' id='word_1_287' title='bbox 778 4567 964 4637; x_wconf 82' lang='lat' dir='ltr'>percussus,</span> <span class='ocrx_word' id='word_1_288' title='bbox 991 4543 1112 4614; x_wconf 89' lang='lat' dir='ltr'>deiecit</span> <span class='ocrx_word' id='word_1_289' title='bbox 1130 4543 1313 4612; x_wconf 94' lang='lat' dir='ltr'>dominum.</span> <span class='ocrx_word' id='word_1_290' title='bbox 1351 4544 1477 4615; x_wconf 81' lang='lat' dir='ltr'>Nonius</span> <span class='ocrx_word' id='word_1_291' title='bbox 1492 4572 1524 4639; x_wconf 90' lang='lat' dir='ltr'>p.</span> <span class='ocrx_word' id='word_1_292' title='bbox 1540 4543 1594 4626; x_wconf 83' lang='lat'>89,</span> <span class='ocrx_word' id='word_1_293' title='bbox 1610 4539 1638 4612; x_wconf 83' lang='lat' dir='ltr'>l.</span> 
     </span>
     <span class='ocr_line' id='line_1_33' title="bbox 452 4664 1638 4767; baseline -0.009 -23"><span class='ocrx_word' id='word_1_294' title='bbox 452 4681 510 4767; x_wconf 71' lang='lat' dir='ltr'>cfr.</span> <span class='ocrx_word' id='word_1_295' title='bbox 541 4674 643 4743; x_wconf 79' lang='lat' dir='ltr'>Silius</span> <span class='ocrx_word' id='word_1_296' title='bbox 675 4671 748 4740; x_wconf 87' lang='lat' dir='ltr'>ltol.</span> <span class='ocrx_word' id='word_1_297' title='bbox 787 4667 846 4748; x_wconf 79' lang='grc'>17,</span> <span class='ocrx_word' id='word_1_298' title='bbox 884 4665 965 4738; x_wconf 88' lang='grc'><strong>136.</strong></span> <span class='ocrx_word' id='word_1_299' title='bbox 1009 4669 1105 4737; x_wconf 84' lang='lat' dir='ltr'>Lacr.</span> <span class='ocrx_word' id='word_1_300' title='bbox 1138 4669 1245 4757; x_wconf 77' lang='lat' dir='ltr'>Lydus</span> <span class='ocrx_word' id='word_1_301' title='bbox 1275 4669 1313 4736; x_wconf 84' lang='lat' dir='ltr'>de</span> <span class='ocrx_word' id='word_1_302' title='bbox 1342 4672 1499 4740; x_wconf 64' lang='lat' dir='ltr'>troaudus</span> <span class='ocrx_word' id='word_1_303' title='bbox 1521 4667 1558 4750; x_wconf 85' lang='grc'>4,</span> <span class='ocrx_word' id='word_1_304' title='bbox 1590 4664 1638 4737; x_wconf 88' lang='grc'>63.</span> 
     </span>
    </p>
   </div>
   <div class='ocr_carea' id='block_1_9' title="bbox 0 0 1774 5604">
    <p class='ocr_par' dir='ltr' id='par_1_9' title="bbox 0 0 1774 5604">
     <span class='ocr_line' id='line_1_34' title="bbox 0 0 1774 5604; baseline 0 0"><span class='ocrx_word' id='word_1_305' title='bbox 0 0 1774 5604; x_wconf 95' lang='lat' dir='ltr'> </span> 
     </span>
    </p>
   </div>
  </div>
 </body>
</html>
