3582 5594
449 699 518 769 124

520 920 598 970 ern.
648 899 692 969 At
716 900 808 971 Sulla
833 922 1035 996 quamquam
1061 900 1176 971 eadem
1202 901 1434 985 existumabat,
1460 913 1571 973 tamen
1596 903 1636 974 ah

445 1021 567 1093 iniuria
591 1024 746 1095 ldaurum
770 1024 943 1118 prohihet;
981 1047 1057 1095 sues
1083 1024 1245 1110 hortatur,
1278 1027 1325 1097 uti
1350 1028 1467 1098 sortem
1493 1027 1636 1097 animum

447 1157 616 1237 gererent:
643 1171 730 1244 saepe
755 1159 831 1221 ante
853 1173 873 1220 a
898 1150 1011 1244 paucis
1036 1153 1176 1222 strenuis
1204 1149 1381 1224 advorsum
1398 1153 1639 1224 multitudinem

445 1271 532 1341 hene
564 1283 764 1366 pugnatum:
803 1284 928 1368 quanto
959 1274 1023 1345 sihi
1057 1276 1091 1344 in
1124 1277 1240 1370 prelio
1271 1281 1381 1349 minus
1406 1277 1639 1372 pepercissent,

446 1404 537 1466 tanto
563 1397 699 1467 tutiores
724 1397 811 1468 lore:
838 1421 900 1468 nee
926 1420 1126 1494 quemquam
1152 1401 1281 1485 decere,
1307 1404 1365 1496 qui
1388 1425 1508 1473 manus
1533 1423 1642 1472 arma-

447 1519 541 1603 verit,
575 1521 618 1590 ah
644 1521 779 1592 inermis
804 1521 943 1613 pedihus
969 1522 1129 1593 auxilinm
1154 1533 1278 1616 petere,
1313 1525 1347 1594 in
1371 1547 1528 1596 maxumo
1553 1533 1641 1593 metu

447 1641 574 1713 nudum
600 1653 632 1714 et
656 1666 779 1714 cacum
806 1667 923 1742 corpus
948 1645 991 1715 ad
1017 1643 1117 1716 hostis
1141 1656 1283 1717 vortere.
1319 1647 1448 1717 Deinde
1472 1648 1642 1727 Volucem,

448 1766 605 1860 quoniam
630 1765 761 1836 hostilia
785 1766 918 1850 laceret,
944 1769 1055 1839 lovem
1079 1790 1273 1840 maxumum
1297 1769 1488 1851 obtestatus,
1512 1779 1549 1839 ut
1570 1790 1646 1838 see-

341 1939 349 1954 ·
448 1890 527 1962 leris
544 1902 645 1986 atque
661 1890 808 1984 perfidiae
826 1890 950 1962 Bocchi
966 1893 1054 1963 testis
1071 1892 1210 1976 adesset,
1235 1916 1279 1963 ex
1293 1895 1407 1964 eastris
1424 1893 1517 1964 abire
1542 1891 1645 1963 iubet.

448 2017 509 2086 llle
536 2016 722 2086 lacrumans
747 2036 855 2097 orare,
888 2037 932 2084 ne
958 2038 997 2085 ea
1023 2015 1189 2086 erederet:
1224 2015 1310 2086 nihil
1335 2016 1412 2087 dolo
1436 2016 1570 2096 laetum,
1604 2038 1647 2085 ae

448 2137 557 2231 magis
583 2138 762 2208 ealliditate
787 2137 968 2228 Iugurthae,
995 2137 1049 2208 eui
1073 2136 1228 2208 videlicet
1251 2137 1437 2231 speculanti
1461 2138 1524 2208 iter
1548 2161 1646 2208 suum

450 2263 618 2355 cognitum
645 2271 742 2332 esset:
782 2271 928 2332 ceterum
952 2260 1110 2355 quoniam
1135 2283 1244 2353 neque
1269 2261 1438 2352 ingentem
1462 2263 1650 2332 multitudi-

450 2409 527 2456 nem
551 2387 700 2468 haheret,
739 2395 771 2456 et
803 2409 877 2479 spes
910 2407 1056 2479 opesque
1085 2385 1157 2455 eius
1183 2407 1225 2454 ex
1249 2394 1342 2478 patre
1367 2407 1427 2454 sue
1452 2386 1649 2477 penderent,

451 2513 587 2584 eredere
620 2513 714 2582 illum
748 2512 832 2583 nihil
864 2512 975 2606 palam
1009 2533 1179 2594 ausurum,
1223 2531 1299 2580 cum
1333 2509 1402 2604 ipse
1437 2509 1526 2580 lilius
1558 2512 1650 2580 testis

450 2637 594 2709 adessetz
628 2661 732 2732 quare
759 2648 929 2732 optumum
954 2638 1041 2708 laetu
1067 2636 1183 2720 videri,
1214 2635 1414 2730 permedia
1443 2637 1514 2707 eius
1542 2648 1652 2708 eastra

450 2765 560 2857 palam
586 2765 740 2835 transire:
768 2787 850 2846 sese,
877 2765 929 2834 vel
954 2764 1131 2859 premissis
1156 2764 1208 2835 vel
1229 2762 1353 2833 ibidem
1371 2762 1494 2833 relictis
1511 2763 1652 2841 Mauris,

452 2889 560 2959 solum
585 2912 661 2960 eum
679 2890 772 2961 Sulla
797 2889 932 2960 iturum.
973 2891 1025 2960 Ea
1048 2912 1102 2960 res
1126 2900 1163 2959 ut
1187 2889 1222 2958 in
1247 2887 1307 2958 tali
1335 2888 1469 2981 negotio
1493 2888 1653 2982 prohata;

453 3013 625 3084 aestatim
650 3013 800 3106 profecti,
827 3012 972 3107 quiade
998 3013 1175 3108 improviso
1197 3013 1397 3095 reciderant,
1427 3012 1528 3083 dubio
1549 3021 1655 3104 atque

452 3136 623 3209 hesitante
649 3139 821 3232 Iugurtha,
851 3139 1034 3211 incolumes
1058 3149 1242 3210 transeunt.
1284 3137 1413 3210 Deinde
1437 3139 1552 3231 paucis
1577 3138 1657 3209 die-

451 3263 525 3344 bus,
550 3287 617 3357 qno
642 3266 691 3335 ire
716 3265 938 3346 intenderant,
962 3275 1158 3360 perventum
1183 3274 1241 3334 est.

526 3409 617 3458 cvur.
668 3387 718 3457 lhi
744 3411 820 3459 eum
844 3388 977 3459 Baccho
1002 3387 1145 3459 Numida
1179 3387 1328 3482 quidam,
1365 3388 1473 3481 Aspar
1502 3386 1658 3466 nemine,

453 3511 594 3582 multum
621 3524 654 3582 et
678 3513 885 3584 familiariter
910 3513 1048 3605 agebat:
1082 3512 1270 3606 premissus
1297 3512 1339 3582 ah
1364 3510 1535 3602 Iugurtha,
1560 3520 1659 3603 pest-

453 3657 554 3728 qnam
580 3636 708 3706 Sullam
732 3637 874 3706 aceitum
899 3636 1060 3717 audierat,
1091 3645 1202 3706 oratur
1226 3645 1259 3704 et
1283 3633 1421 3705 subdole
1447 3633 1660 3727 speculatum

452 3758 577 3831 Boeehi
603 3759 758 3830 consilia:
786 3769 947 3854 praterea
966 3759 1090 3844 Dabar,
1116 3758 1341 3850 Massugradae
1368 3758 1468 3842 lilius,
1495 3779 1538 3827 ex
1554 3765 1662 3848 gente

453 3885 646 3969 hlasiuissae,
673 3897 819 3956 ceterum
840 3896 989 3958 materno
1010 3908 1134 3977 genere
1159 3885 1283 3979 impar;
1309 3906 1387 3955 nam
1411 3894 1505 3978 pater
1521 3882 1594 3952 eius
1613 3905 1664 3950 ex

454 4009 641 4081 eoneuhina
673 4020 762 4080 ortus
795 4021 884 4091 erat;
923 4011 1040 4079 Maure
1069 4008 1111 4080 ob
1149 4007 1275 4099 ingenii
1304 4007 1409 4078 multa
1435 4005 1526 4076 hona
1557 4029 1666 4076 carus

454 4146 693 4229 acceptusque:
727 4157 826 4227 quem
851 4133 1002 4205 Bocchus
1027 4133 1131 4206 lidum
1157 4154 1229 4201 esse
1254 4131 1413 4202 Romanis
1437 4130 1551 4200 multis
1576 4140 1666 4200 ante

455 4259 702 4353 tempestatibus
727 4269 896 4352 expertus,
929 4258 1020 4328 illico
1045 4257 1088 4327 ad
1117 4257 1245 4327 Sullam
1270 4255 1425 4326 nuntium
1448 4255 1558 4339 mittit,
1595 4277 1667 4347 pa-

454 4396 563 4457 ratum
597 4409 668 4456 sese
702 4387 823 4470 lacere,
862 4408 936 4481 qua
970 4385 1111 4479 populus
1135 4385 1305 4454 Romanus
1329 4381 1448 4456 vellet:
1487 4378 1668 4471 colloquio

455 4508 555 4594 diem,
582 4510 705 4593 locum,
730 4521 859 4603 tempus
876 4509 947 4603 ipse
965 4508 1150 4600 delegerat:
1177 4507 1327 4577 consulta
1352 4528 1423 4575 sese
1448 4504 1561 4574 omnia
1578 4525 1667 4572 eum

455 4632 514 4703 ille
531 4633 660 4724 integra
676 4631 812 4716 hahere,
830 4655 897 4703 neu
913 4631 1082 4724 lugnrthae
1099 4630 1246 4722 legatum
1264 4627 1525 4722 pertimescerem
1553 4619 1670 4715 [aeri-

456 4766 525 4826 tum
539 4749 622 4846 esse]
640 4782 706 4852 quo
723 4781 776 4828 res
794 4758 978 4829 communis
994 4756 1146 4827 licentius
1164 4766 1352 4847 gereretur;
1376 4775 1450 4823 nam
1469 4752 1510 4822 ah
1528 4749 1669 4821 insidiis
