3576 5602
396 611 467 679 108

397 809 618 878 calceamenta
644 809 806 878 eiusmodi
832 831 918 902 quae
948 809 1066 879 Graeci
1093 809 1250 906 ἀρβύλας,
1282 808 1425 878 Romani
1460 808 1610 900 garbnla

398 944 454 1002 ant
471 934 620 1025 crepidas
637 943 765 1003 vocant.
804 935 919 1027 Neque
941 931 1024 1002 baec
1050 943 1176 1002 temere
1202 931 1287 1011 dion,
1313 932 1437 1025 quippe
1459 932 1493 1002 in
1513 934 1608 1002 lma-

398 1058 529 1150 giuibus
567 1059 634 1129 suis
666 1059 840 1128 Terentius
877 1060 984 1130 Varro
1114 1062 1261 1130 Aeneam
1301 1058 1346 1128 ita
1376 1071 1531 1129 ornatum
1567 1060 1608 1128 in

397 1180 526 1250 ltaliam
551 1181 632 1249 olim
659 1181 787 1251 venisse
806 1181 963 1275 scriptum
989 1181 1125 1275 reliquit
1148 1181 1217 1252 visa
1243 1182 1324 1258 cius,
1352 1193 1388 1251 ut
1412 1181 1467 1264 ait,
1492 1193 1609 1253 statua

399 1305 542 1400 elapide
567 1306 709 1376 candido
735 1308 871 1400 sculpta,
899 1329 984 1401 quae
1003 1307 1108 1379 Albae
1127 1307 1217 1378 iuxta
1239 1308 1360 1376 fontem
1379 1307 1484 1400 posita
1502 1318 1606 1376 esset.

397 1432 587 1501 Lausonius
618 1435 725 1524 Lydus
759 1435 797 1504 de
828 1437 971 1526 magistr.
1009 1433 1040 1514 1,
1080 1432 1136 1505 12.
1197 1435 1375 1504 Saltatnres
1411 1433 1606 1502 nominatos

398 1556 502 1624 Varro
527 1555 607 1625 dicit
631 1554 672 1625 ab
699 1557 829 1627 Arcade
857 1557 959 1638 Salio,
993 1579 1092 1648 quem
1118 1556 1248 1626 Aeneas
1273 1557 1306 1626 in
1331 1555 1462 1626 ltaliam
1487 1577 1606 1624 serum

399 1679 535 1750 adduxit
567 1683 691 1774 quique
724 1683 831 1776 primo
866 1683 977 1754 docuit
1011 1685 1178 1753 Romanos
1216 1682 1439 1752 adolescentes
1471 1681 1605 1752 nobiles

399 1805 529 1874 saltare.
573 1807 716 1876 [storin
741 1811 823 1899 ors'p.
852 1805 910 1890 18,
938 1805 996 1880 50.
1040 1810 1147 1878 Varro
1179 1807 1259 1876 dicit
1288 1807 1389 1876 etiam
1414 1805 1478 1876 boe
1512 1805 1605 1896 signi

399 1928 498 2000 fuisse
532 1924 582 2012 [in
611 1929 763 2023 prodigio
797 1932 923 2002 serulae
954 1929 1079 2018 albae]
1109 1929 1196 2023 qnod
1228 1951 1304 1999 cnm
1334 1929 1434 1999 etiam
1464 1927 1606 1998 alterius

400 2053 519 2123 coloris
547 2055 640 2145 porci
666 2055 699 2124 in
726 2056 814 2126 foetu
842 2054 941 2126 buius
966 2078 1086 2149 porcae
1115 2055 1260 2134 fuerint,
1282 2053 1348 2122 albi
1375 2050 1607 2122 tantummodo

400 2176 488 2248 eirca
515 2176 617 2248 ubera
648 2179 715 2248 sint
745 2179 879 2272 reperti.
927 2180 1055 2249 Seruius
1080 2182 1124 2250 nd
1152 2183 1241 2273 Verp.
1267 2182 1344 2249 Aen.
1364 2176 1399 2258 3,
1426 2175 1509 2250 392.
1554 2178 1604 2248 bl.

401 2301 506 2371 Varro
531 2313 645 2372 auctor
670 2315 718 2372 est
741 2305 938 2375 Mezentium
965 2303 1119 2374 Etruriae
1145 2327 1259 2394 regem
1285 2303 1448 2373 auxilium
1470 2301 1606 2370 Rutulis

399 2436 514 2495 eontra
539 2428 674 2496 Latinos
700 2429 813 2498 tulisse
839 2429 907 2498 vini
926 2427 1091 2507 mercede,
1118 2427 1207 2519 quod
1234 2437 1303 2497 tum
1328 2427 1361 2494 in
1380 2425 1499 2496 Latino
1518 2447 1606 2516 agro

401 2549 525 2618 luisset.
572 2553 695 2620 Plinius
716 2567 782 2622 not.
813 2553 886 2622 bist.
916 2548 972 2632 14,
1007 2551 1063 2632 12,
1096 2549 1156 2622 88.
1264 2553 1323 2622 20.
1359 2552 1466 2641 Super
1493 2561 1605 2620 aetate

404 2673 540 2742 Homeri
566 2685 664 2766 atque
687 2675 825 2745 Hesiodi
851 2697 917 2746 non
943 2675 1171 2745 consentitur.
1192 2728 1199 2742 .
1220 2728 1227 2742 .
1247 2676 1291 2745 Μ.
1310 2674 1416 2744 Varro
1442 2673 1476 2742 in
1492 2673 1605 2766 primo

401 2797 441 2868 de
466 2799 680 2892 Imaginibus,
706 2811 779 2872 uter
805 2803 894 2895 prior
920 2801 960 2870 sit
985 2814 1079 2871 natus
1104 2824 1222 2893 parum
1249 2809 1398 2870 constare
1423 2798 1514 2878 dicit,
1544 2797 1605 2867 sed

401 2945 467 2992 non
494 2947 564 2994 esse
591 2923 729 2995 dubium
755 2927 836 3018 quin
862 2925 976 3018 aliquo
1000 2937 1148 3018 tempore
1174 2925 1290 2994 eodem
1316 2923 1475 3001 vixerint:
1502 2923 1606 3016 idque

402 3069 444 3116 ox
470 3048 707 3139 epigrammate
730 3050 868 3131 ostendi,
894 3050 981 3143 quud
1009 3051 1042 3120 in
1068 3048 1196 3142 tripode
1221 3049 1378 3140 scriptum
1405 3058 1464 3127 est,
1491 3047 1605 3140 quiin

402 3184 512 3241 monte
538 3171 699 3242 Helieone
725 3173 767 3243 ab
792 3173 938 3244 Hesiodo
963 3173 1087 3266 positus
1113 3173 1251 3243 traditur
1277 3225 1284 3242 .
1308 3225 1316 3241 .
1339 3225 1346 3240 .
1369 3173 1415 3242 Μ.
1434 3174 1543 3242 Varro
1568 3172 1604 3242 in

401 3295 486 3366 libro
519 3297 561 3365 de
598 3296 800 3387 Imaginibus
829 3297 936 3389 primo
963 3298 1099 3369 Homeri
1135 3298 1273 3389 imagini
1307 3296 1370 3367 boc
1396 3298 1607 3390 epigramma

400 3419 563 3512 apposuit:
596 3421 732 3513 Capella
754 3421 893 3492 Homeri
913 3420 1054 3492 candida
1068 3423 1150 3492 baec
1163 3423 1327 3492 tumulum
1342 3421 1479 3502 indicat,
1504 3423 1605 3506 Quod

401 3541 463 3612 bac
487 3544 575 3614 letae
601 3555 733 3614 mortuo
759 3545 884 3616 iaciunt
907 3568 1010 3614 sacra.
1053 3547 1173 3616 Gellius
1192 3543 1226 3625 3,
1251 3544 1307 3617 11.
1409 3548 1469 3616 21.
1495 3549 1606 3616 Varro

400 3667 544 3737 Tiberim
563 3691 583 3738 a
604 3668 762 3738 Tiberino
787 3669 929 3763 quodam
952 3693 1032 3762 rege
1054 3671 1260 3750 Latinorum,
1287 3669 1441 3762 quodibi
1465 3671 1606 3742 interie-

399 3793 453 3874 rit,
479 3793 602 3862 dictum
636 3794 744 3876 tradit,
773 3847 812 3863 ..
840 3795 954 3865 Livius
987 3795 1066 3865 dicit
1098 3795 1139 3864 ab
1169 3796 1300 3865 Albano
1330 3817 1410 3886 rege
1444 3795 1606 3864 Tiberino

399 3915 547 3987 Tiberim
576 3918 710 3990 dictum.
758 3921 886 3990 Seruius
911 3922 955 3991 od
983 3923 1073 4011 Verp.
1099 3921 1176 3988 Aen.
1202 3916 1238 3999 8,
1272 3915 1355 3988 330.
1401 3921 1508 3990 Varro
1540 3921 1606 3988 Pe-

399 4040 486 4132 riplu
513 4041 598 4111 libro
623 4045 656 4112 l:
687 4044 721 4113 in
748 4043 812 4114 bac
837 4045 965 4114 civitate
991 4067 1089 4134 agros
1112 4045 1226 4114 colunt
1246 4043 1445 4122 harenosos:
1473 4054 1607 4136 praeter

400 4164 459 4235 bos
485 4164 558 4234 fluit
583 4166 701 4248 amnis,
738 4189 839 4260 quam
865 4169 945 4237 olim
972 4169 1129 4239 Albulam
1162 4168 1275 4238 dieunt
1299 4168 1487 4238 vocitatam.
1537 4167 1606 4238 No-

398 4291 472 4358 nius
497 4314 529 4382 p.
551 4286 632 4368 192,
656 4287 689 4356 7.
791 4291 849 4358 22.
877 4291 926 4360 De
948 4291 1044 4360 tertio
1069 4301 1179 4360 autem
1205 4301 1352 4383 tempore
1378 4286 1485 4381 [quod
1512 4300 1560 4360 est
1584 4313 1607 4360 a

399 4413 505 4506 prima
530 4412 717 4506 olympiade
748 4414 789 4484 ad
821 4411 898 4500 nos]
934 4414 993 4484 init
1025 4415 1158 4508 quidem
1189 4415 1299 4508 aliqua
1334 4415 1421 4485 inter
1450 4427 1605 4487 auctores

398 4538 557 4608 dissensio
582 4538 617 4608 in
643 4559 702 4606 sex
727 4548 893 4630 septemve
920 4539 1144 4610 tantummodo
1170 4540 1265 4608 annis
1292 4550 1433 4620 versata,
1460 4539 1518 4610 sed
1541 4539 1604 4610 boc

397 4662 484 4755 quod
504 4686 646 4756 cumque
668 4664 819 4755 caliginis
837 4665 943 4734 Varro
970 4664 1129 4744 discussit,
1157 4677 1188 4734 et
1214 4688 1273 4757 pro
1286 4676 1394 4735 cetera
1420 4687 1481 4735 sna
1504 4687 1605 4756 saga-
