3610 5592
491 629 538 698 50

491 830 590 901 urbes
615 838 648 898 et
672 849 770 920 agros
802 849 903 897 manu
936 839 1083 921 ceperat,
1119 829 1192 919 regi
1225 829 1312 899 dono
1338 829 1438 898 dedit
1484 827 1585 918 lgitnr
1607 827 1689 896 ami-

490 953 567 1023 citia
598 953 779 1024 Masinissae
821 953 907 1022 bona
946 963 1043 1046 atque
1088 952 1224 1023 honesta
1257 954 1352 1024 nobis
1386 952 1585 1046 permansit3
1633 951 1690 1021 sed

490 1078 621 1172 imperii
644 1077 786 1172 vitaque
812 1077 883 1147 eius
910 1075 984 1146 linis
1002 1076 1089 1146 idem
1114 1078 1185 1148 luit.
1229 1078 1316 1148 Dein
1342 1077 1481 1172 Micipsa
1505 1076 1592 1148 iilius
1616 1097 1694 1168 reg-

490 1224 570 1274 num
596 1203 684 1272 solus
709 1201 869 1282 obtinuit,
903 1201 1128 1273 Mastanabale
1160 1213 1192 1270 ct
1217 1201 1359 1272 Gulussa
1392 1201 1547 1272 iratribus
1580 1201 1694 1270 morbo

490 1327 683 1419 absumptis.
734 1327 764 1396 ls
796 1325 1020 1396 Adherbalem
1055 1336 1088 1394 et
1123 1326 1348 1419 Hiempsalem
1383 1349 1426 1396 ex
1463 1349 1535 1396 sese
1569 1325 1694 1416 genuit,

491 1449 765 1543 Iugurthamque,
811 1450 917 1520 lilium
949 1448 1182 1521 Mastanabalis
1215 1450 1337 1530 fratris,
1384 1471 1484 1544 quem
1513 1449 1694 1528 Masinissa,

490 1574 580 1668 quod
605 1587 695 1645 ortus
720 1573 971 1644 exconcubina
997 1584 1086 1655 erat,
1125 1574 1289 1667 privatum
1314 1572 1554 1667 dereliquerat,
1580 1573 1697 1642 eodem

444 1771 450 1780 ,
491 1701 581 1770 cultu
608 1723 676 1794 quo
700 1699 823 1770 liberos
848 1722 924 1768 suos
949 1697 1038 1769 domi
1064 1697 1192 1768 babuit.

565 1845 610 1892 vr.
661 1823 728 1905 Qui
765 1823 822 1892 ubi
860 1822 1004 1915 primum
1037 1821 1198 1902 adolevit,
1233 1822 1362 1914 pollens
1393 1821 1538 1903 viribus,
1577 1821 1700 1891 decora

490 1947 594 2028 facie,
620 1945 678 2016 sed
697 1945 801 2016 multo
816 1967 973 2014 maxume
990 1945 1126 2036 ingenio
1141 1945 1287 2026 validus,
1315 1969 1382 2016 non
1407 1969 1443 2016 se
1468 1947 1564 2016 luxui
1589 1969 1701 2039 neque

491 2071 619 2140 inertiae
645 2069 924 2163 corrumpendum
961 2068 1070 2152 dedit,
1104 2071 1182 2152 sed,
1217 2072 1264 2141 nti
1293 2093 1365 2140 mos
1391 2071 1497 2163 gentis
1522 2071 1614 2141 illius
1639 2083 1701 2150 est,

491 2196 653 2289 equitare,
680 2194 835 2275 iaculari,
863 2215 1053 2264 cursurum
1069 2194 1252 2288 equalibus
1269 2205 1396 2264 certare
1423 2205 1465 2276 et,
1488 2215 1564 2264 cum
1583 2215 1703 2264 omnes

490 2320 597 2412 gloria
622 2320 780 2401 anteiret,
813 2318 967 2388 omnibus
992 2330 1102 2388 tamen
1129 2339 1225 2387 carus
1251 2341 1341 2398 esse3
1373 2317 1414 2388 ad
1447 2317 1511 2387 boc
1537 2319 1705 2412 pleraque

490 2456 639 2538 tempora
663 2445 698 2514 in
723 2442 874 2514 venando
899 2465 1018 2534 agere,
1054 2441 1185 2510 leonem
1220 2453 1319 2536 atque
1352 2443 1434 2512 alias
1458 2443 1547 2512 feras
1571 2443 1707 2536 primus

491 2569 605 2638 autin
631 2568 747 2661 primis
763 2567 879 2646 serire;
905 2566 1086 2659 plurimum
1105 2565 1214 2636 facere
1240 2577 1273 2636 et
1288 2565 1475 2636 minumum
1500 2567 1573 2660 ipse
1598 2566 1642 2635 de
1668 2589 1708 2636 se

491 2692 594 2786 loqui.
633 2691 763 2774 Quibus
788 2691 886 2760 rebus
911 2689 1047 2780 Micipsa
1073 2690 1200 2758 tamem
1227 2689 1320 2760 initio
1352 2691 1445 2761 laetus
1470 2692 1598 2774 luerat,
1627 2693 1710 2761 eri-

491 2826 637 2886 stumans
678 2815 832 2885 virtutem
866 2813 1036 2904 lugurtbae
1075 2835 1179 2904 regno
1212 2835 1273 2884 suo
1306 2815 1422 2906 gloriae
1458 2816 1546 2898 sore,
1587 2829 1709 2887 tamen

492 2950 663 3034 postquam
689 2937 857 3008 bominem
883 2936 1144 3019 adulescentem,
1179 2948 1293 3008 exacta
1325 2961 1385 3010 sua
1410 2950 1506 3010 erate
1532 2952 1565 3010 et
1590 2944 1711 3036 parvis

492 3062 626 3144 liberis,
659 3061 766 3153 magis
799 3061 974 3152 magisque
1006 3083 1154 3130 erescere
1193 3061 1372 3154 intellegit,
1410 3063 1630 3135 vehementer
1667 3089 1713 3136 eo

491 3186 625 3278 negotio
649 3193 836 3279 permotus,
870 3184 974 3253 multa
999 3206 1076 3254 curu
1102 3185 1214 3254 animo
1239 3207 1299 3255 suo
1323 3186 1487 3257 volvebat.
1538 3188 1714 3261 Terrebat

493 3333 568 3380 eum
603 3319 722 3380 natura
753 3308 941 3377 mortalium
972 3307 1067 3377 avida
1098 3309 1230 3401 imperii
1261 3319 1293 3378 et
1317 3331 1465 3404 preceps
1490 3310 1533 3381 ad
1560 3315 1715 3406 explen-

492 3434 568 3504 dam
594 3433 698 3503 animi
729 3430 933 3524 cupidinem,
968 3443 1129 3523 praeteren
1156 3433 1359 3525 oportunitas
1397 3457 1466 3506 suae
1497 3435 1717 3508 liberorum-

492 3580 558 3651 que
583 3557 702 3637 etatis,
728 3577 803 3648 qute
829 3554 928 3624 etiarn
954 3554 1136 3624 mediocres
1152 3555 1241 3625 virus
1266 3579 1323 3649 spo
1348 3557 1470 3650 praedae
1496 3569 1716 3632 transvorsos

492 3683 578 3774 agit,
611 3681 653 3750 ad
678 3682 742 3752 hoe
776 3678 883 3749 studia
915 3678 1135 3749 Numidarum
1168 3679 1202 3747 in
1237 3680 1431 3770 lugurtbam
1464 3703 1625 3764 aecensa3
1668 3709 1718 3754 ex

492 3805 629 3899 quibus,
655 3803 808 3873 sitalem
833 3801 941 3871 virum
967 3799 1052 3870 dolis
1076 3801 1306 3886 interfecisset,
1339 3827 1381 3873 ne
1407 3829 1475 3898 qua
1499 3807 1621 3878 seditio
1651 3821 1720 3880 aut

492 3931 618 4002 bellum
644 3928 805 4007 oriretur,
832 3925 950 3994 anxius
976 3934 1057 3992 orat.

565 4077 625 4124 vn.
676 4051 737 4120 His
762 4047 1008 4118 difficultatibus
1033 4047 1277 4120 circumventus
1300 4050 1359 4121 ubi
1388 4052 1478 4122 videt
1502 4075 1616 4148 neque
1645 4079 1721 4150 per

492 4179 560 4249 vim
585 4197 695 4270 neque
721 4172 848 4242 insidiis
859 4169 1002 4263 opprimi
1020 4191 1114 4262 posse
1127 4171 1297 4243 bominem
1314 4185 1381 4244 tam
1399 4188 1573 4270 acceptum
1592 4203 1721 4274 popu-

493 4301 636 4382 laribus,
662 4295 841 4394 quoderat
864 4293 1024 4385 iugurtha
1037 4315 1137 4365 manu
1151 4307 1323 4390 promptus
1340 4309 1373 4367 et
1397 4311 1557 4393 appetens
1582 4304 1721 4394 gloriae

492 4424 664 4504 militaris,
691 4419 802 4490 statuit
827 4440 904 4489 eum
919 4415 1088 4487 obiectare
1111 4420 1269 4511 perieulis
1285 4431 1319 4490 et
1343 4443 1384 4491 eo
1409 4424 1509 4494 modo
1534 4426 1720 4498 sormnam

492 4557 662 4643 temptare.
700 4545 804 4638 Igitur
817 4543 906 4614 bello
920 4540 1121 4610 Numantino
1138 4541 1289 4635 Micipsa,
1312 4567 1389 4614 cunr
1406 4548 1531 4639 populo
1549 4549 1722 4620 Romano

492 4674 640 4766 equitum
666 4681 764 4763 atquc
782 4666 928 4759 peditum
943 4664 1068 4733 auxilia
1086 4664 1247 4749 mitteret,
1274 4689 1409 4759 sperans
1426 4671 1479 4741 vel
1505 4675 1725 4746 ostentando
