3582 5594
1312 647 1357 715 85

156 855 327 926 statuerat,
358 867 426 937 quo
452 844 594 915 bostium
620 845 728 915 itineri
757 847 914 930 officeret,
945 847 1041 918 latius
1067 847 1216 940 porrigit,
1252 869 1357 938 eoque

156 969 256 1039 ruodo
281 969 324 1038 ad
348 969 465 1038 Rutilii
490 979 596 1040 castra
621 968 777 1060 procedit.

229 1117 300 1163 nrn.
350 1093 492 1163 Romani
518 1117 562 1163 ex
586 1093 752 1186 inproviso
777 1095 921 1185 pulveris
941 1095 1008 1164 vim
1032 1116 1186 1185 magnam
1204 1094 1356 1164 animad-

155 1229 299 1300 vortunt,
325 1241 404 1288 narn
426 1228 631 1311 prospectum
653 1240 734 1308 ager
750 1219 890 1288 arbustis
906 1219 1049 1290 consitus
1066 1219 1271 1312 prohibebat.
1315 1221 1356 1289 Et

155 1343 263 1434 primo
288 1342 353 1412 rati
378 1342 517 1412 humum
541 1342 668 1412 aridam
695 1351 791 1412 vento
817 1342 945 1434 agitari,
974 1354 1048 1436 post
1072 1344 1130 1414 ubi
1156 1344 1356 1436 aequabilem

156 1489 293 1536 manere
324 1478 358 1536 et
389 1467 485 1536 sicuti
514 1466 602 1536 acies
628 1467 819 1536 movebatur
850 1468 956 1558 magis
980 1469 1151 1561 magisque
1175 1467 1355 1560 adpropin-

156 1613 259 1683 quare
276 1591 400 1674 vident,
418 1591 596 1682 cognitura
612 1603 824 1684 properantes
841 1615 932 1663 arma
949 1592 1082 1686 cupiunt
1097 1616 1136 1662 ac
1152 1616 1212 1686 pro
1229 1592 1353 1672 castris,

154 1714 252 1784 sicuti
286 1715 520 1807 imperabatur,
554 1714 743 1784 consistunt.
793 1715 933 1798 Deinde,
967 1714 1024 1785 nbi
1057 1715 1191 1809 propius
1221 1724 1354 1785 ventum

156 1848 215 1919 est,
250 1837 415 1930 utrimque
444 1859 567 1929 magno
591 1839 736 1908 clamore
766 1839 982 1910 concurritur.
1034 1839 1185 1910 Numida
1211 1849 1354 1908 tantum-

155 1962 254 2032 modo
275 1961 445 2044 remorati,
470 1962 549 2031 dum
575 1963 609 2031 in
635 1961 817 2055 elephantis
841 1963 1003 2033 auxilium
1024 1973 1155 2057 putant;
1181 1973 1353 2056 postquam

156 2109 211 2156 eos
237 2085 412 2178 impeditos
436 2086 536 2155 ramis
561 2085 717 2155 arborum
749 2096 847 2179 atque
877 2087 921 2156 itu
947 2087 1098 2158 disiectos
1124 2087 1353 2158 circumveniri

157 2213 280 2295 rident,
313 2212 427 2303 lugam
461 2211 599 2293 laciunt;
636 2234 675 2282 ac
706 2212 856 2306 plerique
887 2213 1021 2283 abiectis
1053 2214 1154 2284 armis
1179 2214 1272 2284 collis
1297 2225 1355 2284 aut

155 2337 271 2418 noctis,
297 2358 372 2429 quae
391 2336 456 2406 iam
473 2335 597 2418 aderat,
623 2336 748 2406 auxilio
765 2337 886 2428 integri
902 2337 1034 2408 abeunt.
1076 2337 1252 2431 Elephanti
1269 2362 1354 2432 qua-

155 2471 228 2530 tuor
253 2461 342 2552 capti
373 2468 459 2542 sunt,
488 2460 609 2553 reliqui
636 2481 750 2530 omnes
775 2483 914 2531 numero
939 2461 1155 2553 quadraginta
1180 2462 1351 2532 interlecti.

154 2587 197 2655 dt
220 2585 364 2654 Romani
388 2607 590 2678 quamquam
610 2585 728 2655 itinere
745 2595 844 2678 atque
861 2608 962 2679 opere
987 2597 1167 2657 castrorum
1188 2597 1220 2657 et
1236 2587 1352 2680 praelio

156 2708 231 2778 lessi
257 2708 404 2801 lassique
430 2718 540 2790 erant;
575 2719 697 2791 mmen,
732 2709 820 2804 quod
845 2710 997 2782 Metellus
1031 2711 1173 2803 amplius
1198 2710 1352 2803 opinione

153 2834 358 2915 morabatur,
385 2833 534 2903 instructi
560 2833 741 2926 intentique
766 2832 898 2904 obviam
924 2835 1114 2926 procedunt.
1152 2837 1236 2906 Nam
1257 2836 1352 2907 dolus

155 2957 372 3028 Numidarum
393 2957 476 3028 nibil
494 2956 643 3048 languidi
660 2980 769 3050 neque
784 2956 914 3029 remissi
930 2958 1124 3050 patiebatur.
1167 2962 1216 3030 Ac
1232 2961 1351 3052 primo,

155 3082 295 3152 obscura
321 3093 428 3163 nocte,
454 3091 625 3174 postquam
652 3079 740 3150 baud
765 3082 879 3174 procul
905 3081 990 3152 inter
1014 3105 1049 3151 se
1075 3095 1178 3164 erant,
1204 3084 1350 3176 strepitu,

155 3207 245 3276 velut
269 3204 379 3275 bostes
404 3205 590 3288 adventare,
622 3205 718 3274 alteri
743 3205 831 3298 apud
865 3205 985 3276 alteros
1016 3206 1228 3277 formidinem
1253 3208 1350 3280 simul

157 3341 187 3398 et
218 3329 396 3398 tumultum
422 3329 547 3408 lacertu
582 3337 615 3398 et
647 3351 740 3420 paene
770 3329 981 3421 inprudentia
1013 3330 1194 3401 admissum
1223 3332 1350 3404 lacinus

158 3451 357 3534 miserabile,
390 3453 425 3521 ni
450 3453 615 3546 utrimque
639 3453 800 3545 praemissi
828 3455 954 3548 equites
985 3477 1056 3524 rem
1082 3457 1348 3549 exploravissent.

157 3577 260 3667 Igitur
284 3597 345 3668 pro
369 3585 460 3645 metu
484 3585 618 3668 repente
635 3575 792 3666 gaudium
806 3585 968 3659 exortum,
994 3577 1114 3648 milites
1137 3579 1223 3650 alius
1247 3580 1349 3649 alium

157 3700 220 3770 lati
245 3699 424 3793 adpellant,
450 3710 522 3769 acta
548 3699 686 3770 edocent
709 3711 808 3794 atque
834 3700 988 3781 audiunt3
1014 3725 1074 3772 sua
1099 3704 1239 3797 quisque
1255 3704 1350 3773 fortia

156 3825 238 3894 lacta
262 3825 307 3895 ad
332 3825 454 3894 ooelum
482 3825 556 3896 lert.
608 3825 738 3919 Quippe
770 3848 824 3895 res
850 3826 1003 3896 humanae
1037 3826 1081 3896 ita
1112 3851 1183 3896 sese
1210 3827 1348 3897 babent:

158 3949 352 4021 invictoria
375 3951 429 4021 vel
454 3951 582 4043 ignavis
605 3952 740 4042 gloriari
758 3952 846 4033 licet,
873 3951 1020 4022 advorsae
1046 3975 1098 4022 res
1124 3954 1220 4022 etiam
1247 3954 1350 4023 bonos

157 4075 345 4146 detrectant.

227 4221 294 4270 mv.
345 4202 498 4274 Metellus
524 4203 558 4272 in
583 4202 688 4272 isdem
714 4203 828 4274 castris
858 4205 1033 4296 quatriduo
1053 4215 1197 4276 moratus
1222 4205 1350 4275 saucios

156 4345 229 4394 cum
253 4347 335 4395 cura
359 4325 478 4407 reficit,
505 4327 636 4396 meritos
662 4327 695 4396 in
721 4327 844 4419 praeliis
868 4351 962 4399 more
987 4329 1111 4400 militiae
1137 4328 1246 4411 donat,
1271 4328 1350 4399 uni-

156 4471 261 4520 versos
287 4451 323 4521 in
349 4452 501 4523 contione
527 4453 641 4524 laudat
665 4463 764 4546 atque
790 4455 858 4546 agit
882 4456 1019 4546 gratiam
1054 4456 1201 4526 bortatur
1225 4455 1266 4525 ad
1293 4478 1350 4524 ce-

157 4581 231 4656 tera,
258 4597 333 4666 quae
358 4575 444 4646 levia
469 4587 555 4658 sunt,
581 4599 694 4670 parem
720 4578 866 4647 animum
884 4567 1013 4667 geranl3
1039 4602 1099 4671 pro
1121 4578 1256 4649 victoria
1284 4579 1348 4649 iam

158 4709 333 4787 pugnatum
368 4699 466 4782 satis,
508 4697 652 4795 reliquos
688 4700 817 4771 labores
851 4723 911 4793 pro
949 4702 1058 4794 praeda
1091 4702 1171 4771 lore.
1224 4705 1349 4774 Tamen
