3702 5600
1393 581 1465 652 503

252 787 343 846 libris
364 789 422 860 est,
444 783 530 844 nulle
551 783 644 843 medo
664 784 771 859 potest
791 781 930 856 retineri,
958 782 1020 842 nist
1041 781 1110 856 quis
1131 781 1167 837 ab
1188 784 1260 838 aute
1283 778 1343 840 boo
1367 796 1464 838 voea-

252 893 356 952 bulum
391 891 537 951 emissum
570 890 666 965 putat.
703 904 882 963 quamquam
916 888 1047 965 pluralis
1075 903 1113 946 ue
1147 886 1193 946 sio
1229 886 1351 961 quidem
1382 865 1464 946 'satis

252 999 409 1074 frequens
440 995 495 1054 setl
523 994 638 1071 legitur
666 995 747 1070 apud
767 991 887 1054 Livium
910 1013 988 1054 xnv:
1009 996 1057 1053 30.
1080 995 1112 1052 et
1131 1011 1149 1052 a
1172 991 1299 1051 Salustii
1321 991 1462 1052 oratione
1538 1036 1542 1048 .

252 1121 312 1164 nou
337 1104 466 1162 alienus.
498 1100 554 1159 alii
580 1103 780 1174 oportunitatis
809 1117 865 1177 pro
890 1101 1029 1176 genitivo
1058 1100 1230 1159 babuerunt
1259 1105 1292 1158 et
1320 1117 1338 1158 a
1364 1103 1462 1176 pretia

252 1229 318 1272 eum
340 1215 456 1270 roetum
476 1224 549 1268 esse
569 1209 751 1280 statuerunt,
779 1208 915 1282 quatiet
937 1207 1036 1282 ipsum
1058 1207 1242 1266 insolentius
1265 1207 1377 1265 dietum
1399 1212 1464 1282 est3

251 1318 333 1378 nullo
363 1319 442 1378 euim
468 1317 539 1378 loeo
571 1319 669 1391 pretio
701 1319 763 1376 mm
797 1316 888 1392 lenge
918 1335 935 1375 a
972 1316 1109 1393 genitivo
1143 1316 1310 1375 seiunctum
1339 1315 1459 1392 legitur.

251 1426 410 1484 Praeterea
438 1442 527 1500 quam
559 1426 690 1484 maxime
718 1440 736 1482 e
765 1440 851 1483 more
878 1423 1004 1483 Salustii
1033 1427 1090 1496 est,
1116 1423 1147 1481 in
1176 1423 1294 1482 «luobus
1321 1422 1459 1482 eiusdem

251 1533 475 1611 propositionis
510 1531 655 1590 membris
691 1535 874 1590 structuram
909 1531 1040 1590 variare.
1082 1534 1288 1605 oportunitates
1319 1531 1414 1606 igitur
1441 1549 1459 1590 a

249 1637 389 1699 librariis
411 1643 540 1716 propter
566 1636 753 1696 antecedens
775 1635 902 1695 verbum
923 1636 1079 1720 sopiptum,
1106 1635 1192 1694 euius
1214 1636 1383 1696 subieotum
1398 1655 1459 1696 non

250 1746 372 1821 quidem
387 1761 568 1821 expressum
584 1745 641 1818 est,
663 1743 718 1801 sed
734 1741 828 1801 iaeile
848 1741 980 1817 intelligi
995 1743 1112 1817 potest;
1134 1743 1204 1800 sunt
1222 1741 1302 1800 enim
1316 1743 1458 1802 Vaoeen·

250 1868 311 1912 ses.
344 1868 440 1927 qiuare
471 1855 557 1910 reete
589 1849 760 1910 eonieetum
790 1865 861 1907 esse
892 1851 980 1924 pute:
1014 1851 1213 1922 oportunitate.
1249 1847 1363 1906 Eadem
1392 1847 1458 1908 iere

251 1961 331 2020 ratio
353 1959 482 2019 alterius
502 1958 646 2018 lentienis
667 1964 852 2016 commeatum
878 1963 935 2015 est.
970 1956 1032 2016 Vix
1059 1957 1137 2015 enim
1160 1957 1289 2015 animum
1313 1955 1458 2015 indueere

248 2082 373 2142 possum
395 2071 428 2124 ut
449 2069 559 2141 putem,
588 2062 754 2122 Salustium
778 2069 838 2122 tam
864 2063 973 2137 aliena,
999 2062 1193 2139 frequentiam
1214 2068 1241 2120 et
1264 2068 1457 2136 commeatum,

249 2172 395 2232 iunxisse.
425 2171 610 2230 commeatus
639 2169 719 2228 enim
746 2169 815 2228 sine
843 2168 936 2227 dubio
965 2167 1049 2226 iuvat
1078 2168 1254 2226 exereitum.
1286 2167 1349 2226 llae
1371 2170 1399 2227 in
1422 2187 1457 2228 re

247 2295 346 2354 neque
380 2279 564 2338 coniecturae
589 2293 688 2351 neque
716 2275 886 2352 opinationi
912 2274 999 2334 loeus
1029 2281 1086 2350 est,
1122 2274 1178 2333 sed
1200 2275 1282 2349 quoti
1311 2275 1456 2335 librarios

247 2389 409 2444 sunctum
424 2386 505 2443 ratio
520 2382 605 2460 fugit,
620 2389 804 2442 commeatum
820 2399 887 2441 eum
899 2383 1092 2459 frequentiam
1103 2383 1332 2458 coniunxerunt,
1349 2383 1456 2458 ignari,

246 2499 274 2552 et
294 2492 335 2552 au
355 2491 519 2566 sequentia
540 2497 568 2550 et
581 2495 638 2548 tam
653 2507 724 2550 esse
741 2489 945 2550 referendum.
968 2497 1127 2549 commeatu
1147 2490 1240 2567 igitur
1258 2493 1290 2549 et
1307 2491 1367 2548 hoe
1385 2490 1455 2549 loeo

245 2603 331 2659 reete
352 2600 415 2676 legi
435 2599 567 2660 videtur.

328 2726 353 2767 e.
376 2710 423 2767 ts,
447 2689 573 2767 irntmnm
587 2707 711 2766 advortit
730 2707 925 2766 Paris.m.1.
944 2707 1023 2766 mito
1041 2707 1148 2766 notens
1166 2724 1305 2783 passuum
1320 2726 1370 2766 xx.
1384 2707 1454 2767 Bas.

246 2812 302 2873 sed
318 2813 425 2872 bobeno
442 2813 664 2885 oblitteratum
688 2813 743 2871 sed
761 2812 840 2870 milio
862 2814 915 2871 XX
934 2818 1029 2872 tractu
1042 2812 1140 2871 Paris.
1161 2813 1240 2872 mitio
1254 2831 1453 2888 paparanum

244 2917 311 2978 liin.
324 2919 391 2977 l'ur.
410 2919 490 2977 unde
506 2933 647 2992 passuram
668 2935 685 2977 a
707 2917 861 2977 nonnullis
884 2919 1105 2995 interpretibus
1125 2918 1259 2978 deletum
1283 2923 1340 2978 est.
1364 2937 1454 2994 quam

244 3024 452 3084 eonieeturam
471 3022 650 3082 confirmare
665 3023 787 3082 videtur
801 3023 990 3083 Arrusianus
1004 3024 1126 3084 Messes
1142 3043 1169 3102 p.
1187 3027 1255 3084 215.
1276 3026 1361 3085 euius
1377 3043 1453 3084 auo-

245 3131 356 3190 toritas
371 3148 459 3206 quam
470 3129 588 3190 infirma
598 3131 648 3203 sit,
660 3132 721 3190 iam
734 3131 846 3209 saepius
858 3133 997 3192 vidimus.
1015 3134 1071 3192 sed
1083 3150 1121 3192 ex
1135 3133 1196 3192 hoe
1209 3134 1279 3193 loeo
1294 3148 1333 3191 ne
1347 3131 1453 3208 colligi

243 3237 365 3311 quidem
377 3241 490 3313 potest,
509 3255 577 3296 eum
593 3237 622 3295 iu
639 3238 703 3296 suis
720 3238 808 3297 libris
819 3254 960 3311 persuum
975 3255 1034 3297 uon
1050 3238 1173 3315 legisse.
1186 3238 1242 3298 eir.
1254 3237 1329 3298 Non.
1345 3257 1372 3316 p.
1385 3241 1451 3298 185.

242 3341 349 3418 Neque
370 3361 436 3418 quae
451 3343 578 3403 Salustii
596 3344 665 3403 loea
684 3344 845 3403 laudantur
858 3344 920 3422 lug.
936 3347 983 3404 75.
1001 3348 1049 3404 91.
1065 3348 1122 3405 106
1140 3347 1180 3406 ad
1201 3351 1338 3406 nostrum
1353 3346 1451 3406 laeum

242 3449 367 3525 iaciunt,
382 3467 447 3509 eum
459 3455 552 3526 epotio
564 3451 615 3509 vel
626 3450 777 3510 interuallo
788 3452 940 3511 adiectum
950 3453 998 3512 sit.
1012 3453 1080 3512 Etsi
1094 3454 1188 3530 igitur
1201 3453 1261 3513 boe
1271 3453 1450 3513 vocabulum

243 3557 357 3634 saepius
369 3559 514 3616 emissum
530 3556 580 3615 vel
592 3573 755 3633 perperam
771 3559 917 3616 intrusum
930 3575 1001 3618 esse
1015 3558 1186 3618 docuerunt
1196 3558 1329 3619 Gronov.
1346 3559 1384 3618 ad
1395 3558 1450 3619 Li-

241 3665 324 3724 vium
334 3685 373 3724 vr.
384 3667 431 3723 32.
445 3668 477 3739 9;
499 3663 592 3723 Fabri
607 3665 647 3723 ad
660 3662 727 3723 Liv.
739 3683 801 3723 xxi.
814 3667 861 3724 59.
879 3669 904 3724 1.
917 3669 1023 3726 nostre
1035 3669 1137 3725 tamen
1151 3666 1222 3726 loeo
1238 3667 1345 3743 optimi
1360 3666 1450 3726 eodi-

242 3771 288 3830 eis
305 3774 489 3832 auctoritate
512 3774 587 3832 satis
603 3772 789 3833 detenditur.
810 3778 841 3833 in
858 3779 1016 3834 inmensum
1031 3779 1199 3852 pertinpene
1213 3775 1282 3834 Bas.
1299 3777 1331 3834 et
1344 3791 1449 3835 omues

240 3877 308 3937 iere
322 3877 403 3954 libri,
419 3897 486 3939 nam
499 3879 591 3939 etiam
607 3881 635 3938 in
647 3879 717 3939 Par.
730 3881 779 3940 ubi
790 3885 939 3957 pertinens
952 3881 1108 3960 seriptum,
1125 3883 1231 3940 eadem
1243 3899 1349 3940 manus
1362 3883 1448 3957 pad-

240 3985 347 4061 pinxit.
362 3983 424 4044 Setl
435 3986 495 4044 hoe
505 3986 687 4045 vocabulum
699 3987 860 4047 indubium
871 3993 1061 4048 vacaverunt
1071 3987 1241 4047 Draolteub.
1252 3987 1290 4046 ad
1301 3987 1365 4047 Liv.
1377 4008 1447 4048 xxv.

240 4093 288 4150 at.
303 4092 331 4150 6.
352 4090 491 4150 Burman.
506 4091 546 4150 ad
562 4091 660 4159 Quint.
685 4111 716 4151 ιι.
732 4095 759 4152 t.
779 4096 827 4153 27.
849 4093 1179 4153 ostentationes.
1201 4093 1231 4150 C.
1256 4113 1274 4152 ι.
1297 4096 1344 4153 68.
1368 4097 1394 4152 3.
1417 4102 1449 4154 et

239 4216 281 4256 ur.
296 4201 344 4259 ee.
365 4197 504 4257 lluddim.
522 4197 652 4258 Gramm.
674 4200 771 4259 Instit.
786 4200 835 4258 ed.
855 4199 1032 4260 Stallbaum.
1051 4222 1080 4261 u.
1099 4221 1128 4280 p.
1145 4205 1211 4260 135.
1230 4219 1256 4278 p.
1273 4203 1320 4261 30.
1337 4200 1448 4260 Sebel-

239 4304 323 4364 lerus
344 4305 375 4364 in
396 4303 521 4364 Lexieo.
557 4305 703 4364 Omnibus
731 4307 810 4365 enim
841 4307 903 4365 illis
935 4306 1013 4366 loeis
1036 4313 1067 4366 et
1088 4311 1239 4384 praeterea
1261 4325 1308 4385 ap.
1331 4306 1391 4367 Cio.
1413 4307 1446 4366 N.

240 4409 274 4469 Ι).
298 4428 328 4468 ιι.
351 4413 378 4470 9.
407 4410 485 4470 Ptin.
512 4410 546 4469 N.
575 4410 610 4470 ll.
633 4429 673 4470 ιιι.
697 4413 744 4470 37.
774 4416 822 4471 55.
855 4411 974 4472 Lueret.
1003 4432 1042 4472 ιν.
1069 4415 1136 4473 278.
1165 4413 1265 4472 variat
1294 4416 1445 4491 scriptura

239 4521 271 4576 et
308 4519 347 4578 ab
380 4520 555 4579 editoribus
581 4524 729 4594 pertinere
758 4523 927 4599 repositum
961 4527 1018 4595 est,
1049 4524 1091 4582 ita
1120 4526 1154 4582 ut
1178 4523 1238 4582 boe
1265 4521 1445 4581 uocabulum

238 4641 298 4684 nen
321 4625 410 4685 modo
441 4629 617 4703 suspeotum
649 4625 705 4685 setl
732 4627 823 4704 plane
850 4628 961 4687 nullum
990 4645 1062 4687 esse
1088 4629 1273 4704 interpretes
1298 4629 1445 4704 suspicati
