3702 5600
419 631 491 700 buu

417 845 469 888 ree
489 830 636 890 modim
656 838 684 890 et
701 831 783 908 suno
804 833 915 893 obtinet.
936 835 1023 896 cuius
1051 836 1112 896 loci
1136 839 1168 896 et
1189 839 1345 898 structura
1360 847 1392 900 et
1414 842 1631 919 interpretatio

417 935 580 996 admodum
601 938 719 998 incerta
745 941 801 998 est
822 938 889 1000 Liv.
908 959 927 998 1.
950 944 977 1000 t.
997 943 1024 1001 e.
1046 935 1121 1001 tenet
1138 944 1221 1020 sumo
1241 945 1337 1020 lupun
1358 947 1398 1005 ud
1412 949 1553 1022 puerilem
1574 967 1632 1010 eu-

417 1047 505 1120 pitum
526 1059 643 1102 curam
661 1045 791 1120 sienim.
824 1046 942 1106 Auctor
967 1045 1022 1124 Ep.
1052 1049 1092 1106 ad
1114 1047 1190 1108 Caes.
1212 1066 1277 1109 sen.
1303 1050 1343 1108 de
1368 1052 1434 1110 ord.
1456 1070 1500 1113 re.
1520 1074 1549 1132 p.
1573 1073 1632 1130 pro

417 1167 488 1210 aero
508 1158 595 1212 emec
615 1153 765 1212 obtinebat.
793 1154 852 1212 iam
873 1161 972 1212 tenere
992 1155 1105 1231 saepius
1126 1155 1209 1215 idem
1231 1173 1304 1216 esse
1325 1158 1408 1232 quod
1427 1161 1538 1219 durare
1558 1163 1630 1238 plu-

418 1257 504 1318 ribus
526 1259 676 1336 exemplis
698 1259 811 1320 Duker.
832 1259 872 1318 ad
893 1258 958 1318 Liv.
979 1278 1020 1318 ιν.
1042 1263 1068 1319 7.
1092 1263 1119 1319 7.
1145 1261 1346 1322 confirmavit.
1377 1263 1441 1324 Sed
1465 1283 1505 1324 ex
1525 1267 1630 1342 serip-

418 1366 538 1426 toribus
563 1382 666 1425 aureae
696 1367 795 1425 aetatis
826 1366 913 1427 solus
942 1366 1030 1426 locus
1052 1368 1204 1428 Varronis
1231 1371 1323 1446 paulo
1354 1373 1484 1448 propios
1510 1373 1631 1432 aceedit

418 1471 457 1531 de
479 1472 512 1531 lt.
534 1472 568 1532 lt.
590 1492 621 1532 ιι.
645 1478 670 1533 1.
707 1475 789 1549 ,Non
810 1477 888 1548 ipone
910 1491 1024 1551 quoque
1043 1474 1140 1551 suinae
1157 1483 1293 1550 penteres
1312 1478 1451 1551 obtinebit,
1472 1479 1551 1556 quod
1569 1481 1630 1539 Pu-

417 1577 520 1638 rilibua
536 1583 715 1654 potissimum
736 1580 890 1640 cmtdidere
909 1575 1044 1640 urbem?“
1081 1581 1143 1640 Sed
1171 1583 1201 1641 in
1227 1584 1392 1644 Pandcctis
1417 1585 1547 1644 obtinere
1567 1603 1629 1645 sae·

417 1685 487 1762 pius
510 1686 590 1745 idem
614 1690 663 1745 cst
687 1687 769 1762 quod
786 1687 961 1761 procum:
996 1687 1081 1747 Paul.
1105 1686 1138 1747 L.
1162 1707 1231 1748 ιιιι.
1258 1690 1303 1748 tit.
1328 1695 1353 1748 i.
1374 1691 1434 1768 leg.
1458 1693 1504 1750 36.
1540 1687 1582 1750 Et
1601 1691 1629 1750 si

419 1791 628 1867 dissentirent,
651 1795 803 1852 sententia
824 1795 954 1870 plurium
971 1795 1135 1855 obtineret.
1165 1795 1283 1872 Ulpian.
1303 1797 1369 1872 liig.
1384 1817 1405 1855 1.
1421 1799 1466 1856 16.
1484 1801 1511 1856 7.
1533 1797 1629 1857 ferias

419 1899 584 1958 secundum
606 1915 708 1958 mores
729 1903 761 1958 et
782 1901 1042 1974 consuetudinem,
1066 1918 1133 1976 quae
1154 1909 1241 1962 retro
1263 1903 1404 1978 obtinuit,
1433 1905 1517 1964 dare.
1567 1905 1628 1964 Pe·

418 2007 497 2064 tren.
519 2004 620 2082 Satyr.
653 2024 679 2066 o.
701 2009 727 2066 2.
768 2006 925 2082 Simulque
954 2009 1108 2084 corruptae
1138 2008 1322 2084 eloquentiae
1348 2011 1453 2088 regula
1483 2013 1573 2070 stetit
1598 2015 1629 2069 et

418 2234 470 2278 res
492 2219 593 2278 creari
614 2223 675 2278 tam
697 2220 845 2296 patricios
868 2237 957 2296 quam
978 2220 1130 2298 plebeios.
1175 2221 1290 2290 Quibus
1313 2240 1352 2282 ex
1374 2224 1453 2283 loeis
1474 2223 1629 2300 intelligi-

419 2331 476 2399 tur,
504 2327 632 2385 obtiuere
659 2333 692 2386 ut
714 2325 850 2387 Graecum
875 2324 961 2410 νικᾷι
990 2345 1050 2386 non
1078 2328 1176 2387 solum
1204 2345 1275 2388 csse
1299 2329 1420 2400 firmare
1445 2335 1473 2388 et
1491 2345 1628 2404 conpro-

417 2432 497 2506 bare,
520 2433 688 2492 sedetiam
710 2433 815 2492 nubre.
851 2432 912 2492 Sed
927 2433 1081 2494 Salustius
1099 2435 1228 2494 obtinere
1248 2451 1346 2511 neque
1367 2453 1424 2513 pro
1447 2437 1545 2496 verbo
1568 2437 1627 2494 im-

417 2540 576 2615 personali
607 2559 679 2600 usus
701 2544 762 2616 est,
790 2558 889 2616 neque
911 2541 1053 2602 absolute
1075 2543 1192 2618 posuit,
1225 2559 1318 2619 supra
1340 2544 1420 2602 enim
1441 2560 1507 2620 cap.
1532 2545 1578 2617 17,
1601 2545 1628 2601 7.

418 2646 509 2706 dixit:
530 2649 620 2723 sumu,
647 2665 711 2724 quie
730 2647 886 2725 plenaque
904 2648 1014 2707 obtinet.
1048 2665 1143 2722 quare
1159 2649 1239 2708 hunc
1261 2649 1291 2708 io
1314 2649 1414 2708 locum
1435 2653 1544 2710 contra
1562 2667 1630 2710 orn-

417 2754 499 2813 nium
525 2755 591 2814 scre
620 2755 760 2814 codicum
783 2755 997 2814 auctoritatem
1019 2771 1128 2814 novam
1151 2754 1274 2814 dicendi
1288 2754 1453 2816 formulam
1473 2756 1629 2829 inducere,

418 2877 518 2936 neque
542 2862 731 2921 considerati
753 2861 886 2920 hominis
907 2879 1007 2936 neque
1029 2862 1130 2922 critici
1150 2863 1294 2939 religiosi
1315 2863 1390 2922 mihi
1409 2879 1481 2922 csse
1497 2863 1629 2922 videtur.

418 2967 490 3028 'l'um
511 2969 593 3043 quod
614 2971 692 3043 sunt,
726 2969 776 3042 qui
798 2974 922 3043 negent:
952 2967 1061 3027 nullom
1078 2985 1134 3042 pro
1160 2971 1243 3027 aceio
1274 2970 1378 3028 obtinet
1398 2970 1459 3028 dici
1480 2970 1629 3047 potuisse,

419 3074 501 3150 quod
523 3076 552 3133 in
575 3075 775 3134 antecedente
797 3075 1010 3152 propositione
1036 3079 1151 3135 enirm
1178 3076 1349 3135 subiectum
1377 3081 1473 3151 esset,
1503 3093 1559 3136 eos
1589 3077 1630 3136 ad

418 3181 490 3241 Hor.
514 3181 611 3241 Germ.
632 3200 672 3240 ιν.
695 3185 723 3241 9.
746 3185 786 3240 at
807 3182 988 3263 amandatos
1009 3183 1092 3258 volo,
1115 3182 1168 3240 ubi
1190 3185 1305 3242 unimus
1324 3199 1384 3242 nou
1406 3184 1504 3242 solum
1522 3183 1631 3242 uindex

419 3306 518 3350 uocru
536 3289 662 3365 flendis,
685 3289 740 3348 sed
762 3291 854 3348 etiam
876 3288 981 3348 conoul
999 3307 1058 3347 non
1079 3293 1166 3349 uiuus
1188 3293 1259 3348 unni
1279 3289 1371 3348 audit.
1404 3289 1443 3348 ad
1465 3306 1554 3365 quem
1578 3290 1629 3349 lo-

420 3413 487 3455 cum
508 3395 563 3454 clr.
587 3395 756 3469 Bentleius,
783 3396 835 3470 qui
856 3395 985 3472 plurime
1007 3394 1142 3473 collegit.
1184 3394 1325 3456 Ceterum
1345 3397 1376 3454 in
1396 3395 1468 3456 Bas.
1489 3397 1630 3474 primitus

419 3502 526 3563 luerat
546 3503 677 3576 obtinent,
700 3504 782 3578 quod
803 3503 939 3564 fortasse
960 3505 1085 3562 rectius.

500 3626 524 3668 c.
547 3613 594 3669 81.
628 3610 754 3668 lubidine
779 3610 951 3684 inperitundi
971 3641 1011 3650 —
1033 3614 1098 3688 puis
1123 3612 1219 3668 omniu
1240 3627 1333 3686 repon
1353 3610 1573 3670 morienne
1587 3643 1623 3651 —

419 3715 450 3788 0.
469 3715 600 3774 Metellus
614 3747 652 3755 —
668 3717 740 3776 urbe
748 3721 879 3790 precium
895 3745 928 3754 —
949 3715 1061 3790 (opere
1075 3715 1131 3793 spl.
1149 3717 1189 3774 ad
1199 3716 1353 3774 minimum
1370 3717 1489 3776 duobus
1505 3717 1629 3776 saeculis

418 3825 490 3900 post
517 3820 679 3899 seriptum)
705 3825 731 3881 ei
752 3823 814 3881 dun
840 3803 1076 3881 Romeuue'lbas.
1104 3838 1141 3879 ne
1165 3839 1236 3879 mon
1256 3821 1391 3897 upitcndo
1412 3822 1503 3896 idem,
1529 3841 1630 3882 morus

419 3929 475 4006 spl.
490 3945 527 3986 m.
550 3945 611 3987 seo.
634 3931 665 3987 ut
679 3945 780 4004 supra.
796 3929 855 3987 iam
871 3927 996 3987 lubidine
1009 3927 1092 4002 quod
1107 3927 1266 3985 confirmet
1279 3925 1349 3984 Par.
1365 3945 1391 3984 ι.
1406 3925 1540 3994 (lubidini
1555 3928 1630 3999 cx.)

420 4050 527 4093 errore
548 4034 667 4092 librarii
690 4037 797 4109 ortum,
826 4034 877 4108 qui
903 4035 963 4093 hoc
986 4033 1166 4093 vocabulum
1188 4049 1249 4091 nou
1270 4049 1338 4090 com
1360 4048 1479 4090 coucam
1500 4036 1630 4095 eonion-

417 4141 465 4200 xit
486 4141 541 4200 scd
563 4157 620 4216 pro
645 4141 782 4201 ablativo
813 4141 938 4215 causali,
965 4142 1016 4215 qui
1043 4141 1165 4212 dieitur,
1196 4141 1312 4199 habuit
1339 4140 1466 4199 emersu
1494 4148 1568 4200 euru.
1602 4144 1631 4200 si

419 4248 488 4322 quis
509 4251 568 4322 est,
594 4249 644 4322 qui
671 4248 730 4307 hoo
752 4249 822 4308 loco
843 4248 1007 4308 transitum
1031 4249 1071 4307 ad
1092 4249 1263 4307 orationem
1284 4255 1400 4308 rectam
1422 4249 1488 4307 lieri
1511 4254 1631 4310 statuat

419 4362 452 4415 et
473 4373 565 4432 supra
587 4373 612 4415 c.
626 4359 672 4415 17.
695 4357 724 4415 in
747 4357 891 4416 auxilium
915 4361 1013 4430 vocet,
1036 4356 1088 4415 ubi
1103 4357 1133 4415 in
1148 4355 1218 4414 Bas.
1240 4355 1344 4415 itidem
1358 4359 1400 4414 uti
1409 4359 1548 4430 pereunti
1562 4365 1633 4415 sunt

418 4461 544 4538 legitur,
572 4479 640 4520 cum
673 4464 775 4538 potius
805 4461 845 4520 ad
871 4479 937 4539 cap.
967 4465 994 4521 t.
1022 4463 1141 4537 adeptus
1171 4465 1225 4520 dm
1253 4461 1472 4537 ablegaverim,
1500 4479 1631 4538 eumque

419 4570 587 4629 monuerim
609 4573 641 4628 ut
662 4571 834 4630 accuratius
856 4571 1015 4643 examinet,
1041 4587 1131 4644 quem
1153 4569 1279 4629 diversa
1301 4570 1406 4628 talium
1428 4569 1567 4630 locorum
1589 4573 1631 4630 sit

418 4675 508 4736 ratio.
539 4675 594 4735 elr.
617 4677 685 4736 Tau.
709 4677 816 4737 rinnel.
839 4697 868 4736 ιι.
892 4681 938 4737 12.
965 4695 1061 4754 repere
1088 4677 1186 4736 Perse
1208 4677 1278 4737 Bas.
1301 4677 1370 4737 Par.
1392 4695 1438 4736 ex.
1462 4677 1579 4736 Persem
1602 4697 1627 4736 ι.
