3582 5594
362 1721 364 1728 ’
444 1733 589 1820 lllldl'lll
612 1733 743 1819 llll’llll
767 1733 876 1820 tort
899 1736 955 1821 tlt
978 1736 1072 1822 tlt

229 1965 414 2038 Clementia
438 1975 471 2034 et
494 1965 640 2058 probitas
664 1973 785 2046 vestra,
811 1964 970 2048 Quirites,
1001 1967 1123 2060 quibus
1147 1991 1208 2061 per
1231 1981 1357 2041 ceteras

159 2101 269 2182 gentes
294 2089 445 2160 maxumi
472 2099 505 2158 et
530 2088 611 2158 clari
638 2089 726 2169 estis,
761 2089 942 2180 plurimum
974 2090 1101 2161 timoris
1126 2092 1210 2162 mibi
1236 2094 1360 2164 iaciunt

157 2214 329 2285 advorsum
347 2212 556 2308 tyrannidem
574 2215 613 2283 L.
625 2213 743 2282 Sullae:
771 2235 813 2281 ne
831 2236 906 2306 quae
924 2214 986 2307 ipsi
1004 2215 1148 2284 nelanda
1165 2217 1356 2300 aestumatia,

156 2362 194 2408 ea
218 2361 338 2431 parum
364 2337 530 2408 credendo
556 2337 596 2406 de
623 2336 698 2406 aliis
724 2337 1050 2418 circumveniamini;
1082 2339 1264 2431 praesertim
1280 2362 1357 2411 cum

155 2463 203 2532 illi
228 2485 304 2556 spes
329 2462 438 2532 omnis
464 2461 498 2530 in
524 2461 649 2530 scelere
680 2470 779 2552 atque
811 2461 953 2554 perfidia
977 2463 1029 2542 sit,
1061 2484 1171 2556 neque
1202 2487 1236 2534 se
1262 2464 1359 2535 aliter

155 2597 259 2656 tntum
294 2595 397 2679 putet,
435 2607 537 2678 quam
570 2584 598 2653 si
632 2583 727 2676 peior
761 2594 860 2677 atque
891 2584 1112 2656 intestabilior
1135 2596 1224 2657 metu
1251 2597 1358 2657 vestro

157 2711 263 2792 fuerit,
296 2733 364 2802 quo
387 2709 490 2802 captis
515 2707 675 2779 libertatis
700 2729 814 2777 curam
841 2708 976 2778 miseria
998 2709 1131 2792 eximat,
1161 2721 1218 2780 ant
1233 2710 1261 2780 si
1278 2733 1358 2803 pro-

155 2833 311 2915 videritis,
346 2833 380 2902 in
411 2832 553 2902 vitandis
578 2830 734 2924 periculis
759 2833 867 2922 magis
893 2855 993 2926 quam
1026 2833 1217 2903 ulciscendo
1242 2844 1358 2903 tenea·

154 2958 247 3027 mini.
290 2956 453 3027 Satellites
479 2954 614 3048 quidem
639 2954 721 3035 eius,
754 2953 906 3024 homines
931 2956 1081 3025 maxumi
1106 2956 1260 3039 nominis,
1295 2979 1358 3050 op·

154 3082 252 3153 tumis
276 3081 442 3151 maiorum
468 3078 640 3172 exemplis,
665 3099 797 3170 nequeo
822 3077 900 3146 satis
926 3077 1052 3161 mirari,
1080 3079 1138 3170 qui
1160 3079 1358 3150 dominatio-

154 3205 203 3274 nis
228 3205 263 3274 in
288 3225 347 3274 vos
372 3203 543 3274 servitium
574 3224 670 3272 suum
695 3200 883 3270 mercedem
909 3202 998 3284 dant,
1033 3214 1067 3272 et
1094 3213 1272 3296 utrumque
1297 3225 1358 3296 per

153 3328 308 3399 iniuriam
340 3327 471 3397 malunt
501 3348 602 3419 mam
635 3335 770 3419 optumo
801 3325 874 3396 iure
908 3326 1006 3397 liberi
1037 3349 1157 3419 agere3
1195 3328 1358 3420 preclara

153 3454 331 3524 Brutorum
356 3460 456 3544 atque
480 3448 704 3520 Aemiliorum
736 3460 768 3519 et
792 3450 999 3521 Lutatiorum
1030 3451 1151 3543 proles,
1186 3452 1289 3543 geniti
1314 3451 1357 3522 ad

154 3599 202 3658 aa,
229 3597 305 3668 qnae
330 3575 474 3645 maiores
499 3574 619 3643 virtute
643 3595 816 3666 peperere,
842 3573 1079 3644 subvortunda.
1121 3575 1207 3644 Nam
1230 3575 1357 3668 quida

153 3699 291 3793 Pyrrho,
317 3697 506 3769 Hannibale
524 3696 744 3789 Philippoque
769 3707 802 3766 et
817 3697 982 3768 Antiocbo
1005 3697 1178 3769 defensum
1195 3710 1245 3768 est
1264 3698 1357 3769 aliud

152 3845 250 3916 quam
271 3821 406 3892 libertas
424 3831 456 3890 et
471 3841 540 3890 suae
558 3821 678 3913 cuique
695 3820 808 3902 sedem
834 3842 899 3890 neu
918 3821 984 3903 cni,
1009 3821 1074 3892 nisi
1091 3822 1232 3912 legibus,
1257 3845 1356 3915 pare-

152 3945 283 4016 remusl
320 3965 396 4038 qne
429 3953 546 4014 cuncta
577 3965 702 4014 scaevus
733 3943 794 4014 iste
820 3945 980 4015 Romulus
1012 3945 1107 4039 quasi
1139 3944 1181 4015 ab
1211 3945 1356 4016 externis

152 4082 242 4164 rapta
260 4079 361 4150 tenet,
386 4090 453 4138 non
471 4079 517 4137 tot
542 4067 748 4138 exercituum
768 4069 873 4150 clade,
899 4091 1010 4160 neque
1027 4070 1203 4140 consulum
1220 4079 1253 4139 et
1268 4069 1357 4139 alio-

151 4217 224 4265 rum
250 4193 453 4288 principum,
479 4215 561 4285 quos
587 4193 719 4262 senuna
734 4191 816 4262 belli
833 4204 1092 4285 consumpserat,
1118 4193 1271 4273 satiatus3
1297 4193 1356 4264 sed

152 4329 220 4388 tum
252 4317 433 4400 crudelior,
467 4339 544 4387 cum
575 4316 751 4409 plerosque
784 4315 939 4386 secundae
964 4339 1016 4387 res
1048 4316 1083 4385 in
1109 4316 1356 4387 miserationem

151 4463 192 4511 ex
216 4442 268 4511 ira
292 4451 437 4511 vortunt.
480 4440 569 4524 Quin
595 4439 685 4509 solus
705 4440 866 4522 omnium,
895 4451 971 4532 post
997 4441 1194 4512 memoriam
1217 4440 1356 4510 bomani

152 4566 283 4657 generis
308 4564 472 4657 supplicia
498 4564 532 4632 in
557 4573 631 4656 post
654 4563 780 4633 futuros
798 4565 992 4656 composuit,
1017 4565 1091 4659 quia
1115 4565 1208 4658 priua
1233 4564 1356 4635 iniuria

152 4709 252 4780 quarn
276 4690 345 4760 vita
371 4698 462 4758 certa
487 4697 590 4768 esset;
628 4687 901 4781 pravissumeque
933 4711 993 4781 per
1017 4688 1151 4759 sceleris
1176 4688 1356 4760 inmanita-

1129 4807 1172 4870 9*
