3702 5600
298 557 302 575 1
431 621 503 692 548

429 834 494 878 rum
526 819 732 896 discrepantia
762 820 841 880 inire
875 821 974 882 insius
1002 839 1098 898 egem.
1138 823 1209 884 Alie
1239 841 1379 900 querere
1412 825 1553 885 subsidia
1581 825 1634 884 vix

429 943 507 1002 opus
529 931 588 1002 est,
626 928 681 986 sed
709 927 735 986 si
762 929 883 1002 quondo
910 929 977 989 lieri
1003 947 1131 990 necesse
1157 936 1214 1004 est,
1244 947 1301 990 suo
1332 932 1401 991 loco
1423 931 1633 992 adnotabitur.

742 1436 871 1510 tutuo
895 1437 1010 1510 ulle!
1035 1425 1134 1510 cont
1157 1437 1205 1509 lu
1233 1436 1315 1510 Η,

505 1612 597 1685 pentir
618 1609 653 1668 V.
675 1613 702 1670 2.
724 1629 780 1688 quo
799 1615 892 1687 captio
904 1612 940 1669 V.
962 1614 989 1669 1.
1012 1613 1039 1669 3.
1060 1613 1179 1685 captiuis
1200 1610 1236 1667 V.
1258 1611 1285 1669 2.
1322 1607 1395 1668 Cum
1418 1608 1512 1685 igitur
1533 1607 1632 1667 lectio

426 1718 517 1788 ceptis
537 1717 644 1792 optimi
669 1717 742 1777 libri
762 1719 946 1778 auctoritate
968 1718 1085 1776 firmate
1111 1717 1161 1786 sit,
1183 1715 1222 1775 de
1244 1733 1337 1775 seusu
1358 1715 1523 1774 verberum
1545 1730 1632 1788 quse·

426 1820 512 1895 ritur,
542 1839 630 1896 quem
657 1821 736 1881 hunc
764 1839 835 1882 esse
861 1823 972 1882 iudico.
1014 1820 1107 1882 Sullae
1137 1839 1210 1898 spes
1238 1822 1349 1882 salutis
1371 1821 1402 1879 iu
1424 1836 1462 1880 eo
1483 1824 1551 1878 eret
1571 1835 1632 1895 po-

426 1928 496 2002 situ,
517 1929 544 1986 si
565 1929 728 1988 atrocitate
751 1928 880 1988 sceleris
901 1929 954 1987 vel
973 1934 1086 1988 metum
1115 1929 1238 1989 illorum
1260 1929 1449 2006 superesset,
1479 1943 1540 2001 quo
1563 1925 1633 2000 qui-

425 2033 493 2094 dem
515 2035 542 2093 si
562 2033 610 2092 illi
631 2036 713 2112 cepti
734 2036 847 2110 essent,
870 2034 1016 2094 malorum
1037 2035 1242 2110 magnitudine
1264 2035 1397 2095 loturum
1422 2033 1570 2110 speravit,
1600 2037 1633 2090 ut

425 2157 544 2201 omnem
571 2141 727 2201 libertatis
753 2159 856 2201 curam
887 2143 1070 2201 omitterent
1112 2142 1145 2200 ln
1175 2141 1382 2203 ilistoriarum
1415 2141 1504 2200 libris
1533 2139 1632 2214 magis

425 2251 517 2309 etiem
540 2266 557 2310 e
580 2267 666 2309 more
689 2250 818 2310 Salustii
840 2253 898 2324 est,
927 2251 1033 2327 plures
1056 2250 1227 2309 sententias
1249 2249 1339 2309 brevi
1359 2250 1525 2308 verborum
1545 2261 1632 2305 eom-

424 2356 518 2433 plexu
545 2356 713 2417 includere.
742 2361 772 2416 tu
799 2361 921 2416 vitandis
945 2357 1084 2433 periculis
1110 2358 1146 2416 V.
1169 2359 1195 2415 1.
1225 2357 1297 2416 olim
1323 2357 1447 2416 tutandis
1472 2354 1630 2424 edebatur,

425 2478 485 2536 quo
506 2461 628 2522 dicendi
649 2479 765 2538 genere
786 2480 859 2522 usus
882 2469 933 2523 est
954 2461 1030 2522 Caes.
1052 2463 1081 2521 b.
1103 2479 1128 2520 c.
1152 2464 1178 2520 1.
1200 2463 1249 2522 52.
1264 2465 1396 2535 nomine,
1417 2463 1538 2536 optumis
1550 2458 1586 2517 V.
1602 2465 1629 2518 l.

424 2569 452 2628 2.
474 2569 502 2628 3.
524 2569 597 2627 olim
619 2545 715 2628 verbe
737 2587 795 2628 noc
815 2575 909 2629 minus
932 2568 1115 2646 interposite
1136 2573 1231 2643 erent
1254 2585 1321 2643 quse
1340 2567 1417 2626 nihil
1436 2567 1518 2626 aliud
1541 2581 1631 2640 quem

423 2675 538 2751 prioris
559 2677 705 2735 vocabuli
727 2680 777 2735 est
797 2675 992 2736 deformatio.
1015 2691 1126 2734 coccus
1146 2678 1200 2733 istc
1220 2675 1255 2733 V.
1280 2679 1306 2734 1.
1330 2677 1356 2734 3.
1383 2674 1470 2734 Serv.
1491 2674 1531 2733 ed
1544 2673 1631 2747 Virg-

423 2779 528 2858 Eclog.
551 2785 578 2856 3,
603 2784 648 2841 13.
670 2783 752 2858 quod
767 2787 837 2842 ante
858 2799 897 2841 ex
915 2799 1009 2842 secur
1029 2785 1203 2858 corruptum
1222 2797 1294 2841 csse
1307 2781 1480 2858 putabatur,
1499 2781 1557 2840 sed
1573 2783 1632 2840 iem

423 2887 562 2947 codicum
583 2889 768 2948 auctoritate
785 2889 948 2965 firmatum,
968 2890 1083 2965 optime
1105 2887 1207 2946 locum
1228 2891 1338 2948 tuetur.
1365 2888 1419 2946 cir.
1441 2888 1550 2947 cmaedc
1571 2887 1631 2946 lio-

422 2995 498 3054 mulc
518 2993 624 3054 Catuli.
646 2993 750 3072 Epigr.
765 2998 813 3054 25.
827 2997 945 3055 Romule
960 2998 1086 3071 Arpinus
1100 2995 1227 3054 declam.
1250 2995 1280 3054 iu
1303 2994 1364 3055 Cic.
1385 2995 1530 3054 Romulus
1550 2995 1631 3054 enim

423 3099 510 3160 Sulla
531 3101 681 3178 appellari
700 3101 808 3178 voluit,
830 3107 980 3176 umquem
1003 3103 1084 3162 alter
1098 3102 1184 3162 urbis
1199 3103 1350 3162 conditor.
1370 3103 1487 3162 dumont
1507 3101 1544 3159 V.
1561 3107 1588 3162 1.
1604 3105 1629 3166 3.

422 3209 538 3283 poneris
564 3208 645 3282 quod
671 3207 827 3268 excidisse
854 3209 985 3283 videtur,
1021 3227 1060 3268 ex
1089 3209 1265 3268 coniectura
1291 3209 1466 3287 repositum.
1487 3209 1631 3268 tronum

423 3314 526 3391 vulgo.
536 3317 766 3393 parcissimepuae
780 3315 816 3374 V.
835 3319 860 3374 1.
883 3320 1058 3393 corruptum
1079 3333 1118 3374 ex
1129 3319 1365 3393 praor'csimepue,
1388 3317 1470 3390 quod
1490 3315 1542 3374 vel
1563 3317 1631 3375 sine

422 3420 513 3480 libris
546 3421 765 3480 emendandum
795 3425 851 3482 est.
883 3421 1010 3498 opinandi
1038 3424 1122 3496 inops
1147 3421 1183 3478 V.
1209 3425 1237 3480 1.
1262 3424 1289 3480 3.
1322 3420 1482 3482 Arrusien.
1508 3423 1630 3481 Moesus

389 3541 396 3558 ·
422 3547 452 3606 p.
475 3531 534 3588 233
554 3527 640 3588 Liud.
661 3529 805 3606 copitondi
827 3531 862 3588 V.
885 3531 912 3588 2.
935 3531 991 3589 sed
1011 3531 1140 3606 eptteudi
1160 3530 1309 3590 hocloco
1330 3530 1411 3589 idem
1428 3528 1510 3604 quod
1526 3529 1631 3604 rependi

424 3635 575 3710 significat
596 3635 650 3694 cir.
673 3633 704 3696 G.
730 3638 767 3694 10
793 3639 943 3710 imperium
963 3635 1109 3709 beneficiis
1137 3653 1164 3695 o.
1186 3639 1235 3696 23.
1258 3636 1391 3713 ferocius
1416 3652 1501 3713 prtum
1527 3633 1631 3693 solitum

423 3748 488 3800 crat
511 3744 639 3818 opitodot
664 3741 686 3801 l.
713 3743 762 3802 63.
788 3746 818 3801 in
840 3743 1027 3816 potestatibus
1059 3743 1191 3819 upitubut.
1222 3742 1302 3802 inire
1330 3742 1379 3801 0r.
1407 3741 1521 3801 cone:
1553 3757 1631 3800 nunc

422 3848 507 3907 mulir
525 3848 668 3926 smcttdus
687 3851 752 3923 ipso
771 3851 823 3907 oie
844 3853 940 3925 cpttct.
962 3865 1029 3908 cum
1050 3848 1144 3926 igitur
1165 3853 1278 3925 cpiturc
1299 3857 1331 3908 et
1351 3851 1435 3908 eitum
1452 3865 1541 3924 opere
1561 3848 1630 3906 sive

422 3957 518 4014 cicero
544 3959 576 4015 et
600 3971 650 4014 res
677 3972 782 4032 perere
807 3956 876 4014 sive
908 3955 1113 4014 cdutinistrure
1140 3956 1295 4034 significet
1324 3954 1375 4027 (ut
1400 3973 1489 4032 opere
1516 3955 1628 4030 delum,

422 4077 483 4120 rem
500 4060 660 4136 publicem)
684 4079 745 4121 nou
766 4061 806 4121 ad
827 4062 960 4138 inopium
988 4061 1088 4122 victus
1116 4062 1173 4122 sed
1199 4061 1239 4121 ud
1261 4065 1398 4139 creptum
1424 4063 1472 4121 ius
1495 4063 1629 4122 tribuni-

423 4171 501 4229 cium
523 4169 614 4228 etad
635 4167 736 4244 plebis
761 4184 838 4245 opes
866 4168 981 4228 fractas
1002 4167 1063 4226 hoc
1088 4169 1215 4228 verbum
1240 4169 1405 4228 retulerim.
1435 4169 1506 4229 derne
1520 4176 1630 4243 pereto

424 4274 460 4333 V.
484 4278 510 4333 1.
529 4281 616 4350 parto
637 4275 673 4333 V.
696 4277 723 4334 2.
745 4277 772 4334 3.
796 4275 879 4350 quod
893 4293 953 4334 nou
969 4275 1079 4333 nemini
1096 4275 1273 4335 concinnius
1288 4274 1466 4350 videndum
1490 4275 1548 4334 sed
1561 4292 1628 4334 cum

423 4386 451 4444 h.
473 4383 494 4442 l.
515 4383 591 4443 dune
612 4386 644 4444 et
661 4383 790 4460 fortune
819 4384 1031 4460 intelligantur
1056 4387 1088 4440 et
1114 4383 1152 4442 de
1178 4383 1259 4442 iusta
1283 4382 1407 4442 illorum
1428 4383 1629 4460 possessione

422 4495 540 4568 egetur,
560 4490 655 4551 multo
677 4491 785 4550 melius
803 4497 910 4566 purete
932 4507 1020 4564 quem
1040 4494 1128 4564 purte
1149 4489 1287 4564 quadret
1310 4505 1374 4566 quc
1395 4493 1452 4547 nrm
1471 4487 1630 4566 [omidtne

421 4601 564 4656 mercetur
584 4613 655 4670 sum,
672 4598 768 4671 pretio
789 4596 890 4670 soluto,
917 4600 991 4671 turc,
1012 4596 1135 4655 domimo
1156 4603 1249 4654 tomen
1269 4598 1390 4655 restituo
1423 4593 1483 4666 (itu
1504 4594 1628 4669 corrige

422 4704 452 4761 in
474 4701 635 4771 contextu)
656 4703 715 4763 hec
738 4703 983 4780 interpunctione
1004 4703 1118 4780 optime
1140 4703 1229 4762 huius
1255 4703 1317 4762 loci
1343 4719 1453 4762 sensus
1474 4699 1628 4760 declarari
