<?xml version="1.0" encoding="UTF-8"?>
<!DOCTYPE html PUBLIC "-//W3C//DTD XHTML 1.0 Transitional//EN"
    "http://www.w3.org/TR/xhtml1/DTD/xhtml1-transitional.dtd">
<html xmlns="http://www.w3.org/1999/xhtml" xml:lang="en" lang="en">
 <head>
  <title>
</title>
<meta http-equiv="Content-Type" content="text/html;charset=utf-8" />
  <meta name='ocr-system' content='tesseract 3.04.00' />
  <meta name='ocr-capabilities' content='ocr_page ocr_carea ocr_par ocr_line ocrx_word'/>
</head>
<body>
  <div class='ocr_page' id='page_1' title='image "./gaisalustiicris00rothgoog_0030.png"; bbox 0 0 3610 5592; ppageno 0'>
   <div class='ocr_carea' id='block_1_1' title="bbox 696 718 781 766">
    <p class='ocr_par' dir='ltr' id='par_1_1' title="bbox 696 718 781 766">
     <span class='ocr_line' id='line_1_1' title="bbox 696 718 781 766; baseline 0.012 -1"><span class='ocrx_word' id='word_1_1' title='bbox 696 718 781 766; x_wconf 74' lang='lat' dir='ltr'><strong>mil</strong></span> 
     </span>
    </p>
   </div>
   <div class='ocr_carea' id='block_1_2' title="bbox 144 892 1360 4812">
    <p class='ocr_par' dir='ltr' id='par_1_2' title="bbox 144 892 1354 2788">
     <span class='ocr_line' id='line_1_2' title="bbox 146 892 1347 970; baseline 0.002 -18"><span class='ocrx_word' id='word_1_2' title='bbox 146 898 276 954; x_wconf 86' lang='lat' dir='ltr'><strong>secutum</strong></span> <span class='ocrx_word' id='word_1_3' title='bbox 298 896 348 952; x_wconf 90' lang='lat' dir='ltr'><strong>est</strong></span> <span class='ocrx_word' id='word_1_4' title='bbox 367 892 482 952; x_wconf 90' lang='lat' dir='ltr'><strong>bellum</strong></span> <span class='ocrx_word' id='word_1_5' title='bbox 503 892 722 970; x_wconf 78' lang='lat' dir='ltr'><strong>lugurtbinum,</strong></span> <span class='ocrx_word' id='word_1_6' title='bbox 744 910 803 953; x_wconf 91' lang='lat' dir='ltr'><strong>nou</strong></span> <span class='ocrx_word' id='word_1_7' title='bbox 827 893 915 952; x_wconf 90' lang='lat' dir='ltr'><strong>modo</strong></span> <span class='ocrx_word' id='word_1_8' title='bbox 938 894 1021 968; x_wconf 89' lang='lat' dir='ltr'><strong>quod</strong></span> <span class='ocrx_word' id='word_1_9' title='bbox 1043 895 1112 954; x_wconf 88' lang='lat' dir='ltr'><strong>eius</strong></span> <span class='ocrx_word' id='word_1_10' title='bbox 1133 895 1178 954; x_wconf 88' lang='lat' dir='ltr'><strong>rei</strong></span> <span class='ocrx_word' id='word_1_11' title='bbox 1199 896 1347 955; x_wconf 87' lang='lat' dir='ltr'><strong>memoria</strong></span> 
     </span>
     <span class='ocr_line' id='line_1_3' title="bbox 145 997 1347 1077; baseline 0.003 -21"><span class='ocrx_word' id='word_1_12' title='bbox 145 1001 273 1074; x_wconf 75' lang='lat' dir='ltr'><strong>praetura</strong></span> <span class='ocrx_word' id='word_1_13' title='bbox 296 998 328 1057; x_wconf 95' lang='lat' dir='ltr'><strong>in</strong></span> <span class='ocrx_word' id='word_1_14' title='bbox 350 997 458 1057; x_wconf 87' lang='lat' dir='ltr'><strong>Airica</strong></span> <span class='ocrx_word' id='word_1_15' title='bbox 479 1003 569 1076; x_wconf 82' lang='lat' dir='ltr'><strong>gesta</strong></span> <span class='ocrx_word' id='word_1_16' title='bbox 597 1001 747 1058; x_wconf 89' lang='lat' dir='ltr'><strong>renovata</strong></span> <span class='ocrx_word' id='word_1_17' title='bbox 775 1002 851 1074; x_wconf 89' lang='lat' dir='ltr'><strong>erat,</strong></span> <span class='ocrx_word' id='word_1_18' title='bbox 881 999 938 1058; x_wconf 92' lang='lat' dir='ltr'><strong>sed</strong></span> <span class='ocrx_word' id='word_1_19' title='bbox 959 1000 1041 1074; x_wconf 88' lang='lat' dir='ltr'><strong>quod</strong></span> <span class='ocrx_word' id='word_1_20' title='bbox 1068 1015 1168 1058; x_wconf 85' lang='lat' dir='ltr'><strong>causae</strong></span> <span class='ocrx_word' id='word_1_21' title='bbox 1190 1000 1347 1077; x_wconf 88' lang='lat' dir='ltr'><strong>malorum,</strong></span> 
     </span>
     <span class='ocr_line' id='line_1_4' title="bbox 146 1103 1347 1182; baseline 0.001 -19"><span class='ocrx_word' id='word_1_22' title='bbox 146 1106 249 1180; x_wconf 84' lang='lat' dir='ltr'><strong>quibus</strong></span> <span class='ocrx_word' id='word_1_23' title='bbox 272 1103 410 1163; x_wconf 89' lang='lat' dir='ltr'><strong>lacerata</strong></span> <span class='ocrx_word' id='word_1_24' title='bbox 431 1103 532 1162; x_wconf 83' lang='lat' dir='ltr'><strong>iuerat</strong></span> <span class='ocrx_word' id='word_1_25' title='bbox 553 1119 605 1162; x_wconf 89' lang='lat' dir='ltr'><strong>res</strong></span> <span class='ocrx_word' id='word_1_26' title='bbox 634 1104 758 1180; x_wconf 90' lang='lat' dir='ltr'><strong>publica</strong></span> <span class='ocrx_word' id='word_1_27' title='bbox 785 1107 815 1163; x_wconf 85' lang='lat' dir='ltr'><strong>et</strong></span> <span class='ocrx_word' id='word_1_28' title='bbox 840 1103 969 1164; x_wconf 87' lang='lat' dir='ltr'><strong>libertas</strong></span> <span class='ocrx_word' id='word_1_29' title='bbox 991 1103 1111 1178; x_wconf 87' lang='lat' dir='ltr'><strong>amissa,</strong></span> <span class='ocrx_word' id='word_1_30' title='bbox 1139 1105 1263 1164; x_wconf 83' lang='lat' dir='ltr'><strong>axillis</strong></span> <span class='ocrx_word' id='word_1_31' title='bbox 1284 1121 1347 1182; x_wconf 88' lang='lat' dir='ltr'><strong>po·</strong></span> 
     </span>
     <span class='ocr_line' id='line_1_5' title="bbox 146 1209 1346 1286; baseline -0.001 -16"><span class='ocrx_word' id='word_1_32' title='bbox 146 1212 291 1270; x_wconf 81' lang='lat' dir='ltr'><strong>tissimum</strong></span> <span class='ocrx_word' id='word_1_33' title='bbox 314 1209 503 1286; x_wconf 83' lang='lat' dir='ltr'>temporibus</span> <span class='ocrx_word' id='word_1_34' title='bbox 523 1210 708 1269; x_wconf 88' lang='lat' dir='ltr'><strong>videbantur</strong></span> <span class='ocrx_word' id='word_1_35' title='bbox 740 1225 811 1268; x_wconf 89' lang='lat' dir='ltr'><strong>esse</strong></span> <span class='ocrx_word' id='word_1_36' title='bbox 837 1209 1025 1286; x_wconf 74' lang='lat' dir='ltr'><strong>repetendae,</strong></span> <span class='ocrx_word' id='word_1_37' title='bbox 1047 1209 1156 1284; x_wconf 88' lang='lat' dir='ltr'><strong>quibus</strong></span> <span class='ocrx_word' id='word_1_38' title='bbox 1176 1213 1208 1269; x_wconf 92' lang='lat' dir='ltr'><strong>et</strong></span> <span class='ocrx_word' id='word_1_39' title='bbox 1229 1212 1346 1271; x_wconf 91' lang='lat' dir='ltr'><strong>nobili·</strong></span> 
     </span>
     <span class='ocr_line' id='line_1_6' title="bbox 145 1315 1346 1394; baseline 0.001 -17"><span class='ocrx_word' id='word_1_40' title='bbox 145 1319 213 1377; x_wconf 89' lang='lat' dir='ltr'><strong>tatis</strong></span> <span class='ocrx_word' id='word_1_41' title='bbox 235 1317 385 1394; x_wconf 89' lang='lat' dir='ltr'><strong>superbia</strong></span> <span class='ocrx_word' id='word_1_42' title='bbox 406 1318 535 1376; x_wconf 88' lang='lat' dir='ltr'><strong>omnium</strong></span> <span class='ocrx_word' id='word_1_43' title='bbox 558 1317 630 1376; x_wconf 86' lang='lat' dir='ltr'><strong>odia</strong></span> <span class='ocrx_word' id='word_1_44' title='bbox 650 1317 681 1376; x_wconf 93' lang='lat' dir='ltr'><strong>in</strong></span> <span class='ocrx_word' id='word_1_45' title='bbox 705 1333 739 1374; x_wconf 83' lang='lat' dir='ltr'><strong>re</strong></span> <span class='ocrx_word' id='word_1_46' title='bbox 761 1319 958 1375; x_wconf 89' lang='lat' dir='ltr'><strong>converterat</strong></span> <span class='ocrx_word' id='word_1_47' title='bbox 978 1318 1010 1374; x_wconf 93' lang='lat' dir='ltr'><strong>et</strong></span> <span class='ocrx_word' id='word_1_48' title='bbox 1028 1315 1147 1376; x_wconf 85' lang='lat' dir='ltr'><strong>luxuria</strong></span> <span class='ocrx_word' id='word_1_49' title='bbox 1161 1323 1253 1393; x_wconf 88' lang='lat' dir='ltr'><strong>atque</strong></span> <span class='ocrx_word' id='word_1_50' title='bbox 1268 1336 1346 1379; x_wconf 90' lang='lat' dir='ltr'><strong>ava-</strong></span> 
     </span>
     <span class='ocr_line' id='line_1_7' title="bbox 144 1425 1348 1502; baseline -0.001 -17"><span class='ocrx_word' id='word_1_51' title='bbox 144 1428 210 1486; x_wconf 87' lang='lat' dir='ltr'><strong>ritia</strong></span> <span class='ocrx_word' id='word_1_52' title='bbox 231 1443 353 1486; x_wconf 89' lang='lat' dir='ltr'><strong>omnem</strong></span> <span class='ocrx_word' id='word_1_53' title='bbox 375 1425 496 1484; x_wconf 91' lang='lat' dir='ltr'><strong>modum</strong></span> <span class='ocrx_word' id='word_1_54' title='bbox 521 1428 708 1501; x_wconf 80' lang='lat' dir='ltr'><strong>excesserat,</strong></span> <span class='ocrx_word' id='word_1_55' title='bbox 738 1425 852 1502; x_wconf 82' lang='lat' dir='ltr'><strong>quippe</strong></span> <span class='ocrx_word' id='word_1_56' title='bbox 877 1425 929 1500; x_wconf 90' lang='lat' dir='ltr'><strong>qui</strong></span> <span class='ocrx_word' id='word_1_57' title='bbox 950 1441 1025 1484; x_wconf 87' lang='lat' dir='ltr'><strong>auro</strong></span> <span class='ocrx_word' id='word_1_58' title='bbox 1046 1426 1182 1502; x_wconf 88' lang='lat' dir='ltr'><strong>corrupti</strong></span> <span class='ocrx_word' id='word_1_59' title='bbox 1202 1441 1267 1484; x_wconf 88' lang='lat' dir='ltr'><strong>rem</strong></span> <span class='ocrx_word' id='word_1_60' title='bbox 1288 1443 1348 1502; x_wconf 87' lang='lat' dir='ltr'><strong>pu-</strong></span> 
     </span>
     <span class='ocr_line' id='line_1_8' title="bbox 145 1528 1349 1609; baseline 0.002 -19"><span class='ocrx_word' id='word_1_61' title='bbox 145 1532 251 1591; x_wconf 89' lang='lat' dir='ltr'><strong>blicam</strong></span> <span class='ocrx_word' id='word_1_62' title='bbox 266 1529 409 1590; x_wconf 85' lang='lat' dir='ltr'><strong>venalem</strong></span> <span class='ocrx_word' id='word_1_63' title='bbox 424 1530 603 1590; x_wconf 88' lang='lat' dir='ltr'><strong>babuerunt</strong></span> <span class='ocrx_word' id='word_1_64' title='bbox 638 1528 770 1598; x_wconf 79' lang='lat' dir='ltr'><strong>Quorum</strong></span> <span class='ocrx_word' id='word_1_65' title='bbox 787 1530 938 1590; x_wconf 78' lang='lat' dir='ltr'><strong>scelerum</strong></span> <span class='ocrx_word' id='word_1_66' title='bbox 953 1529 1068 1589; x_wconf 91' lang='lat' dir='ltr'><strong>invidia</strong></span> <span class='ocrx_word' id='word_1_67' title='bbox 1084 1531 1204 1606; x_wconf 86' lang='lat' dir='ltr'><strong>lactum,</strong></span> <span class='ocrx_word' id='word_1_68' title='bbox 1225 1537 1258 1591; x_wconf 90' lang='lat' dir='ltr'><strong>ut</strong></span> <span class='ocrx_word' id='word_1_69' title='bbox 1278 1532 1349 1609; x_wconf 90' lang='lat' dir='ltr'><strong>ple·</strong></span> 
     </span>
     <span class='ocr_line' id='line_1_9' title="bbox 146 1637 1351 1718; baseline 0.003 -22"><span class='ocrx_word' id='word_1_70' title='bbox 146 1637 221 1697; x_wconf 86' lang='lat' dir='ltr'><strong>belis</strong></span> <span class='ocrx_word' id='word_1_71' title='bbox 243 1637 420 1697; x_wconf 88' lang='lat' dir='ltr'><strong>bominibus</strong></span> <span class='ocrx_word' id='word_1_72' title='bbox 441 1638 558 1697; x_wconf 89' lang='lat' dir='ltr'><strong>animus</strong></span> <span class='ocrx_word' id='word_1_73' title='bbox 587 1639 752 1714; x_wconf 73' lang='lat' dir='ltr'><strong>augeretur</strong></span> <span class='ocrx_word' id='word_1_74' title='bbox 781 1643 812 1697; x_wconf 89' lang='lat' dir='ltr'><strong>et</strong></span> <span class='ocrx_word' id='word_1_75' title='bbox 831 1639 946 1698; x_wconf 85' lang='lat' dir='ltr'><strong>Marius</strong></span> <span class='ocrx_word' id='word_1_76' title='bbox 969 1638 1075 1698; x_wconf 91' lang='lat' dir='ltr'><strong>consul</strong></span> <span class='ocrx_word' id='word_1_77' title='bbox 1101 1637 1200 1698; x_wconf 89' lang='lat' dir='ltr'><strong>lactus</strong></span> <span class='ocrx_word' id='word_1_78' title='bbox 1226 1657 1351 1718; x_wconf 84' lang='lat' dir='ltr'><strong>magnas</strong></span> 
     </span>
     <span class='ocr_line' id='line_1_10' title="bbox 145 1746 1350 1823; baseline 0.002 -19"><span class='ocrx_word' id='word_1_79' title='bbox 145 1746 212 1806; x_wconf 89' lang='lat' dir='ltr'><strong>illas</strong></span> <span class='ocrx_word' id='word_1_80' title='bbox 227 1746 402 1806; x_wconf 85' lang='lat' dir='ltr'><strong>nobilitatis</strong></span> <span class='ocrx_word' id='word_1_81' title='bbox 417 1762 492 1823; x_wconf 89' lang='lat' dir='ltr'><strong>opes</strong></span> <span class='ocrx_word' id='word_1_82' title='bbox 507 1747 672 1822; x_wconf 74' lang='lat' dir='ltr'><strong>frangeret,</strong></span> <span class='ocrx_word' id='word_1_83' title='bbox 694 1749 795 1822; x_wconf 85' lang='lat' dir='ltr'><strong>atquc,</strong></span> <span class='ocrx_word' id='word_1_84' title='bbox 815 1763 881 1806; x_wconf 87' lang='lat' dir='ltr'><strong>cum</strong></span> <span class='ocrx_word' id='word_1_85' title='bbox 898 1747 1036 1806; x_wconf 86' lang='lat' dir='ltr'><strong>homines</strong></span> <span class='ocrx_word' id='word_1_86' title='bbox 1050 1746 1273 1806; x_wconf 77' lang='lat' dir='ltr'><strong>adolescentuli</strong></span> <span class='ocrx_word' id='word_1_87' title='bbox 1296 1764 1350 1806; x_wconf 90' lang='lat' dir='ltr'><strong>se-</strong></span> 
     </span>
     <span class='ocr_line' id='line_1_11' title="bbox 146 1853 1351 1934; baseline 0.002 -23"><span class='ocrx_word' id='word_1_88' title='bbox 146 1861 243 1913; x_wconf 92' lang='lat' dir='ltr'><strong>natum</strong></span> <span class='ocrx_word' id='word_1_89' title='bbox 267 1853 457 1914; x_wconf 79' lang='lat' dir='ltr'><strong>criminando</strong></span> <span class='ocrx_word' id='word_1_90' title='bbox 480 1853 602 1931; x_wconf 89' lang='lat' dir='ltr'><strong>plebem</strong></span> <span class='ocrx_word' id='word_1_91' title='bbox 624 1855 844 1930; x_wconf 81' lang='lat' dir='ltr'><strong>exagitassent,</strong></span> <span class='ocrx_word' id='word_1_92' title='bbox 866 1855 937 1914; x_wconf 88' lang='lat' dir='ltr'><strong>dein</strong></span> <span class='ocrx_word' id='word_1_93' title='bbox 959 1854 1121 1933; x_wconf 81' lang='lat' dir='ltr'><strong>largiundo</strong></span> <span class='ocrx_word' id='word_1_94' title='bbox 1141 1859 1233 1930; x_wconf 90' lang='lat' dir='ltr'><strong>atque</strong></span> <span class='ocrx_word' id='word_1_95' title='bbox 1254 1855 1351 1934; x_wconf 91' lang='lat' dir='ltr'><strong>polli-</strong></span> 
     </span>
     <span class='ocr_line' id='line_1_12' title="bbox 146 1962 1352 2040; baseline 0.003 -22"><span class='ocrx_word' id='word_1_96' title='bbox 146 1962 269 2021; x_wconf 88' lang='lat' dir='ltr'><strong>citando</strong></span> <span class='ocrx_word' id='word_1_97' title='bbox 292 1964 390 2040; x_wconf 81' lang='lat' dir='ltr'><strong>magis</strong></span> <span class='ocrx_word' id='word_1_98' title='bbox 412 1963 627 2040; x_wconf 78' lang='lat' dir='ltr'><strong>incendissent,</strong></span> <span class='ocrx_word' id='word_1_99' title='bbox 650 1962 792 2022; x_wconf 82' lang='lat' dir='ltr'><strong>homines</strong></span> <span class='ocrx_word' id='word_1_100' title='bbox 814 1963 939 2022; x_wconf 86' lang='lat' dir='ltr'><strong>lactiosi</strong></span> <span class='ocrx_word' id='word_1_101' title='bbox 965 1963 1123 2023; x_wconf 91' lang='lat' dir='ltr'><strong>consilium</strong></span> <span class='ocrx_word' id='word_1_102' title='bbox 1146 1963 1352 2040; x_wconf 88' lang='lat' dir='ltr'><strong>opprimundae</strong></span> 
     </span>
     <span class='ocr_line' id='line_1_13' title="bbox 145 2070 1351 2149; baseline 0.002 -22"><span class='ocrx_word' id='word_1_103' title='bbox 145 2070 189 2128; x_wconf 90' lang='lat' dir='ltr'><strong>rei</strong></span> <span class='ocrx_word' id='word_1_104' title='bbox 214 2070 348 2147; x_wconf 73' lang='lat' dir='ltr'><strong>publica</strong></span> <span class='ocrx_word' id='word_1_105' title='bbox 376 2076 529 2149; x_wconf 85' lang='lat' dir='ltr'><strong>caperent</strong></span> <span class='ocrx_word' id='word_1_106' title='bbox 571 2070 664 2139; x_wconf 81' lang='lat' dir='ltr'><strong>Quam</strong></span> <span class='ocrx_word' id='word_1_107' title='bbox 692 2072 814 2146; x_wconf 90' lang='lat' dir='ltr'><strong>quidem</strong></span> <span class='ocrx_word' id='word_1_108' title='bbox 842 2073 1023 2131; x_wconf 88' lang='lat' dir='ltr'><strong>sententiam</strong></span> <span class='ocrx_word' id='word_1_109' title='bbox 1050 2073 1160 2146; x_wconf 89' lang='lat' dir='ltr'><strong>quanta</strong></span> <span class='ocrx_word' id='word_1_110' title='bbox 1183 2076 1249 2131; x_wconf 87' lang='lat' dir='ltr'><strong>arte</strong></span> <span class='ocrx_word' id='word_1_111' title='bbox 1276 2087 1351 2146; x_wconf 86' lang='lat' dir='ltr'><strong>per-</strong></span> 
     </span>
     <span class='ocr_line' id='line_1_14' title="bbox 145 2175 1352 2254; baseline -0.001 -20"><span class='ocrx_word' id='word_1_112' title='bbox 145 2181 267 2235; x_wconf 87' lang='lat' dir='ltr'><strong>secutus</strong></span> <span class='ocrx_word' id='word_1_113' title='bbox 289 2177 339 2250; x_wconf 90' lang='lat' dir='ltr'><strong>sit,</strong></span> <span class='ocrx_word' id='word_1_114' title='bbox 362 2175 500 2253; x_wconf 88' lang='lat' dir='ltr'><strong>pluribus</strong></span> <span class='ocrx_word' id='word_1_115' title='bbox 522 2193 679 2254; x_wconf 85' lang='lat' dir='ltr'><strong>exponere</strong></span> <span class='ocrx_word' id='word_1_116' title='bbox 700 2193 759 2236; x_wconf 93' lang='lat' dir='ltr'><strong>non</strong></span> <span class='ocrx_word' id='word_1_117' title='bbox 775 2178 893 2252; x_wconf 88' lang='lat' dir='ltr'><strong>attinet,</strong></span> <span class='ocrx_word' id='word_1_118' title='bbox 916 2177 972 2236; x_wconf 93' lang='lat' dir='ltr'><strong>sed</strong></span> <span class='ocrx_word' id='word_1_119' title='bbox 988 2178 1063 2236; x_wconf 90' lang='lat' dir='ltr'><strong>satis</strong></span> <span class='ocrx_word' id='word_1_120' title='bbox 1079 2175 1241 2236; x_wconf 86' lang='lat' dir='ltr'><strong>manifesto</strong></span> <span class='ocrx_word' id='word_1_121' title='bbox 1255 2176 1352 2235; x_wconf 85' lang='lat' dir='ltr'><strong>verba</strong></span> 
     </span>
     <span class='ocr_line' id='line_1_15' title="bbox 145 2281 1352 2364; baseline -0.002 -21"><span class='ocrx_word' id='word_1_122' title='bbox 145 2285 319 2359; x_wconf 87' lang='lat' dir='ltr'><strong>ostendunt,</strong></span> <span class='ocrx_word' id='word_1_123' title='bbox 341 2303 408 2359; x_wconf 85' lang='lat' dir='ltr'><strong>quae</strong></span> <span class='ocrx_word' id='word_1_124' title='bbox 429 2286 459 2344; x_wconf 93' lang='lat' dir='ltr'><strong>in</strong></span> <span class='ocrx_word' id='word_1_125' title='bbox 474 2303 500 2345; x_wconf 90' lang='lat' dir='ltr'><strong>c.</strong></span> <span class='ocrx_word' id='word_1_126' title='bbox 515 2304 543 2344; x_wconf 87' lang='lat' dir='ltr'><strong>v.</strong></span> <span class='ocrx_word' id='word_1_127' title='bbox 560 2286 715 2364; x_wconf 77' lang='lat' dir='ltr'><strong>leguntur:</strong></span> <span class='ocrx_word' id='word_1_128' title='bbox 738 2286 827 2360; x_wconf 84' lang='lat' dir='ltr'><strong>,quia</strong></span> <span class='ocrx_word' id='word_1_129' title='bbox 847 2289 916 2346; x_wconf 92' lang='lat' dir='ltr'><strong>tune</strong></span> <span class='ocrx_word' id='word_1_130' title='bbox 935 2284 1066 2364; x_wconf 90' lang='lat' dir='ltr'><strong>primum</strong></span> <span class='ocrx_word' id='word_1_131' title='bbox 1086 2283 1237 2361; x_wconf 88' lang='lat' dir='ltr'><strong>superbiae</strong></span> <span class='ocrx_word' id='word_1_132' title='bbox 1260 2281 1352 2341; x_wconf 89' lang='lat' dir='ltr'><strong>uobi-</strong></span> 
     </span>
     <span class='ocr_line' id='line_1_16' title="bbox 145 2389 1351 2466; baseline -0.002 -18"><span class='ocrx_word' id='word_1_133' title='bbox 145 2389 243 2450; x_wconf 88' lang='lat' dir='ltr'><strong>litatis</strong></span> <span class='ocrx_word' id='word_1_134' title='bbox 271 2392 393 2453; x_wconf 90' lang='lat' dir='ltr'><strong>obviarn</strong></span> <span class='ocrx_word' id='word_1_135' title='bbox 424 2393 498 2452; x_wconf 90' lang='lat' dir='ltr'><strong>itum</strong></span> <span class='ocrx_word' id='word_1_136' title='bbox 527 2398 588 2466; x_wconf 78' lang='lat' dir='ltr'><strong>est3</strong></span> <span class='ocrx_word' id='word_1_137' title='bbox 622 2409 689 2466; x_wconf 82' lang='lat' dir='ltr'><strong>quae</strong></span> <span class='ocrx_word' id='word_1_138' title='bbox 714 2391 869 2452; x_wconf 90' lang='lat' dir='ltr'><strong>eontentio</strong></span> <span class='ocrx_word' id='word_1_139' title='bbox 899 2391 1002 2450; x_wconf 88' lang='lat' dir='ltr'><strong>divina</strong></span> <span class='ocrx_word' id='word_1_140' title='bbox 1031 2395 1063 2450; x_wconf 91' lang='lat' dir='ltr'><strong>et</strong></span> <span class='ocrx_word' id='word_1_141' title='bbox 1090 2391 1221 2450; x_wconf 88' lang='lat' dir='ltr'><strong>humana</strong></span> <span class='ocrx_word' id='word_1_142' title='bbox 1242 2393 1351 2448; x_wconf 87' lang='lat' dir='ltr'><strong>cuncta</strong></span> 
     </span>
     <span class='ocr_line' id='line_1_17' title="bbox 146 2495 1351 2574; baseline -0.003 -18"><span class='ocrx_word' id='word_1_143' title='bbox 146 2499 325 2574; x_wconf 79' lang='lat' dir='ltr'><strong>permiscuit</strong></span> <span class='ocrx_word' id='word_1_144' title='bbox 351 2516 451 2574; x_wconf 88' lang='lat' dir='ltr'><strong>eoque</strong></span> <span class='ocrx_word' id='word_1_145' title='bbox 479 2498 633 2558; x_wconf 77' lang='lat' dir='ltr'><strong>vecordia</strong></span> <span class='ocrx_word' id='word_1_146' title='bbox 659 2498 822 2574; x_wconf 88' lang='lat' dir='ltr'><strong>prooessit,</strong></span> <span class='ocrx_word' id='word_1_147' title='bbox 856 2498 898 2557; x_wconf 87' lang='lat' dir='ltr'><strong>uti</strong></span> <span class='ocrx_word' id='word_1_148' title='bbox 918 2497 1040 2556; x_wconf 73' lang='lat' dir='ltr'><strong>studiis</strong></span> <span class='ocrx_word' id='word_1_149' title='bbox 1066 2497 1208 2556; x_wconf 85' lang='lat' dir='ltr'><strong>civilibus</strong></span> <span class='ocrx_word' id='word_1_150' title='bbox 1235 2495 1351 2554; x_wconf 92' lang='lat' dir='ltr'><strong>bellum</strong></span> 
     </span>
     <span class='ocr_line' id='line_1_18' title="bbox 148 2596 1354 2678; baseline -0.003 -16"><span class='ocrx_word' id='word_1_151' title='bbox 148 2607 239 2678; x_wconf 81' lang='lat' dir='ltr'><strong>atque</strong></span> <span class='ocrx_word' id='word_1_152' title='bbox 266 2603 399 2662; x_wconf 87' lang='lat' dir='ltr'><strong>vastitas</strong></span> <span class='ocrx_word' id='word_1_153' title='bbox 428 2603 525 2662; x_wconf 78' lang='lat' dir='ltr'><strong>ltaliae</strong></span> <span class='ocrx_word' id='word_1_154' title='bbox 552 2601 640 2662; x_wconf 89' lang='lat' dir='ltr'><strong>finem</strong></span> <span class='ocrx_word' id='word_1_155' title='bbox 667 2596 795 2662; x_wconf 86' lang='lat' dir='ltr'><strong>iocerit“</strong></span> <span class='ocrx_word' id='word_1_156' title='bbox 825 2605 856 2661; x_wconf 91' lang='lat' dir='ltr'><strong>et</strong></span> <span class='ocrx_word' id='word_1_157' title='bbox 882 2619 947 2678; x_wconf 84' lang='lat' dir='ltr'><strong>quae</strong></span> <span class='ocrx_word' id='word_1_158' title='bbox 975 2603 1005 2662; x_wconf 93' lang='lat' dir='ltr'><strong>in</strong></span> <span class='ocrx_word' id='word_1_159' title='bbox 1032 2601 1090 2660; x_wconf 91' lang='lat' dir='ltr'><strong>line</strong></span> <span class='ocrx_word' id='word_1_160' title='bbox 1111 2601 1267 2677; x_wconf 83' lang='lat' dir='ltr'><strong>leguntur:</strong></span> <span class='ocrx_word' id='word_1_161' title='bbox 1298 2616 1354 2675; x_wconf 81' lang='lat' dir='ltr'><strong>,aa</strong></span> 
     </span>
     <span class='ocr_line' id='line_1_19' title="bbox 149 2702 1197 2788; baseline -0.001 -19"><span class='ocrx_word' id='word_1_162' title='bbox 149 2713 332 2788; x_wconf 87' lang='lat' dir='ltr'><strong>tempestate</strong></span> <span class='ocrx_word' id='word_1_163' title='bbox 354 2727 427 2788; x_wconf 86' lang='lat' dir='ltr'><strong>spes</strong></span> <span class='ocrx_word' id='word_1_164' title='bbox 449 2716 541 2786; x_wconf 88' lang='lat' dir='ltr'><strong>atque</strong></span> <span class='ocrx_word' id='word_1_165' title='bbox 563 2727 639 2787; x_wconf 91' lang='lat' dir='ltr'><strong>opes</strong></span> <span class='ocrx_word' id='word_1_166' title='bbox 661 2709 796 2770; x_wconf 80' lang='lat' dir='ltr'><strong>civitatis</strong></span> <span class='ocrx_word' id='word_1_167' title='bbox 817 2711 849 2769; x_wconf 91' lang='lat' dir='ltr'><strong>in</strong></span> <span class='ocrx_word' id='word_1_168' title='bbox 870 2711 926 2770; x_wconf 91' lang='lat' dir='ltr'><strong>illo</strong></span> <span class='ocrx_word' id='word_1_169' title='bbox 948 2709 1078 2781; x_wconf 85' lang='lat' dir='ltr'><strong>(llario)</strong></span> <span class='ocrx_word' id='word_1_170' title='bbox 1101 2702 1197 2769; x_wconf 86' lang='lat' dir='ltr'><strong>sitae.“</strong></span> 
     </span>
    </p>

    <p class='ocr_par' dir='ltr' id='par_1_3' title="bbox 152 2815 1354 3094">
     <span class='ocr_line' id='line_1_20' title="bbox 247 2815 1354 2892; baseline -0.002 -17"><span class='ocrx_word' id='word_1_171' title='bbox 247 2817 320 2877; x_wconf 88' lang='lat' dir='ltr'><strong>Tum</strong></span> <span class='ocrx_word' id='word_1_172' title='bbox 340 2816 460 2877; x_wconf 86' lang='lat' dir='ltr'><strong>demum</strong></span> <span class='ocrx_word' id='word_1_173' title='bbox 481 2816 519 2876; x_wconf 91' lang='lat' dir='ltr'><strong>ad</strong></span> <span class='ocrx_word' id='word_1_174' title='bbox 541 2815 744 2877; x_wconf 86' lang='lat' dir='ltr'><strong>ilistoriarum</strong></span> <span class='ocrx_word' id='word_1_175' title='bbox 767 2817 862 2876; x_wconf 87' lang='lat' dir='ltr'><strong>libros</strong></span> <span class='ocrx_word' id='word_1_176' title='bbox 884 2818 1064 2877; x_wconf 87' lang='lat' dir='ltr'><strong>scribendos</strong></span> <span class='ocrx_word' id='word_1_177' title='bbox 1081 2817 1210 2876; x_wconf 89' lang='lat' dir='ltr'><strong>animum</strong></span> <span class='ocrx_word' id='word_1_178' title='bbox 1226 2815 1354 2892; x_wconf 87' lang='lat' dir='ltr'><strong>appulit,</strong></span> 
     </span>
     <span class='ocr_line' id='line_1_21' title="bbox 152 2927 1353 3005; baseline -0.001 -21"><span class='ocrx_word' id='word_1_179' title='bbox 152 2941 275 3000; x_wconf 84' lang='lat' dir='ltr'><strong>quorum</strong></span> <span class='ocrx_word' id='word_1_180' title='bbox 303 2927 448 2987; x_wconf 87' lang='lat' dir='ltr'><strong>ambitum</strong></span> <span class='ocrx_word' id='word_1_181' title='bbox 475 2928 630 2987; x_wconf 87' lang='lat' dir='ltr'><strong>Ausonius</strong></span> <span class='ocrx_word' id='word_1_182' title='bbox 657 2929 688 2988; x_wconf 95' lang='lat' dir='ltr'><strong>in</strong></span> <span class='ocrx_word' id='word_1_183' title='bbox 719 2928 915 3005; x_wconf 88' lang='lat' dir='ltr'><strong>Protreptico</strong></span> <span class='ocrx_word' id='word_1_184' title='bbox 942 2927 1080 3004; x_wconf 86' lang='lat' dir='ltr'><strong>Eidyllio</strong></span> <span class='ocrx_word' id='word_1_185' title='bbox 1104 2945 1143 2986; x_wconf 82' lang='grc' dir='ltr'><strong>ιν.</strong></span> <span class='ocrx_word' id='word_1_186' title='bbox 1166 2943 1211 2984; x_wconf 85' lang='lat' dir='ltr'><strong>vs.</strong></span> <span class='ocrx_word' id='word_1_187' title='bbox 1241 2927 1280 2985; x_wconf 86' lang='lat'><strong>6⁰</strong></span> <span class='ocrx_word' id='word_1_188' title='bbox 1308 2942 1353 2999; x_wconf 88' lang='lat' dir='ltr'><strong>sq.</strong></span> 
     </span>
     <span class='ocr_line' id='line_1_22' title="bbox 152 3031 832 3094; baseline 0.004 -3"><span class='ocrx_word' id='word_1_189' title='bbox 152 3031 180 3090; x_wconf 88' lang='lat' dir='ltr'><strong>iu</strong></span> <span class='ocrx_word' id='word_1_190' title='bbox 202 3034 376 3094; x_wconf 83' lang='lat' dir='ltr'><strong>universum</strong></span> <span class='ocrx_word' id='word_1_191' title='bbox 398 3035 445 3094; x_wconf 80' lang='lat' dir='ltr'><strong>bia</strong></span> <span class='ocrx_word' id='word_1_192' title='bbox 467 3035 575 3094; x_wconf 90' lang='lat' dir='ltr'><strong>verbis</strong></span> <span class='ocrx_word' id='word_1_193' title='bbox 597 3033 832 3094; x_wconf 85' lang='lat' dir='ltr'><strong>circumscribit:</strong></span> 
     </span>
    </p>

    <p class='ocr_par' dir='ltr' id='par_1_4' title="bbox 273 3139 1079 3535">
     <span class='ocr_line' id='line_1_23' title="bbox 273 3139 1065 3217; baseline 0 -19"><span class='ocrx_word' id='word_1_194' title='bbox 273 3141 334 3198; x_wconf 84' lang='lat' dir='ltr'><strong>lam</strong></span> <span class='ocrx_word' id='word_1_195' title='bbox 352 3141 472 3217; x_wconf 79' lang='lat' dir='ltr'><strong>[acinos</strong></span> <span class='ocrx_word' id='word_1_196' title='bbox 494 3141 619 3200; x_wconf 82' lang='lat' dir='ltr'><strong>Cutiliae</strong></span> <span class='ocrx_word' id='word_1_197' title='bbox 640 3147 717 3199; x_wconf 79' lang='lat' dir='ltr'><strong>tuero</strong></span> <span class='ocrx_word' id='word_1_198' title='bbox 738 3141 892 3217; x_wconf 82' lang='lat' dir='ltr'><strong>Lepidique</strong></span> <span class='ocrx_word' id='word_1_199' title='bbox 912 3139 1065 3214; x_wconf 77' lang='lat' dir='ltr'><strong>tumebam,</strong></span> 
     </span>
     <span class='ocr_line' id='line_1_24' title="bbox 273 3245 1079 3322; baseline 0.004 -19"><span class='ocrx_word' id='word_1_200' title='bbox 273 3245 315 3304; x_wconf 81' lang='lat' dir='ltr'><strong>Ab</strong></span> <span class='ocrx_word' id='word_1_201' title='bbox 338 3246 443 3320; x_wconf 84' lang='lat' dir='ltr'><strong>Lepido</strong></span> <span class='ocrx_word' id='word_1_202' title='bbox 466 3252 494 3305; x_wconf 86' lang='lat' dir='ltr'><strong>cl</strong></span> <span class='ocrx_word' id='word_1_203' title='bbox 514 3247 616 3306; x_wconf 82' lang='lat' dir='ltr'><strong>Catulo</strong></span> <span class='ocrx_word' id='word_1_204' title='bbox 641 3250 698 3304; x_wconf 83' lang='lat' dir='ltr'><strong>iam</strong></span> <span class='ocrx_word' id='word_1_205' title='bbox 719 3263 768 3304; x_wconf 83' lang='lat' dir='ltr'><strong>rec</strong></span> <span class='ocrx_word' id='word_1_206' title='bbox 789 3251 817 3304; x_wconf 86' lang='lat' dir='ltr'><strong>el</strong></span> <span class='ocrx_word' id='word_1_207' title='bbox 836 3252 963 3322; x_wconf 83' lang='lat' dir='ltr'><strong>ternpore</strong></span> <span class='ocrx_word' id='word_1_208' title='bbox 984 3246 1079 3306; x_wconf 80' lang='lat' dir='ltr'><strong>Rome</strong></span> 
     </span>
     <span class='ocr_line' id='line_1_25' title="bbox 274 3351 1028 3428; baseline 0.001 -18"><span class='ocrx_word' id='word_1_209' title='bbox 274 3351 370 3410; x_wconf 63' lang='lat' dir='ltr'><strong>&amp;aar</strong></span> <span class='ocrx_word' id='word_1_210' title='bbox 390 3351 434 3411; x_wconf 82' lang='lat' dir='ltr'><strong>dir</strong></span> <span class='ocrx_word' id='word_1_211' title='bbox 455 3369 542 3411; x_wconf 82' lang='lat' dir='ltr'><strong>aeaco</strong></span> <span class='ocrx_word' id='word_1_212' title='bbox 564 3355 668 3411; x_wconf 67' lang='lat' dir='ltr'><strong>semem</strong></span> <span class='ocrx_word' id='word_1_213' title='bbox 690 3359 827 3412; x_wconf 79' lang='lat' dir='ltr'><strong>consecto</strong></span> <span class='ocrx_word' id='word_1_214' title='bbox 844 3371 901 3428; x_wconf 85' lang='lat' dir='ltr'><strong>per</strong></span> <span class='ocrx_word' id='word_1_215' title='bbox 921 3369 1028 3427; x_wconf 83' lang='lat' dir='ltr'><strong>ooooa;</strong></span> 
     </span>
     <span class='ocr_line' id='line_1_26' title="bbox 273 3457 953 3535; baseline 0.003 -19"><span class='ocrx_word' id='word_1_216' title='bbox 273 3459 334 3516; x_wconf 85' lang='lat' dir='ltr'><strong>loru</strong></span> <span class='ocrx_word' id='word_1_217' title='bbox 355 3457 419 3535; x_wconf 76' lang='lat' dir='ltr'><strong>depo</strong></span> <span class='ocrx_word' id='word_1_218' title='bbox 439 3459 517 3518; x_wconf 81' lang='lat' dir='ltr'><strong>cicili</strong></span> <span class='ocrx_word' id='word_1_219' title='bbox 537 3462 649 3519; x_wconf 85' lang='lat' dir='ltr'><strong>mictum</strong></span> <span class='ocrx_word' id='word_1_220' title='bbox 669 3460 800 3518; x_wconf 79' lang='lat' dir='ltr'><strong>Mavorte</strong></span> <span class='ocrx_word' id='word_1_221' title='bbox 820 3459 953 3534; x_wconf 83' lang='lat' dir='ltr'><strong>duellum,</strong></span> 
     </span>
    </p>

    <p class='ocr_par' dir='ltr' id='par_1_5' title="bbox 278 3566 959 3643">
     <span class='ocr_line' id='line_1_27' title="bbox 278 3566 959 3643; baseline 0.001 -19"><span class='ocrx_word' id='word_1_222' title='bbox 278 3566 366 3624; x_wconf 80' lang='lat' dir='ltr'><strong>lloait</strong></span> <span class='ocrx_word' id='word_1_223' title='bbox 385 3566 464 3643; x_wconf 82' lang='lat' dir='ltr'><strong>puod</strong></span> <span class='ocrx_word' id='word_1_224' title='bbox 483 3570 563 3625; x_wconf 78' lang='lat' dir='ltr'><strong>cocio</strong></span> <span class='ocrx_word' id='word_1_225' title='bbox 584 3568 732 3627; x_wconf 77' lang='lat' dir='ltr'><strong>Sertorium</strong></span> <span class='ocrx_word' id='word_1_226' title='bbox 752 3567 959 3626; x_wconf 70' lang='lat' dir='ltr'><strong>euolutam.</strong></span> 
     </span>
    </p>

    <p class='ocr_par' dir='ltr' id='par_1_6' title="bbox 152 3670 1360 4812">
     <span class='ocr_line' id='line_1_28' title="bbox 234 3670 1356 3750; baseline 0.002 -20"><span class='ocrx_word' id='word_1_227' title='bbox 234 3671 296 3731; x_wconf 83' lang='lat' dir='ltr'><strong>Res</strong></span> <span class='ocrx_word' id='word_1_228' title='bbox 322 3671 415 3749; x_wconf 79' lang='lat' dir='ltr'><strong>igitur</strong></span> <span class='ocrx_word' id='word_1_229' title='bbox 436 3672 508 3732; x_wconf 89' lang='lat' dir='ltr'><strong>inde</strong></span> <span class='ocrx_word' id='word_1_230' title='bbox 529 3673 568 3732; x_wconf 91' lang='lat' dir='ltr'><strong>ab</strong></span> <span class='ocrx_word' id='word_1_231' title='bbox 597 3689 676 3732; x_wconf 92' lang='lat' dir='ltr'><strong>anuo</strong></span> <span class='ocrx_word' id='word_1_232' title='bbox 699 3670 857 3732; x_wconf 83' lang='lat' dir='ltr'><strong>Lxxvlll</strong></span> <span class='ocrx_word' id='word_1_233' title='bbox 879 3671 986 3733; x_wconf 82' lang='lat' dir='ltr'><strong>Catulo</strong></span> <span class='ocrx_word' id='word_1_234' title='bbox 1010 3671 1127 3750; x_wconf 81' lang='lat' dir='ltr'><strong>Lepido</strong></span> <span class='ocrx_word' id='word_1_235' title='bbox 1149 3671 1235 3732; x_wconf 85' lang='lat' dir='ltr'><strong>Coss.</strong></span> <span class='ocrx_word' id='word_1_236' title='bbox 1257 3689 1356 3748; x_wconf 84' lang='lat' dir='ltr'><strong>usque</strong></span> 
     </span>
     <span class='ocr_line' id='line_1_29' title="bbox 154 3775 1358 3857; baseline 0.004 -23"><span class='ocrx_word' id='word_1_237' title='bbox 154 3775 192 3834; x_wconf 88' lang='lat' dir='ltr'><strong>ad</strong></span> <span class='ocrx_word' id='word_1_238' title='bbox 214 3777 313 3852; x_wconf 78' lang='lat' dir='ltr'><strong>legem</strong></span> <span class='ocrx_word' id='word_1_239' title='bbox 336 3778 492 3838; x_wconf 83' lang='lat' dir='ltr'><strong>Maniliam</strong></span> <span class='ocrx_word' id='word_1_240' title='bbox 514 3795 540 3838; x_wconf 90' lang='lat' dir='ltr'><strong>a.</strong></span> <span class='ocrx_word' id='word_1_241' title='bbox 563 3777 675 3838; x_wconf 87' lang='lat' dir='ltr'><strong>LXVll</strong></span> <span class='ocrx_word' id='word_1_242' title='bbox 695 3778 846 3856; x_wconf 88' lang='lat' dir='ltr'><strong>perlatam</strong></span> <span class='ocrx_word' id='word_1_243' title='bbox 867 3787 897 3838; x_wconf 90' lang='lat' dir='ltr'><strong>et</strong></span> <span class='ocrx_word' id='word_1_244' title='bbox 910 3781 1049 3857; x_wconf 90' lang='lat' dir='ltr'><strong>Pompeii</strong></span> <span class='ocrx_word' id='word_1_245' title='bbox 1066 3779 1096 3838; x_wconf 92' lang='lat' dir='ltr'><strong>in</strong></span> <span class='ocrx_word' id='word_1_246' title='bbox 1112 3780 1218 3838; x_wconf 89' lang='lat' dir='ltr'><strong>Asiam</strong></span> <span class='ocrx_word' id='word_1_247' title='bbox 1240 3781 1358 3839; x_wconf 90' lang='lat' dir='ltr'><strong>adven·</strong></span> 
     </span>
     <span class='ocr_line' id='line_1_30' title="bbox 154 3882 1358 3962; baseline 0.004 -22"><span class='ocrx_word' id='word_1_248' title='bbox 154 3883 213 3940; x_wconf 89' lang='lat' dir='ltr'><strong>turn</strong></span> <span class='ocrx_word' id='word_1_249' title='bbox 234 3885 254 3942; x_wconf 85' lang='lat' dir='ltr'><strong>i.</strong></span> <span class='ocrx_word' id='word_1_250' title='bbox 273 3900 300 3942; x_wconf 93' lang='lat' dir='ltr'><strong>e.</strong></span> <span class='ocrx_word' id='word_1_251' title='bbox 315 3882 423 3962; x_wconf 90' lang='lat' dir='ltr'><strong>Lepidi</strong></span> <span class='ocrx_word' id='word_1_252' title='bbox 440 3885 593 3960; x_wconf 88' lang='lat' dir='ltr'><strong>tumultus,</strong></span> <span class='ocrx_word' id='word_1_253' title='bbox 610 3884 722 3944; x_wconf 89' lang='lat' dir='ltr'><strong>bellum</strong></span> <span class='ocrx_word' id='word_1_254' title='bbox 738 3884 955 3960; x_wconf 86' lang='lat' dir='ltr'><strong>Sertorianum,</strong></span> <span class='ocrx_word' id='word_1_255' title='bbox 981 3886 1105 3961; x_wconf 90' lang='lat' dir='ltr'><strong>servile,</strong></span> <span class='ocrx_word' id='word_1_256' title='bbox 1119 3885 1358 3946; x_wconf 81' lang='lat' dir='ltr'><strong>Mithridaticum</strong></span> 
     </span>
     <span class='ocr_line' id='line_1_31' title="bbox 154 3990 1360 4069; baseline 0.003 -22"><span class='ocrx_word' id='word_1_257' title='bbox 154 3990 275 4049; x_wconf 90' lang='lat' dir='ltr'><strong>tertium</strong></span> <span class='ocrx_word' id='word_1_258' title='bbox 307 3997 340 4050; x_wconf 93' lang='lat' dir='ltr'><strong>et</strong></span> <span class='ocrx_word' id='word_1_259' title='bbox 363 3991 534 4051; x_wconf 87' lang='lat' dir='ltr'><strong>seditiones</strong></span> <span class='ocrx_word' id='word_1_260' title='bbox 561 3991 731 4050; x_wconf 78' lang='lat' dir='ltr'><strong>tribuniciae</strong></span> <span class='ocrx_word' id='word_1_261' title='bbox 755 3993 936 4069; x_wconf 79' lang='lat' dir='ltr'><strong>perscriptae</strong></span> <span class='ocrx_word' id='word_1_262' title='bbox 957 3994 1051 4052; x_wconf 88' lang='lat' dir='ltr'><strong>erant.</strong></span> <span class='ocrx_word' id='word_1_263' title='bbox 1088 3991 1150 4051; x_wconf 89' lang='lat' dir='ltr'><strong>lem</strong></span> <span class='ocrx_word' id='word_1_264' title='bbox 1176 4009 1242 4068; x_wconf 84' lang='lat' dir='ltr'><strong>quae</strong></span> <span class='ocrx_word' id='word_1_265' title='bbox 1263 4009 1360 4068; x_wconf 92' lang='lat' dir='ltr'><strong>mens,</strong></span> 
     </span>
     <span class='ocr_line' id='line_1_32' title="bbox 154 4096 1358 4172; baseline 0.002 -18"><span class='ocrx_word' id='word_1_266' title='bbox 154 4097 235 4169; x_wconf 88' lang='lat' dir='ltr'><strong>quod</strong></span> <span class='ocrx_word' id='word_1_267' title='bbox 268 4097 429 4156; x_wconf 85' lang='lat' dir='ltr'><strong>consilium</strong></span> <span class='ocrx_word' id='word_1_268' title='bbox 452 4096 577 4158; x_wconf 84' lang='lat' dir='ltr'><strong>Salustii</strong></span> <span class='ocrx_word' id='word_1_269' title='bbox 606 4100 637 4158; x_wconf 93' lang='lat' dir='ltr'><strong>in</strong></span> <span class='ocrx_word' id='word_1_270' title='bbox 664 4097 723 4158; x_wconf 86' lang='lat' dir='ltr'><strong>boc</strong></span> <span class='ocrx_word' id='word_1_271' title='bbox 750 4098 831 4157; x_wconf 89' lang='lat' dir='ltr'><strong>libro</strong></span> <span class='ocrx_word' id='word_1_272' title='bbox 858 4098 1021 4158; x_wconf 90' lang='lat' dir='ltr'><strong>scribendo</strong></span> <span class='ocrx_word' id='word_1_273' title='bbox 1048 4096 1151 4172; x_wconf 82' lang='lat' dir='ltr'><strong>luerit,</strong></span> <span class='ocrx_word' id='word_1_274' title='bbox 1183 4099 1275 4159; x_wconf 87' lang='lat' dir='ltr'><strong>lacile</strong></span> <span class='ocrx_word' id='word_1_275' title='bbox 1297 4098 1358 4157; x_wconf 91' lang='lat' dir='ltr'><strong>iam</strong></span> 
     </span>
     <span class='ocr_line' id='line_1_33' title="bbox 154 4203 1359 4282; baseline 0.003 -22"><span class='ocrx_word' id='word_1_276' title='bbox 154 4217 192 4261; x_wconf 85' lang='lat' dir='ltr'><strong>ex</strong></span> <span class='ocrx_word' id='word_1_277' title='bbox 211 4203 282 4280; x_wconf 90' lang='lat' dir='ltr'><strong>ipso</strong></span> <span class='ocrx_word' id='word_1_278' title='bbox 306 4209 485 4282; x_wconf 80' lang='lat' dir='ltr'><strong>argumento</strong></span> <span class='ocrx_word' id='word_1_279' title='bbox 507 4206 713 4282; x_wconf 89' lang='lat' dir='ltr'><strong>exputaveris.</strong></span> <span class='ocrx_word' id='word_1_280' title='bbox 757 4204 829 4264; x_wconf 82' lang='lat' dir='ltr'><strong>Cum</strong></span> <span class='ocrx_word' id='word_1_281' title='bbox 860 4206 938 4264; x_wconf 91' lang='lat' dir='ltr'><strong>enim</strong></span> <span class='ocrx_word' id='word_1_282' title='bbox 965 4205 1170 4265; x_wconf 87' lang='lat' dir='ltr'><strong>dominatione</strong></span> <span class='ocrx_word' id='word_1_283' title='bbox 1192 4205 1285 4265; x_wconf 82' lang='lat' dir='ltr'><strong>Sulloe</strong></span> <span class='ocrx_word' id='word_1_284' title='bbox 1309 4205 1359 4264; x_wconf 88' lang='lat' dir='ltr'><strong>le-</strong></span> 
     </span>
     <span class='ocr_line' id='line_1_34' title="bbox 152 4301 1358 4390; baseline 0.002 -21"><span class='ocrx_word' id='word_1_285' title='bbox 152 4309 307 4386; x_wconf 75' lang='lat' dir='ltr'><strong>gibusque</strong></span> <span class='ocrx_word' id='word_1_286' title='bbox 328 4312 368 4370; x_wconf 87' lang='lat' dir='ltr'><strong>ab</strong></span> <span class='ocrx_word' id='word_1_287' title='bbox 391 4328 429 4371; x_wconf 91' lang='lat' dir='ltr'><strong>eo</strong></span> <span class='ocrx_word' id='word_1_288' title='bbox 451 4311 524 4371; x_wconf 88' lang='lat' dir='ltr'><strong>latis</strong></span> <span class='ocrx_word' id='word_1_289' title='bbox 545 4301 717 4372; x_wconf 88' lang='lat' dir='ltr'><strong>nobilitatis</strong></span> <span class='ocrx_word' id='word_1_290' title='bbox 738 4329 814 4389; x_wconf 87' lang='lat' dir='ltr'><strong>opes</strong></span> <span class='ocrx_word' id='word_1_291' title='bbox 835 4311 985 4372; x_wconf 75' lang='lat' dir='ltr'><strong>restitute</strong></span> <span class='ocrx_word' id='word_1_292' title='bbox 999 4314 1092 4388; x_wconf 88' lang='lat' dir='ltr'><strong>atque</strong></span> <span class='ocrx_word' id='word_1_293' title='bbox 1106 4313 1194 4390; x_wconf 90' lang='lat' dir='ltr'><strong>plebs</strong></span> <span class='ocrx_word' id='word_1_294' title='bbox 1210 4329 1358 4390; x_wconf 87' lang='lat' dir='ltr'><strong>oppressa</strong></span> 
     </span>
     <span class='ocr_line' id='line_1_35' title="bbox 152 4416 1360 4494; baseline 0.003 -20"><span class='ocrx_word' id='word_1_295' title='bbox 152 4431 224 4476; x_wconf 86' lang='lat' dir='ltr'><strong>csse</strong></span> <span class='ocrx_word' id='word_1_296' title='bbox 247 4416 416 4492; x_wconf 89' lang='lat' dir='ltr'><strong>videretur,</strong></span> <span class='ocrx_word' id='word_1_297' title='bbox 447 4418 554 4477; x_wconf 90' lang='lat' dir='ltr'><strong>docuit</strong></span> <span class='ocrx_word' id='word_1_298' title='bbox 580 4419 732 4493; x_wconf 88' lang='lat' dir='ltr'><strong>quomodo</strong></span> <span class='ocrx_word' id='word_1_299' title='bbox 760 4421 791 4477; x_wconf 92' lang='lat' dir='ltr'><strong>et</strong></span> <span class='ocrx_word' id='word_1_300' title='bbox 817 4419 909 4478; x_wconf 91' lang='lat' dir='ltr'><strong>bellis</strong></span> <span class='ocrx_word' id='word_1_301' title='bbox 932 4419 1076 4479; x_wconf 90' lang='lat' dir='ltr'><strong>civilibus</strong></span> <span class='ocrx_word' id='word_1_302' title='bbox 1097 4423 1189 4494; x_wconf 83' lang='lat' dir='ltr'><strong>atque</strong></span> <span class='ocrx_word' id='word_1_303' title='bbox 1210 4418 1360 4480; x_wconf 86' lang='lat' dir='ltr'><strong>domesti-</strong></span> 
     </span>
     <span class='ocr_line' id='line_1_36' title="bbox 153 4522 1359 4601; baseline 0.002 -21"><span class='ocrx_word' id='word_1_304' title='bbox 153 4522 198 4581; x_wconf 89' lang='lat' dir='ltr'><strong>cis</strong></span> <span class='ocrx_word' id='word_1_305' title='bbox 219 4527 251 4582; x_wconf 90' lang='lat' dir='ltr'><strong>et</strong></span> <span class='ocrx_word' id='word_1_306' title='bbox 272 4522 477 4582; x_wconf 88' lang='lat' dir='ltr'><strong>seditionibus</strong></span> <span class='ocrx_word' id='word_1_307' title='bbox 498 4524 671 4585; x_wconf 90' lang='lat' dir='ltr'><strong>tribuniciis</strong></span> <span class='ocrx_word' id='word_1_308' title='bbox 693 4523 741 4582; x_wconf 89' lang='lat' dir='ltr'><strong>vis</strong></span> <span class='ocrx_word' id='word_1_309' title='bbox 763 4525 933 4584; x_wconf 88' lang='lat' dir='ltr'><strong>nobilitatis</strong></span> <span class='ocrx_word' id='word_1_310' title='bbox 955 4525 1056 4585; x_wconf 87' lang='lat' dir='ltr'><strong>lraota</strong></span> <span class='ocrx_word' id='word_1_311' title='bbox 1077 4527 1109 4584; x_wconf 92' lang='lat' dir='ltr'><strong>et</strong></span> <span class='ocrx_word' id='word_1_312' title='bbox 1125 4525 1285 4584; x_wconf 87' lang='lat' dir='ltr'><strong>tribunicia</strong></span> <span class='ocrx_word' id='word_1_313' title='bbox 1299 4541 1359 4601; x_wconf 90' lang='lat' dir='ltr'><strong>po-</strong></span> 
     </span>
     <span class='ocr_line' id='line_1_37' title="bbox 153 4621 1359 4707; baseline 0 -19"><span class='ocrx_word' id='word_1_314' title='bbox 153 4631 269 4690; x_wconf 85' lang='lat' dir='ltr'><strong>testate</strong></span> <span class='ocrx_word' id='word_1_315' title='bbox 290 4630 436 4689; x_wconf 85' lang='lat' dir='ltr'><strong>restituta</strong></span> <span class='ocrx_word' id='word_1_316' title='bbox 459 4647 573 4689; x_wconf 91' lang='lat' dir='ltr'><strong>summa</strong></span> <span class='ocrx_word' id='word_1_317' title='bbox 598 4647 701 4692; x_wconf 89' lang='lat' dir='ltr'><strong>rerum</strong></span> <span class='ocrx_word' id='word_1_318' title='bbox 722 4630 762 4688; x_wconf 87' lang='lat' dir='ltr'><strong>ad</strong></span> <span class='ocrx_word' id='word_1_319' title='bbox 783 4621 927 4707; x_wconf 90' lang='lat' dir='ltr'><strong>populum</strong></span> <span class='ocrx_word' id='word_1_320' title='bbox 955 4631 1104 4690; x_wconf 86' lang='lat' dir='ltr'><strong>translata</strong></span> <span class='ocrx_word' id='word_1_321' title='bbox 1127 4631 1168 4690; x_wconf 90' lang='lat' dir='ltr'><strong>sit</strong></span> <span class='ocrx_word' id='word_1_322' title='bbox 1218 4629 1359 4691; x_wconf 84' lang='lat' dir='ltr'><strong>Ceterum</strong></span> 
     </span>
     <span class='ocr_line' id='line_1_38' title="bbox 154 4736 1360 4812; baseline -0.001 -16"><span class='ocrx_word' id='word_1_323' title='bbox 154 4737 231 4796; x_wconf 86' lang='lat' dir='ltr'><strong>satis</strong></span> <span class='ocrx_word' id='word_1_324' title='bbox 259 4741 310 4796; x_wconf 88' lang='lat' dir='ltr'><strong>est</strong></span> <span class='ocrx_word' id='word_1_325' title='bbox 338 4736 501 4812; x_wconf 89' lang='lat' dir='ltr'><strong>probabile</strong></span> <span class='ocrx_word' id='word_1_326' title='bbox 522 4736 689 4797; x_wconf 89' lang='lat' dir='ltr'><strong>Salustium</strong></span> <span class='ocrx_word' id='word_1_327' title='bbox 711 4753 769 4796; x_wconf 90' lang='lat' dir='ltr'><strong>uon</strong></span> <span class='ocrx_word' id='word_1_328' title='bbox 794 4737 884 4796; x_wconf 91' lang='lat' dir='ltr'><strong>modo</strong></span> <span class='ocrx_word' id='word_1_329' title='bbox 909 4737 1081 4812; x_wconf 81' lang='lat' dir='ltr'><strong>argumenti</strong></span> <span class='ocrx_word' id='word_1_330' title='bbox 1112 4737 1274 4812; x_wconf 84' lang='lat' dir='ltr'><strong>gravitate,</strong></span> <span class='ocrx_word' id='word_1_331' title='bbox 1304 4737 1360 4795; x_wconf 87' lang='lat' dir='ltr'><strong>sed</strong></span> 
     </span>
    </p>
   </div>
   <div class='ocr_carea' id='block_1_3' title="bbox 0 0 1815 5592">
    <p class='ocr_par' dir='ltr' id='par_1_7' title="bbox 0 0 1815 5592">
     <span class='ocr_line' id='line_1_39' title="bbox 0 0 1815 5592; baseline 0 0"><span class='ocrx_word' id='word_1_332' title='bbox 0 0 1815 5592; x_wconf 95' lang='lat' dir='ltr'><strong> </strong></span> 
     </span>
    </p>
   </div>
  </div>
 </body>
</html>
