3554 5600
1266 657 1333 727 189

124 855 215 924 tectis
241 814 436 924 honstitutos
463 855 590 925 eadem
616 856 708 948 leges
734 867 834 948 atque
860 857 976 928 eadem
1005 857 1134 927 vivendi
1153 857 1236 927 ratio
1253 879 1336 927 con-

124 978 301 1048 tinuisset?
335 979 416 1071 quid
442 979 587 1073 deniqne
614 990 720 1074 potest
745 980 989 1051 intolerabilius
1014 982 1209 1063 existimari,
1235 1004 1335 1075 quam

126 1103 249 1172 inferre
284 1103 433 1174 delubris
458 1105 608 1174 Deorum
640 1104 878 1175 immortalium
914 1127 953 1174 ao
980 1104 1189 1176 facultatibus
1215 1107 1335 1176 nostris

125 1225 219 1296 illinc
246 1229 425 1298 sceleratas
451 1229 555 1310 faces,
595 1228 675 1299 binc
708 1228 939 1299 acerbissimas
969 1230 1213 1322 expilationes?
1253 1233 1336 1301 flaec

125 1351 180 1443 qui
208 1361 421 1430 curaverunt,
461 1350 599 1432 indices,
633 1363 690 1422 aut
715 1352 773 1444 qni
809 1363 1028 1435 tentaverunt,
1067 1377 1237 1447 nunquam
1272 1377 1336 1444 ego

125 1479 255 1548 alienos
272 1477 314 1547 ab
337 1475 484 1546 hostibus
510 1488 568 1546 aut
591 1476 769 1547 dissimiles
789 1478 908 1548 feritati
927 1479 1106 1550 bestiarum
1125 1479 1335 1550 existimabo.

200 1625 259 1672 xv.
311 1600 462 1671 Vidimus
488 1600 530 1670 de
556 1623 615 1693 spe
640 1600 836 1696 perficiendi
862 1603 981 1676 nefarii
1008 1605 1184 1674 facinoris:
1217 1603 1337 1675 video·

126 1727 206 1796 dum
232 1736 282 1794 est
309 1725 350 1795 de
376 1723 463 1806 loco,
502 1745 604 1817 qnam
630 1725 792 1795 latebram
828 1726 1130 1797 commodissimam
1156 1738 1188 1797 et
1213 1726 1336 1797 tutissi-

125 1873 217 1921 mam
243 1848 401 1940 egregins
426 1847 546 1917 artilex
572 1846 708 1938 delegit,
747 1869 822 1917 cnm
855 1848 1068 1940 contegenda
1102 1850 1337 1944 conspirationi

125 1997 208 2056 sne,
243 1985 313 2044 tum
339 1972 441 2043 armis
466 1972 622 2043 omnibns
654 1971 725 2042 eius
758 1971 891 2041 artificii
917 1971 1253 2065 comprehendendis:
1294 1997 1336 2044 ne

127 2099 239 2168 forsan
272 2108 399 2166 temere
432 2093 569 2166 domum
602 2095 800 2164 nobilissimi
834 2096 915 2164 civis
948 2105 1047 2190 atque
1081 2098 1335 2190 opulentissimi,

126 2226 171 2295 ll.
201 2225 307 2294 nece
333 2220 497 2290 delectam
518 2241 589 2289 esse
616 2219 778 2290 iudicetis.
821 2219 970 2291 Primum
994 2220 1094 2292 bomo
1116 2222 1263 2294 delectus
1289 2233 1338 2294 est

126 2346 318 2418 huiusmodi
344 2344 480 2415 nefariis
507 2342 741 2436 cupiditatibus
767 2340 890 2422 affinis,
924 2365 991 2435 quo
1024 2345 1180 2438 participe
1206 2368 1337 2439 semper

127 2495 206 2544 usus
232 2473 339 2542 fuerat
363 2467 581 2540 consiliorum
607 2487 755 2547 suornm,
782 2466 933 2536 adiutore
955 2468 1196 2540 teterrimarum
1224 2469 1337 2542 libidi-

127 2621 221 2680 num,
256 2597 348 2670 socio
373 2594 599 2665 maximorum
624 2591 862 2685 periculorum,
898 2593 952 2663 cui
978 2605 1123 2686 spectato
1148 2595 1338 2686 frequenter

127 2726 162 2794 in
189 2721 397 2794 difficillimis
422 2718 534 2800 rebus,
560 2738 724 2787 summam
746 2715 934 2786 huiusmodi
951 2717 1150 2787 atrocissimi
1172 2719 1252 2789 mali
1268 2731 1338 2791 tuto

127 2847 286 2918 committi
319 2867 414 2940 posse
449 2840 606 2914 facillime
639 2841 701 2911 sibi
732 2839 963 2933 pollicebatur.
1005 2843 1171 2914 Praeterea
1200 2843 1337 2915 domum

126 2973 191 3044 sibi
217 2967 432 3060 deligendam
459 2985 530 3036 esse
556 2964 725 3034 iudicabat
750 2963 929 3034 solitudine
954 2965 1104 3037 locorum
1126 2967 1289 3040 desertam
1306 2981 1339 3040 et

128 3101 171 3170 ab
196 3095 291 3168 omni
318 3090 507 3185 frequentia
525 3089 679 3183 populari
695 3089 962 3170 remotissimam,
988 3113 1063 3184 quae
1089 3092 1216 3164 scilicet
1240 3115 1338 3164 voces

127 3221 368 3294 coniurationis
399 3217 559 3289 tutissime
590 3217 759 3286 continere
787 3227 907 3308 posset.
964 3216 1111 3313 Contulit
1140 3219 1241 3311 igitur
1265 3243 1337 3290 sese

129 3349 160 3418 in
186 3347 295 3440 ipsam
329 3346 375 3414 Μ.
405 3346 511 3413 Laeeae
547 3339 698 3418 domurn,
737 3347 898 3408 remotam
933 3338 975 3408 ab
1009 3341 1100 3410 omni
1133 3342 1337 3424 celebritate,

129 3471 349 3564 constipatam
376 3464 591 3537 multitudine
624 3462 876 3534 arbuscularum
908 3475 940 3532 et
964 3463 1006 3532 ab
1032 3466 1123 3535 omni
1149 3467 1338 3560 suspicione

129 3595 292 3691 prodendi
318 3591 474 3664 facinoris
508 3611 573 3658 non
607 3587 819 3656 mediocriter
849 3587 1096 3659 abhorrentem.
1141 3591 1234 3675 Quos
1258 3617 1338 3664 vero

130 3719 306 3793 tetenderit
330 3717 375 3786 ibi
402 3713 639 3786 coniurationis
658 3713 805 3804 laqueos,
833 3721 890 3781 aut
911 3734 994 3804 quas
1020 3725 1152 3785 catenas
1173 3718 1338 3790 scelerum

129 3844 324 3917 conflaverit
348 3840 443 3910 nobis
468 3862 507 3909 ac
534 3835 743 3908 facultatibus
769 3835 900 3914 nostris,
928 3838 1152 3910 Saturnalium
1178 3841 1250 3912 dies
1275 3865 1339 3935 pa-

130 3971 289 4041 tefactura
308 3967 426 4048 brerat,
452 3962 516 4033 nisi
533 3961 677 4056 primum
696 3960 900 4051 benignitate
919 3963 1067 4032 Deorum
1089 3963 1338 4049 immortalium,

130 4094 251 4164 deinde
277 4089 452 4182 vigilantia
476 4085 641 4157 consulari
668 4084 803 4155 nefarie
825 4084 901 4152 sieae
927 4084 967 4154 de
993 4086 1147 4157 manibus
1172 4089 1338 4161 latronum

130 4217 341 4290 excidissent.
384 4211 500 4283 Nullas
517 4209 659 4302 amplius
669 4207 853 4278 tendiculas
867 4208 1136 4300 pertimescamus
1148 4211 1340 4284 abexecra·

130 4341 189 4412 bili
199 4348 363 4417 mousom
377 4335 487 4406 nullas
497 4332 632 4403 insidias
642 4331 684 4402 ab
695 4330 788 4400 hoste
798 4331 982 4400 teterrimo:
994 4340 1123 4402 tenetur
1135 4333 1217 4414 fera,
1228 4357 1300 4415 000,
1310 4337 1339 4406 si

130 4465 190 4536 riri
198 4456 658 4544 estis,declinaturaesttelum
667 4455 1337 4548 ipsumsaerosanctaevestraeauetoritatis.

179 4611 250 4658 xvi.
305 4588 395 4657 Neve
412 4582 557 4654 Catilina
581 4580 720 4661 nescias,
747 4578 1017 4672 vigilantissimos
1041 4581 1191 4650 consules
1213 4581 1338 4654 habere

131 4709 403 4805 rempublicam,
431 4717 474 4788 te,
501 4727 701 4798 quocunque
721 4703 863 4783 veneris,
892 4725 1093 4794 quocunque
1110 4705 1242 4786 abieris,
1260 4707 1340 4776 dili-
