3582 5594
1312 623 1380 726 itio

175 825 355 918 apocritia
380 833 569 895 consuetam
591 823 744 927 duritiam
767 823 893 906 etalio,
921 846 995 915 quae
1022 822 1122 891 ceteri
1148 822 1296 891 miserias
1323 845 1382 892 vo-

174 961 263 1032 cant,
298 949 457 1042 voluptati
483 947 663 1018 habuisset.
714 948 785 1019 Nisi
810 957 921 1018 tamma
947 946 1156 1040 respublica
1185 945 1308 1038 pariter
1342 969 1382 1014 ac

175 1073 369 1146 carissumo
394 1073 533 1166 imperio
558 1071 645 1142 bene
670 1082 771 1164 atque
797 1071 916 1143 decore
942 1080 1044 1164 gesta.

249 1219 296 1270 ct.
344 1197 451 1290 Igitur
466 1207 584 1289 quarto
606 1195 752 1288 denique
769 1195 824 1267 die
849 1193 940 1264 haud
964 1195 1064 1285 louge
1089 1195 1132 1264 ab
1153 1193 1274 1288 oppido
1292 1195 1382 1266 Cirta

174 1321 325 1414 undique
349 1297 455 1390 simul
474 1319 696 1412 speculatores
721 1318 779 1389 citi
803 1340 876 1387 sese
901 1317 1095 1399 ostendunt;
1126 1339 1193 1409 qua
1217 1341 1254 1388 re
1280 1317 1381 1388 hostis

174 1445 294 1516 adesse
326 1443 533 1536 intelligitur.
584 1443 650 1514 Sed
676 1443 755 1536 quia
780 1443 905 1512 divorsi
929 1443 1104 1514 redeuutes
1133 1443 1218 1514 alius
1247 1443 1289 1513 ab
1315 1442 1382 1512 alia

174 1579 270 1663 parte
296 1580 397 1661 atque
421 1590 537 1638 omnes
568 1567 657 1638 idem
687 1567 930 1660 significabant,
966 1569 1079 1639 consul
1106 1567 1261 1650 incertus,
1296 1590 1381 1660 quo-

174 1718 256 1766 nam
282 1694 381 1765 modo
395 1693 503 1764 aciem
524 1693 711 1776 instrueret,
737 1695 832 1764 nullo
851 1694 968 1765 ordine
983 1703 1185 1765 commutato
1206 1694 1380 1764 advorsum

175 1819 291 1890 omnia
316 1829 449 1912 paratus
475 1816 600 1889 ibidem
626 1819 808 1912 opperitur.
861 1821 907 1890 lta
920 1818 1089 1912 Iugurthae
1115 1841 1190 1913 spes
1217 1819 1381 1900 frustrata,

176 1945 235 2037 qui
270 1944 382 2036 copias
416 1943 451 2012 in
482 1953 625 2038 quatuor
657 1955 767 2038 partes
802 1943 1013 2038 distribuerat
1043 1953 1132 2016 ratus
1162 1967 1204 2013 ex
1228 1943 1381 2013 omnibus

177 2091 275 2162 aeque
300 2069 430 2162 aliquos
455 2069 496 2140 ab
518 2080 610 2161 tergo
628 2068 776 2139 hostibus
793 2080 958 2140 venturos.
996 2071 1132 2140 Interim
1151 2069 1254 2150 Sulla,
1281 2090 1380 2162 quem

177 2193 325 2286 primum
349 2191 460 2262 bostes
485 2191 674 2286 attigerant,
712 2191 900 2262 cohortatus
925 2215 1001 2263 suos
1026 2193 1193 2262 turmatim
1223 2203 1256 2262 et
1280 2215 1380 2284 quam

177 2339 335 2387 maxume
361 2317 517 2388 confertis
543 2316 637 2409 equis
661 2317 732 2410 ipse
758 2316 880 2410 aliique
906 2319 1038 2388 Mauros
1063 2316 1241 2396 invadunt;
1280 2319 1381 2387 ceteri

178 2442 213 2510 in
239 2441 315 2512 loco
341 2451 511 2511 manentes
536 2441 579 2512 ab
606 2439 722 2510 iaculis
748 2441 878 2512 eminus
897 2440 1024 2510 emissis
1045 2463 1182 2533 corpora
1199 2449 1313 2533 tegere
1338 2451 1380 2526 et,

178 2567 207 2636 si
233 2567 292 2658 qui
319 2566 354 2636 in
379 2587 496 2636 manus
521 2575 692 2646 venerant,
716 2565 925 2636 obtruncare.
965 2567 1053 2636 Dum
1075 2566 1234 2637 eomodo
1255 2567 1382 2660 equites

179 2689 385 2782 preliantur,
411 2688 563 2760 bocchus
584 2712 660 2760 cum
681 2688 859 2782 peditibus,
887 2712 969 2783 quos
984 2691 1093 2760 Volux
1119 2689 1207 2762 filius
1233 2693 1304 2763 eius
1321 2693 1381 2764 ad-

180 2815 342 2924 duxerag
359 2809 482 2910 (neque
503 2816 538 2886 in
563 2816 675 2910 priore
700 2838 813 2909 pugna
839 2817 872 2886 in
899 2816 1017 2886 itinere
1042 2818 1160 2888 morati
1186 2813 1381 2907 adlueranh)

180 2949 381 3034 postremam
407 2940 631 3009 Romanorum
666 2937 770 3009 aciem
804 2938 974 3009 invadunt.
1024 2940 1109 3010 Tum
1139 2941 1262 3012 Marius
1295 2939 1382 3034 apud

180 3063 304 3156 primos
322 3062 454 3154 agebat,
480 3060 569 3156 quod
596 3061 642 3132 ibi
667 3060 828 3154 Iugurtha
854 3085 930 3133 cum
956 3063 1108 3156 plurimis
1133 3075 1213 3134 erat.
1252 3062 1383 3135 Dehine

178 3184 338 3268 Numida,
363 3185 497 3277 cognito
522 3183 646 3255 Bocchi
667 3184 819 3267 adventu,
846 3186 932 3257 clam
954 3208 1031 3257 cum
1056 3187 1171 3279 paucis
1196 3185 1237 3256 ad
1258 3187 1383 3281 pedites

180 3309 363 3390 convortit3
398 3307 444 3379 ibi
470 3307 587 3380 Latine
618 3301 708 3398 (uam
734 3309 822 3403 apud
847 3309 1060 3380 Numantiam
1087 3309 1178 3404 loqui
1211 3305 1384 3399 didicerat)

180 3437 366 3506 exclamat:
408 3443 560 3504 «nostros
584 3433 705 3504 frustra
730 3455 890 3527 pugnare,
928 3437 1029 3529 paulo
1055 3445 1132 3506 aute
1156 3436 1300 3507 Marium
1326 3455 1384 3504 sua

181 3583 285 3630 mauu
302 3559 554 3639 interfectum»
578 3558 678 3628 simul
695 3558 843 3650 gladium
860 3561 1024 3651 sanguiue
1042 3560 1180 3632 oblitum
1200 3560 1383 3643 ostendere,

180 3709 282 3779 quern
301 3687 337 3756 in
358 3707 471 3778 pugna
496 3684 584 3762 sotis.
599 3684 730 3778 inpigre
755 3685 864 3755 occiso
885 3685 995 3778 pedite
1015 3697 1128 3756 nostro
1144 3697 1384 3756 cruentaverat.

182 3810 282 3894 Quod
315 3811 374 3882 ubi
405 3811 527 3882 milites
560 3835 733 3904 accepere,
768 3812 874 3903 magis
905 3806 1073 3881 atrocitate
1103 3812 1154 3881 rei
1186 3833 1286 3904 quam
1320 3811 1386 3882 lide

182 3936 291 4006 nuntii
322 3945 498 4018 terrentur,
532 3935 697 4028 simulque
725 3935 858 4006 barbari
888 3936 1016 4006 animos
1046 3937 1162 4006 tollere
1191 3947 1224 4006 et
1249 3936 1283 4005 iu
1307 3959 1386 4028 per-

183 4061 295 4130 culsos
326 4060 494 4130 Romanos
529 4060 638 4130 acrius
671 4059 838 4129 incedere.
894 4061 1030 4153 lamque
1071 4061 1208 4152 paulum
1246 4081 1265 4128 a
1308 4059 1386 4148 suga

185 4181 336 4265 aberant.
369 4205 445 4253 cum
471 4183 564 4253 Sulla
589 4181 774 4276 profligatis
800 4181 863 4263 his,
899 4205 982 4276 quos
1008 4183 1182 4254 advorsum
1208 4185 1301 4266 ierat,
1331 4207 1388 4254 re·-

184 4307 280 4378 diens
313 4307 356 4378 ab
393 4309 495 4378 latere
525 4307 651 4380 Mauris
685 4308 834 4377 incurrit.
891 4307 1041 4379 bocchus
1075 4308 1182 4378 statim
1218 4308 1386 4379 avertitur.

186 4433 230 4502 m
253 4429 425 4524 Iugurtha,
451 4431 531 4501 dum
557 4439 738 4502 sustentare
763 4453 839 4500 suos
865 4441 898 4499 et
921 4453 1025 4524 prope
1051 4431 1117 4501 iam
1143 4429 1294 4522 adeptam
1317 4432 1388 4502 vic-

188 4555 305 4627 toriam
341 4557 486 4628 retinere
513 4556 613 4648 eupit,
655 4555 899 4626 circumventus
931 4578 949 4625 a
984 4555 1160 4648 equitibus,
1203 4554 1317 4624 dextra
1342 4555 1389 4624 si-

188 4679 289 4749 nistra
315 4679 469 4749 omnibus
503 4679 631 4760 occisis,
677 4679 765 4748 solus
799 4679 884 4748 inter
919 4679 984 4749 tela
1018 4678 1161 4748 hostium
1194 4679 1389 4750 vitabundus
