3662 5594
436 611 505 682 1³6

434 835 507 882 sum
533 811 645 882 divina
670 820 703 882 et
726 810 873 882 bumana
896 810 1006 882 omnia
1032 810 1129 903 cepit,
1154 831 1221 880 non
1242 833 1304 904 prn
1328 831 1388 880 sna
1412 819 1468 881 aut
1487 833 1622 906 qnorum

435 939 567 1009 simulat
591 938 725 1020 iniuria,
760 938 818 1008 sed
843 939 956 1030 legum
984 961 1024 1008 ac
1052 937 1213 1009 libertatis
1238 938 1480 1008 subvortundae.
1522 935 1625 1028 Angi-

436 1072 490 1132 tur
514 1063 604 1132 enim
629 1085 668 1134 ac
692 1063 856 1134 laceratur
880 1063 983 1133 animi
1008 1063 1163 1155 cupidine
1194 1072 1227 1132 et
1250 1084 1411 1133 noxarum
1436 1072 1538 1142 metu,
1570 1084 1626 1130 ex-

435 1211 512 1280 pers
538 1189 679 1273 consilii,
706 1189 847 1283 inquies,
873 1188 947 1259 brec
971 1199 1071 1284 atque
1097 1188 1155 1258 illa
1181 1199 1360 1280 temptans;
1385 1188 1501 1258 metuit
1517 1187 1626 1267 otium,

438 1314 506 1383 odit
529 1313 669 1394 bellum:
707 1314 789 1384 luxu
814 1322 912 1405 atque
937 1311 1072 1383 licentia
1106 1311 1288 1382 carendum
1314 1311 1414 1392 videt,
1449 1319 1549 1402 atque
1578 1309 1629 1378 in-

437 1438 532 1508 terim
558 1438 704 1508 abutitur
728 1447 836 1508 vestra
860 1437 1021 1508 socordia.
1064 1438 1180 1528 Neque
1205 1434 1289 1506 mibi
1314 1434 1390 1505 satis
1415 1435 1549 1504 consilii
1573 1443 1629 1516 est,

439 1571 575 1644 metum,
600 1585 643 1632 an
661 1562 841 1655 ignaviam,
867 1584 909 1631 an
929 1561 1128 1631 dementiam
1154 1583 1228 1631 eam
1253 1560 1438 1653 appellemr
1464 1559 1522 1653 qui
1539 1559 1632 1629 vide-

438 1685 522 1754 mini
546 1686 671 1754 intenta
697 1685 786 1754 mala
812 1685 906 1777 quasi
932 1686 1056 1755 tulmen
1091 1693 1203 1778 optare
1236 1707 1272 1754 se
1301 1683 1440 1778 quisque
1465 1705 1509 1752 ne
1534 1681 1633 1750 attin-

439 1818 506 1900 gat,
539 1817 588 1878 set
617 1807 794 1900 probibere
822 1832 865 1879 ne
889 1809 1002 1879 conari
1023 1808 1168 1902 quidem.
1214 1810 1259 1879 Et
1282 1829 1394 1900 quasso
1419 1804 1632 1885 considerate,

440 1953 540 2024 quam
565 1953 724 2001 convorsa
747 1953 859 2002 rernm
885 1941 1003 2003 natura
1023 1933 1074 2002 sit.
1112 1933 1219 2003 Antea
1244 1930 1371 2000 malum
1390 1928 1561 2021 publicum
1577 1951 1636 1998 nu-

441 2055 540 2138 culte,
567 2055 691 2126 auxilia
707 2055 818 2148 palam
835 2055 1089 2139 instruebantur,
1115 2067 1148 2126 et
1164 2079 1204 2126 eo
1219 2055 1300 2126 boni
1324 2055 1427 2125 malos
1453 2053 1550 2124 lacile
1574 2075 1636 2122 an·

440 2178 578 2260 teibant;
603 2201 691 2249 nunc
715 2201 781 2273 pax
806 2190 838 2248 et
862 2180 1036 2250 cuncordia
1062 2179 1284 2251 disturbantur
1301 2179 1424 2272 palam,
1451 2178 1637 2248 defendun-

441 2313 495 2374 tur
510 2304 649 2374 occulte.
691 2302 821 2386 Quibus
845 2303 904 2375 illa
927 2305 1068 2397 placent,
1095 2305 1129 2374 in
1155 2305 1255 2376 armis
1281 2314 1374 2374 sunt:
1400 2326 1458 2374 vos
1484 2303 1517 2372 in
1535 2310 1637 2371 metu.

443 2427 531 2512 Quid
557 2427 755 2520 expectatis?
794 2427 856 2497 nisi
883 2428 966 2498 lorte
990 2429 1092 2521 pudet
1116 2437 1172 2498 aut
1195 2427 1287 2520 piget
1311 2437 1399 2498 recte
1421 2427 1541 2497 lacere.
1582 2427 1638 2496 An

443 2551 562 2644 Lepidi
586 2552 742 2623 mandata
769 2551 898 2623 animos
926 2553 1082 2623 movere?
1124 2554 1183 2648 qui
1207 2553 1338 2647 placere
1363 2553 1408 2622 ait
1433 2574 1493 2622 sna
1518 2551 1640 2644 cuique

443 2675 550 2757 reddi,
569 2685 601 2745 et
613 2675 722 2746 aliena
740 2686 844 2747 tenet:
871 2676 952 2748 belli
969 2677 1042 2748 iura
1058 2677 1212 2758 rescindi,
1231 2700 1306 2748 cum
1323 2676 1394 2770 ipse
1408 2676 1508 2746 armis
1525 2683 1639 2766 cogat:

445 2799 610 2870 civitatem
627 2799 827 2881 confirmari,
853 2799 973 2892 quibus
990 2801 1175 2894 ademptam
1187 2810 1302 2892 negat:
1330 2799 1514 2870 concordia
1533 2798 1643 2890 gratia

448 2917 582 3016 [plebei]
603 2922 814 2994 tribuniciam
831 2934 1023 3017 potestatem
1035 2924 1172 3006 restitui,
1195 2947 1237 2993 ex
1252 2948 1319 3017 qna
1336 2946 1451 2993 omnes
1469 2921 1643 2992 discordiae

448 3069 605 3118 accensae.
640 3047 793 3116 Pessume
814 3047 963 3117 omnium
983 3057 1081 3142 atque
1097 3047 1410 3142 impudentissumel
1443 3047 1545 3116 tibine
1561 3067 1648 3136 ege-

448 3180 511 3241 stas
528 3171 650 3242 civium
675 3182 708 3241 et
731 3173 837 3242 luctus
855 3194 943 3241 curse
963 3183 1049 3258 sunt,
1076 3173 1129 3242 cui
1154 3171 1238 3244 nibil
1263 3182 1312 3242 est
1337 3171 1427 3241 domi
1451 3171 1517 3240 nisi
1540 3171 1646 3241 armis

447 3305 578 3389 partum
603 3305 659 3366 aut
683 3318 743 3388 per
775 3295 955 3366 iniuriam‘l
998 3296 1139 3366 alterum
1169 3295 1374 3366 consulatum
1407 3295 1502 3387 petis,
1546 3293 1648 3386 quasi

447 3421 592 3513 primum
616 3419 815 3501 reddideris;
849 3419 938 3490 bello
963 3420 1173 3490 concordiam
1199 3420 1330 3512 quaeris,
1365 3443 1432 3513 qun
1455 3429 1548 3512 parta
1574 3417 1649 3488 dis·

448 3544 614 3626 turbatum
652 3545 756 3614 nostri
781 3544 938 3637 proditor,
970 3545 1038 3615 istis
1062 3545 1194 3628 infidus,
1234 3544 1333 3616 bostis
1362 3545 1511 3614 omnium
1536 3543 1650 3612 bono-

448 3689 535 3738 rnm.
574 3669 616 3740 Ut
640 3679 671 3738 te
697 3691 804 3761 neque
829 3668 1000 3740 bominum
1025 3693 1135 3764 neqne
1168 3669 1306 3741 deorum
1330 3671 1442 3762 pudet,
1477 3690 1558 3760 quos
1583 3690 1652 3760 per

450 3791 549 3862 fidem
575 3802 632 3864 aut
654 3793 801 3886 periurio
825 3793 970 3863 violasti!
1009 3793 1088 3877 Qui,
1119 3794 1252 3887 qnando
1277 3794 1351 3863 talis
1376 3817 1422 3876 es,
1448 3814 1582 3864 maneas
1609 3790 1651 3862 in

450 3917 613 3987 sententia
637 3926 671 3987 et
693 3917 837 3988 retineas
862 3927 1010 3989 armate
1035 3916 1159 3998 hortor,
1193 3940 1259 3989 nen
1282 3916 1484 4012 prolatandis
1509 3916 1654 3986 seditio-

451 4041 548 4113 nibus
580 4041 710 4134 inquies
740 4040 820 4134 ipsc,
858 4063 918 4111 nos
951 4041 985 4111 in
1018 4039 1237 4110 sollieitudine
1265 4040 1424 4110 adtineas.
1473 4042 1588 4132 Neque
1613 4049 1653 4111 te

451 4166 642 4258 provinciae,
676 4189 786 4258 neque
812 4167 914 4257 leges,
950 4187 1059 4258 neque
1093 4164 1140 4234 dii
1168 4164 1305 4234 Penates
1334 4164 1440 4235 civem
1464 4163 1653 4256 patiuntur.

452 4295 568 4383 Perge,
594 4314 660 4383 qua
676 4301 808 4382 coeptas,
835 4301 994 4383 utquam
1019 4301 1222 4360 maturrume
1247 4289 1364 4360 merita
1381 4289 1542 4359 invenias.
1579 4289 1655 4358 vos

452 4427 572 4497 autem,
599 4416 709 4485 Patres
726 4413 912 4506 conscripti,
935 4438 1106 4508 quormque
1123 4414 1307 4485 cunctando
1323 4412 1574 4517 rempublicam
1591 4411 1657 4481 in-

452 4549 555 4610 tutam
579 4539 762 4634 patiemini,
789 4549 821 4609 et
846 4538 955 4609 verbis
979 4563 1072 4610 arma
1096 4537 1317 4632 temptabitis‘l
1353 4538 1509 4608 Delectus
1525 4537 1657 4606 advor-

453 4688 524 4736 sum
549 4690 606 4736 vos
631 4665 754 4747 habiti;
781 4667 929 4760 pecuniae
956 4665 1088 4758 publice
1115 4676 1148 4736 et
1173 4665 1324 4758 privatim
1351 4673 1504 4744 extorta:
1530 4660 1656 4754 praesi-
