3526 5604
393 655 464 724 370

393 859 450 935 cfr.
478 856 637 924 Salustius
669 854 762 925 Cutil.
789 853 812 926 6
838 878 903 946 sqq.
1012 855 1045 924 3.
1078 855 1245 925 Caeciliae
1278 853 1320 938 Ο.
1353 852 1443 924 liliae
1469 854 1603 924 somnio

392 981 492 1050 modo
523 980 665 1052 hlarsico
696 981 786 1052 hello
820 981 978 1074 templum
1016 992 1064 1050 est
1096 1004 1116 1050 a
1149 991 1264 1050 senatu
1294 981 1412 1050 lunoni
1446 978 1601 1072 Sospitae

393 1106 589 1175 restitutum.
624 1103 722 1186 Quod
747 1103 881 1196 quidem
907 1104 1073 1174 somnium
1100 1104 1238 1174 Sisenna
1265 1125 1340 1173 cum
1367 1101 1604 1195 disputavisset

395 1228 534 1300 mirifice
561 1229 602 1298 ad
628 1229 766 1298 rerhum
793 1250 868 1299 cum
895 1251 931 1296 re
957 1227 1159 1308 convenisse,
1186 1239 1256 1298 tum
1283 1225 1474 1304 insolenter,
1500 1225 1603 1294 credo

395 1353 437 1424 ah
456 1353 622 1445 Epicureo
647 1353 760 1446 aliquo
784 1352 948 1431 inductus,
974 1352 1117 1444 disputat
1137 1351 1274 1420 somniis
1299 1350 1390 1421 credi
1415 1373 1480 1420 non
1498 1372 1603 1443 opor-

395 1489 476 1572 tere.
518 1478 610 1548 Idem
636 1490 750 1547 contra
768 1488 894 1548 ostenta
917 1477 1000 1547 nihil
1018 1477 1163 1570 disputat
1184 1477 1387 1570 exponitque
1404 1475 1500 1546 initio
1519 1473 1601 1543 belli

395 1600 527 1672 Marsici
554 1612 587 1670 et
611 1602 748 1672 deornm
775 1602 950 1671 simulacra
976 1600 1155 1682 sudavisse,
1181 1611 1213 1669 et
1237 1600 1435 1692 sanquinem
1452 1598 1601 1675 fluxisse,

350 1745 358 1764 ·
396 1734 428 1794 et
452 1723 638 1794 discessisse
672 1727 812 1806 caelum,
848 1736 880 1794 et
912 1749 953 1794 ex
985 1727 1115 1795 occulto
1140 1723 1269 1795 auditas
1295 1745 1367 1793 csse
1392 1745 1489 1793 voces
1512 1745 1601 1814 quae

397 1848 543 1941 pericula
570 1847 650 1919 helli
676 1849 878 1928 nuntiarent,
906 1859 938 1917 et
962 1848 1105 1918 Lanuvii
1131 1848 1266 1940 clipeos,
1297 1847 1387 1938 quod
1412 1844 1602 1938 haruspici-

397 1972 457 2042 hus
490 1970 711 2042 tristissimum
748 1971 853 2040 visum
889 1981 988 2052 essct,
1027 1993 1046 2040 a
1081 1971 1230 2042 muribus
1265 1993 1336 2040 essc
1371 1969 1504 2040 derosos

397 2096 498 2168 hlnlta
525 2105 600 2166 ante
626 2097 804 2168 Marsicum
831 2096 957 2168 hellum
983 2121 1002 2167 a
1029 2097 1168 2168 Sisenna
1194 2097 1333 2166 collecta
1360 2096 1505 2166 attulisti.
1544 2095 1603 2164 tt·-

397 2243 464 2290 cero
481 2223 519 2290 de
535 2223 637 2290 divin.
663 2221 695 2302 1,
711 2219 771 2304 44,
789 2221 848 2294 99.
876 2221 910 2303 2,
929 2219 989 2301 25,
1008 2219 1066 2293 54.
1168 2221 1202 2290 d.
1229 2220 1368 2290 Sisenna
1394 2219 1471 2290 hist.
1489 2219 1548 2290 lih.
1565 2221 1601 2289 l:

398 2355 492 2416 nocte
510 2355 702 2437 consumpto
721 2356 852 2437 postero
878 2345 933 2414 die
957 2367 1016 2437 per
1040 2342 1182 2414 incertas
1203 2343 1273 2414 vias
1290 2343 1496 2423 Aeserniam,
1523 2341 1606 2412 inde

397 2471 536 2539 Romam
563 2469 712 2561 protinus
737 2471 961 2562 profugerant.
1008 2469 1130 2539 Nouius
1155 2493 1189 2562 p.
1212 2467 1296 2550 376,
1323 2465 1384 2540 26.
1485 2467 1519 2535 5.
1548 2467 1606 2536 Si-

397 2615 499 2662 senna
526 2592 680 2662 historiac
706 2592 764 2662 lih.
788 2594 836 2662 ll:
872 2593 1011 2686 siquae
1037 2592 1190 2662 celeriter
1215 2591 1295 2661 solvi
1322 2601 1460 2685 poterat,
1491 2589 1526 2660 ln
1551 2589 1608 2659 al-

399 2727 467 2786 tum
501 2715 648 2785 remulco
679 2713 827 2783 retrahit.
875 2716 999 2784 Nonius
1021 2739 1054 2808 p.
1083 2713 1142 2798 57,
1158 2713 1228 2787 28.
1332 2716 1367 2786 6.
1399 2715 1537 2784 Sisenna
1568 2714 1606 2784 lu

399 2839 543 2910 secundo
574 2837 675 2908 dixit:
719 2848 751 2906 et
780 2837 881 2909 hlarsi
915 2837 1048 2931 propius
1081 2838 1262 2908 succedunt
1293 2848 1392 2930 atque
1427 2837 1469 2906 ita
1502 2837 1608 2908 scutis

401 2964 554 3056 proiectis
583 2963 662 3033 tecti
693 2987 773 3033 saxa
803 2963 951 3032 certatim
985 2965 1070 3034 lenta
1098 2956 1224 3053 [tecet]
1256 2962 1411 3033 manibus
1436 2961 1610 3033 coniciunt

400 3089 433 3157 in
458 3088 578 3158 hostes.
625 3091 668 3160 Et
692 3090 725 3160 in
749 3089 883 3159 eodem:
916 3100 1008 3160 vetus
1033 3102 1134 3182 atquc
1159 3090 1278 3180 ingens
1303 3100 1374 3160 erat
1398 3089 1496 3160 arhor
1521 3089 1608 3168 ilex,

400 3236 485 3305 quae
512 3214 635 3284 circum
662 3214 816 3306 proiectis
841 3214 943 3283 ramis
969 3215 1130 3284 maiorem
1161 3225 1289 3307 partem
1314 3214 1378 3283 loci
1404 3213 1526 3283 summi
1554 3225 1610 3282 te-

401 3339 508 3432 gebat.
552 3341 731 3410 Macrobius
752 3340 882 3410 Sutura.
905 3338 939 3421 6,
968 3336 1002 3410 4.
1113 3343 1146 3410 7.
1177 3339 1328 3410 &enno
1354 3339 1448 3409 coho
1473 3363 1488 3408 e
1511 3341 1611 3408 tertio

401 3465 481 3534 libro
510 3465 610 3533 reluta
638 3464 762 3534 Nonius
791 3465 928 3533 amavit
955 3466 1080 3544 omnio,
1119 3467 1206 3557 opod
1240 3487 1330 3556 qoam
1361 3463 1496 3554 deputo
1528 3463 1613 3532 locis

397 3590 629 3680 promittitur:
662 3587 801 3658 Sisenna
819 3587 1029 3658 historiarum
1053 3585 1116 3672 [uel
1132 3588 1220 3669 trist,
1247 3589 1414 3680 aliquoties
1434 3581 1609 3677 historiae]

402 3711 459 3783 lih.
482 3713 544 3782 lll:
580 3715 672 3784 Multi
701 3711 828 3806 [aquil]
854 3715 961 3808 plagis
987 3714 1133 3786 adversis
1159 3716 1215 3784 icti
1241 3725 1273 3784 et
1298 3714 1509 3806 congenulati
1536 3716 1614 3784 Ro-

402 3836 508 3904 manis
535 3838 758 3932 praecipitatis
785 3839 845 3933 ipsi
872 3861 970 3932 snpra
996 3840 1094 3909 volvit
1120 3835 1241 3924 [solvil
1267 3837 1404 3926 colotil]
1434 3840 1468 3908 in
1494 3851 1611 3932 caput.

401 3984 433 4052 p.
459 3958 518 4040 57,
546 3957 594 4030 32
622 4011 687 4029 ...
714 3961 837 4054 agilem
864 3962 935 4031 dari
962 3961 1163 4054 facilemque
1188 3961 1371 4041 victoriam,
1401 3984 1511 4054 neque
1538 3962 1614 4030 los-

402 4107 454 4154 sas
480 4095 536 4154 aut
558 4086 681 4156 bellum
704 4098 905 4158 remoratum
934 4079 1064 4176 [collum
1079 4087 1345 4172 remoraturoml]
1370 4111 1405 4180 p.
1423 4082 1520 4167 58,3
1546 4137 1612 4156 ...

403 4209 506 4278 isdem
534 4211 736 4303 temporibus
758 4211 933 4281 Aesernini
960 4211 1083 4304 duplici
1114 4212 1200 4282 lsssa
1226 4211 1379 4303 valloque
1413 4211 1618 4282 circumdati

404 4333 568 4404 lrumcuto
604 4333 722 4416 adeso,
761 4334 850 4426 quod
885 4357 926 4404 ex
965 4335 1050 4406 areis
1082 4335 1114 4404 in
1150 4335 1307 4428 oppidum
1342 4345 1506 4428 portatum
1546 4347 1615 4407 est.

400 4484 435 4552 p.
451 4458 508 4542 70,
548 4457 595 4530 32
732 4461 772 4530 ad
804 4461 919 4532 hinum
954 4463 1081 4532 milium
1116 4485 1258 4532 numero
1289 4461 1409 4531 sauciis
1440 4459 1619 4553 utrimque

404 4583 508 4654 lactis.
532 4611 567 4679 p.
591 4583 652 4668 80,
679 4586 702 4658 5
729 4639 794 4656 ...
821 4589 909 4682 qnod
935 4587 1115 4658 fortassean
1143 4613 1186 4658 ex
1211 4589 1377 4658 volontate
1402 4609 1461 4658 sna
1478 4609 1619 4659 summa

405 4733 480 4782 cum
507 4713 702 4783 claritudine
735 4715 888 4786 celeriter
918 4715 1120 4784 confecisset.
1148 4739 1181 4808 p.
1205 4713 1266 4794 82,
1293 4713 1326 4784 6.
1356 4767 1420 4782 ...
1454 4712 1619 4804 dispalati
