3526 5604
1273 677 1344 747 315

137 865 311 958 maerent,
345 875 465 947 deinde
491 877 525 946 iu
551 876 664 967 lugam
689 887 765 946 1111
792 874 943 946 coniecti.
989 876 1114 946 Nonius
1138 899 1172 969 p.
1197 871 1282 958 418,
1308 873 1344 948 2.

136 1001 197 1072 35.
223 994 365 1073 ‘Cancer
381 996 503 1072 cancri’
526 1000 614 1093 quod
638 1011 794 1072 neutrum
818 1000 915 1072 etiam
934 1000 1110 1085 invenitur,
1137 1000 1193 1071 sed
1212 999 1345 1092 quando

135 1127 294 1198 morbum
318 1123 494 1217 signifieat.
536 1123 696 1196 Claudius
722 1125 755 1194 in
781 1125 843 1196 llll
869 1123 1099 1195 historiarum:
1135 1135 1171 1196 ut
1195 1125 1345 1197 viderent

135 1273 178 1320 ne
202 1261 377 1342 respueret
401 1249 604 1320 verminaret
628 1249 744 1320 litteris
765 1248 905 1319 adivalis
932 1242 1131 1338 [verminare
1155 1247 1197 1319 ad
1222 1250 1344 1322 ulceris

135 1377 234 1459 oliva,
262 1377 310 1448 cis
327 1377 409 1448 God.
429 1371 605 1467 Heracon]
632 1376 722 1469 quod
748 1375 968 1446 verminatum
993 1397 1037 1446 ne
1062 1376 1105 1446 ad
1125 1397 1245 1446 cancer
1264 1398 1344 1468 per·

133 1502 277 1572 venerit.
313 1501 546 1586 1111111116,
570 1500 607 1584 8,
628 1499 688 1574 43.
733 1503 937 1574 Coroebum
962 1516 990 1574 et
1008 1503 1187 1574 Gronovius
1206 1502 1343 1573 Claudio

136 1628 271 1699 0111111·
290 1629 444 1700 robam
544 1629 604 1701 36.
631 1628 872 1722 Quadrigarius
890 1639 1025 1722 qundo:
1050 1629 1135 1700 inter
1151 1649 1253 1699 venas
1270 1627 1343 1698 saxi

134 1745 349 1841 [abstrusum
376 1754 534 1825 latentem
558 1764 592 1825 el
616 1753 711 1847 quasi
737 1754 893 1826 divinitus
918 1745 1173 1843 absconditum]
1213 1752 1343 1822 Servius

133 1879 179 1947 od
201 1877 291 1968 Verg.
311 1878 424 1969 Georg.
450 1875 483 1961 1,
507 1875 589 1951 135.
689 1877 749 1949 37.
775 1877 1017 1968 Quadrigarius
1034 1877 1204 1948 annalium
1222 1875 1280 1946 lib.
1294 1875 1344 1947 V:

133 2011 166 2070 et
190 2001 341 2074 dicerent
365 2015 471 2074 eastra
497 2004 583 2075 lacta
609 2025 692 2087 esse,
718 2013 817 2097 atque
843 2003 903 2073 bos
928 2003 1139 2075 cobortarent
1162 2002 1342 2075 11111111-

132 2137 258 2196 rarent.
301 2128 426 2198 Nonius
438 2152 474 2221 p.
496 2124 581 2211 472,
611 2125 668 2200 11.
769 2125 829 2198 38.
855 2129 941 2199 Ante
967 2125 1056 2199 diem
1081 2149 1214 2220 quoqm
1238 2149 1344 2219 quar-

132 2258 203 2318 tum
230 2249 398 2320 Kalendas
423 2252 475 2322 vel
501 2253 614 2322 Nonas
638 2252 692 2322 vel
712 2252 789 2323 ldus
814 2261 983 2345 umquam
1009 2251 1226 2322 inominalem
1251 2249 1340 2322 diem

131 2371 286 2466 plerique
306 2373 412 2444 vitant
429 2424 438 2442 .
458 2425 466 2442 .
487 2425 496 2442 .
522 2373 613 2446 Nihil
639 2397 699 2444 nos
724 2397 825 2468 snper
850 2397 889 2444 ca
911 2374 1122 2467 rescriptum
1141 2374 1341 2460 invenimus,

130 2496 196 2566 nisi
222 2497 313 2589 quod
345 2498 386 2582 Q.
406 2497 563 2570 Claudius
588 2500 760 2571 annalium
786 2499 904 2592 quinto
930 2499 1058 2570 cladem
1084 2499 1179 2570 illam
1203 2521 1339 2594 pugnae

130 2620 317 2692 Cannensis
341 2623 557 2694 vastissimam
583 2624 703 2696 factam
728 2624 810 2694 dicit
834 2635 911 2694 ante
937 2623 1025 2694 diem
1052 2633 1205 2716 quonum
1225 2624 1338 2695 Nonas

131 2743 286 2814 Sextiles.
321 2746 442 2816 Gellius
459 2746 494 2830 5,
511 2744 568 2819 11.
597 2747 924 2818 Mocrobe‘osSotum.
948 2745 1057 2830 1,16.
1158 2746 1216 2817 39.
1244 2747 1340 2829 Qua·

129 2867 297 2960 drigarius
322 2869 358 2940 in
382 2882 476 2941 sexto
492 2871 620 2943 annali:
649 2873 969 2944 mederasmae
991 2871 1143 2941 dextrum
1160 2869 1339 2942 humerum

129 2993 258 3064 sanciat
282 3005 382 3088 atque
407 2995 452 3066 ita
477 2995 627 3066 resilivit.
666 2997 850 3068 Prdsooour
869 2994 905 3078 8,
924 2995 958 3078 9,
983 2993 1042 3067 51.
1144 2994 1203 3066 10.
1231 2996 1338 3087 Super

129 3115 323 3188 buiusmodi
355 3118 456 3211 patris
489 3129 588 3212 atque
620 3119 681 3191 lilii
714 3119 824 3190 officio
944 3118 1114 3212 posuimus
1139 3119 1241 3190 verba
1266 3118 1337 3210 ipsa

129 3239 347 3334 Quadrigarii
373 3265 416 3314 ex
440 3243 554 3314 annali
575 3245 646 3316 eius
661 3255 758 3315 sexto
772 3244 981 3338 transcripta:
1008 3243 1137 3315 Deinde
1158 3244 1237 3315 lacti
1253 3266 1338 3315 con·

127 3366 217 3436 eules
243 3367 458 3460 Sempronius
484 3369 651 3441 Gracchus
675 3370 807 3454 iterum,
834 3371 876 3454 Q.
895 3372 1018 3442 Fabius
1042 3370 1220 3454 Maximus,
1247 3370 1336 3442 lilius

127 3493 200 3564 eius
225 3495 284 3587 qui
310 3495 421 3588 priore
447 3521 536 3569 anno
561 3507 632 3570 erat
657 3500 784 3571 consul.
822 3499 864 3571 Ei
891 3498 1018 3570 consuli
1043 3509 1138 3592 pater
1159 3495 1337 3591 proconsul

126 3617 260 3688 obviam
287 3619 321 3690 in
347 3645 434 3715 equo
459 3623 584 3695 vehens
609 3626 701 3696 venit
724 3648 834 3718 neque
860 3625 1063 3696 descendere
1090 3624 1213 3704 voluit,
1246 3621 1336 3715 quod

125 3755 219 3836 pater
239 3755 325 3825 erat;
351 3759 383 3815 et
407 3748 496 3841 quod
521 3748 607 3819 iuter
631 3771 687 3820 eos
712 3750 863 3820 sciebant
887 3749 1033 3819 maxima
1058 3747 1234 3819 concordia
1253 3769 1336 3818 con-

124 3871 252 3956 venire,
287 3871 417 3942 lictores
444 3895 511 3944 non
536 3873 608 3944 ausi
634 3885 710 3946 suut
734 3874 935 3945 descendere
970 3873 1099 3946 iubere.
1150 3872 1212 3945 Ubi
1242 3871 1336 3942 iuxta

125 3994 228 4076 venit,
255 4005 324 4064 tum
351 3997 555 4066 consuluit:
582 3997 662 4092 quid
689 3998 822 4091 postea?
856 3997 967 4068 Lictor
993 3997 1050 4068 ille
1073 3995 1132 4090 qui
1156 3996 1335 4088 apparebat

125 4119 191 4188 cito
217 4118 392 4203 intellexit,
425 4121 607 4192 Maximum
634 4123 867 4215 proconsulem
896 4121 1098 4192 descendere
1123 4119 1227 4191 iussit.
1268 4121 1334 4190 Fa-

123 4243 199 4314 bius
224 4243 364 4338 imperio
390 4255 483 4338 paret
508 4246 670 4317 etlilium
697 4246 909 4328 collaudavit,
936 4269 1013 4316 eum
1038 4243 1216 4337 imperium
1243 4240 1333 4337 quod

123 4367 239 4458 populi
265 4378 351 4437 esset
375 4368 543 4439 retineret.
588 4370 710 4441 Gellius
736 4370 771 4454 2,
801 4371 835 4442 2.
871 4373 928 4463 cfr.
956 4371 1070 4440 Lirim
1094 4365 1154 4448 24,
1184 4363 1244 4450 44,
1274 4366 1331 4439 10.

124 4489 184 4560 tl.
210 4492 247 4561 11
273 4504 368 4563 sexto
395 4493 508 4564 annali
534 4495 683 4565 eiusdem
709 4496 811 4566 verba
836 4495 920 4565 baec
945 4508 1039 4565 suut:
1075 4515 1183 4586 paene
1209 4492 1333 4562 lactum

123 4627 182 4698 111,
209 4617 289 4710 quin
309 4629 413 4688 castra
440 4619 670 4712 relinquerent
695 4631 793 4714 atque
820 4619 977 4690 cederent
994 4617 1090 4689 hosti.
1133 4617 1253 4688 Gellius
1274 4614 1331 4696 11,

127 4737 182 4822 13,
209 4739 243 4812 6.
345 4743 404 4813 db.
432 4743 672 4837 Quadrigarius
699 4747 811 4817 anuali
838 4745 895 4816 lib.
914 4745 975 4814 Vl:
1002 4768 1044 4814 ne
1071 4765 1130 4814 uos
1157 4743 1198 4814 ad
1225 4751 1332 4810 certa-
