3526 5604
462 674 534 744 3114

460 883 557 943 enata
589 871 699 963 palma
733 871 903 940 victoriam
939 869 1188 964 triumphosque
1222 872 1407 964 portendit;
1442 871 1505 942 bac
1538 885 1655 966 tempe·

303 1075 308 1088 ,
459 996 596 1067 statibus
612 1005 774 1088 prostrata
792 995 908 1065 eodem
930 995 1005 1065 loco
1022 994 1103 1063 ficus
1121 1007 1217 1065 enata
1236 1007 1285 1065 est
1297 999 1342 1068 11.
1356 998 1518 1090 Messalae
1532 999 1568 1069 C.
1584 997 1656 1067 Cas-

460 1120 501 1190 sii
527 1143 700 1190 censorum
719 1120 833 1189 lustro.
872 1120 986 1212 Aquo
1004 1130 1152 1211 tempore
1174 1120 1366 1212 pudicitiam
1383 1121 1572 1190 subversam
1589 1120 1655 1189 Piso

461 1245 571 1336 gravis
601 1253 715 1312 auctor
748 1241 904 1334 prodidit.
956 1243 1082 1311 Plinius
1107 1257 1174 1312 not.
1206 1244 1279 1313 bist.
1310 1241 1366 1324 11,
1401 1242 1463 1324 25,
1489 1242 1571 1316 245.
1604 1248 1654 1336 cfr.

462 1371 568 1440 Festus
592 1367 647 1435 lid.
677 1364 773 1437 181.
799 1391 830 1436 o.
863 1367 1046 1458 Relipionis.
1149 1367 1213 1437 45.
1240 1368 1315 1436 Piso
1342 1368 1399 1437 ille
1418 1370 1521 1460 frugi
1545 1369 1578 1437 in
1597 1391 1655 1438 an·

461 1492 592 1563 nalibns
623 1491 691 1561 suis
722 1491 872 1583 queritur
903 1491 1126 1561 adolescentes
1160 1493 1237 1584 peni
1274 1489 1403 1561 deditos
1429 1515 1512 1562 esse.
1561 1496 1656 1564 ilicem

463 1623 506 1692 nd
530 1623 608 1711 snm.
636 1614 670 1699 9,
697 1615 757 1696 22,
784 1615 819 1686 2.
921 1617 979 1687 46.
1007 1619 1057 1686 De
1091 1632 1276 1709 pannorum
1306 1619 1456 1688 ludorum
1482 1619 1655 1688 snaion'nn

462 1769 548 1817 anno
573 1745 631 1834 cfr.
658 1765 756 1834 supro
777 1767 813 1835 p.
828 1741 913 1824 294,
936 1741 995 1814 28.
1097 1743 1155 1812 47.
1183 1745 1656 1815 Ρ101111101..Ρ1’101110111011

462 1893 538 1941 usus
564 1881 605 1938 ost
630 1869 756 1938 Plinius
781 1883 848 1938 not.
875 1870 948 1938 bist.
976 1869 1035 1938 lib.
1066 1867 1122 1939 12.
1152 1867 1208 1939 14.
1236 1867 1295 1939 29.
1323 1867 1382 1940 36.
1410 1872 1469 1960 qni
1497 1870 1569 1938 libri
1590 1881 1654 1936 sunt

463 2000 501 2067 dc
526 1993 702 2074 arboribus,
722 1995 760 2062 dc
776 1995 862 2074 virro,
890 1995 928 2064 do
945 1995 1113 2072 medicina,
1141 1995 1179 2062 dc
1203 1995 1377 2086 lapididus.
1481 1993 1537 2062 48.
1563 1992 1654 2062 Gaius

463 2113 599 2207 quidam
626 2117 699 2186 Piso
725 2117 775 2186 vir
809 2116 984 2186 historicus
1010 2116 1118 2198 tradit,
1151 2117 1293 2188 Marium
1330 2129 1403 2211 post
1429 2140 1563 2186 coenam
1586 2137 1653 2184 cum

463 2241 578 2310 amicis
605 2240 830 2312 ambulantem
857 2240 899 2310 de
924 2241 993 2310 suis
1018 2241 1060 2310 ab
1087 2241 1181 2312 initio
1206 2241 1305 2312 rebus
1332 2264 1501 2311 sermones
1519 2239 1652 2310 conferre

464 2365 611 2458 coepisse
637 2377 670 2434 et
694 2365 859 2458 frequenti
886 2365 1036 2435 1011111110
1063 2365 1289 2435 vicissitudine
1323 2376 1576 2435 commemorata
1600 2364 1653 2433 boc

464 2487 639 2570 addidisse,
675 2511 740 2558 non
776 2509 847 2557 esse
873 2487 1044 2580 prudentis
1075 2490 1225 2560 fortunae
1251 2513 1285 2558 se
1311 2490 1493 2559 etiamnum
1518 2487 1654 2559 commit-

464 2625 545 2682 tere.
589 2612 677 2682 Hinc
702 2613 813 2683 valere
840 2613 935 2682 iussis
961 2613 1019 2704 qni
1044 2612 1194 2695 aderant,
1223 2616 1256 2682 in
1283 2614 1437 2684 morbum
1460 2613 1603 2683 incidisse
1626 2624 1653 2679 et

465 2748 638 2832 postquam
672 2749 797 2830 septem
831 2738 901 2808 dies
927 2737 1100 2807 continuos
1126 2737 1345 2820 decubuisset,
1381 2750 1556 2809 mortuum.
1587 2737 1654 2805 Plu-

464 2865 590 2933 1011101
613 2865 650 2931 in
675 2863 782 2933 Murio
809 2860 868 2943 45,
895 2859 929 2931 4.

717 3405 773 3490 ll
822 3403 1418 3493 subministrantem

544 3623 576 3689 1.
601 3621 666 3692 Res
691 3619 859 3688 Romanas
886 3611 1017 3706 [Latino
1050 3611 1215 3708 sermone]
1242 3617 1368 3688 laudati
1399 3617 1572 3710 scriptores
1594 3637 1655 3683 me-

467 3749 592 3820 moriae
626 3745 832 3816 tradiderunt
861 3745 995 3814 Porcius
1029 3744 1121 3824 Cato,
1155 3743 1277 3813 fabius
1312 3745 1491 3825 Maximus,
1522 3739 1656 3813 Valerius

468 3874 596 3954 Antias,
623 3869 771 3940 Licinius
797 3870 909 3939 Macer
933 3867 1089 3959 Aeliique
1116 3876 1149 3935 et
1173 3866 1273 3937 Gellii
1299 3876 1332 3935 et
1349 3866 1522 3959 Calpurnii
1546 3863 1654 3954 aliique

468 3997 565 4067 multi
590 3993 678 4064 baud
705 3990 879 4082 ignobiles.
911 3991 1089 4080 Dionysius
1113 3989 1220 4058 Holic.
1251 3988 1284 4069 1,
1311 3986 1345 4058 7.
1372 3991 1418 4060 bi.
1445 3991 1527 4060 Cato
1627 3984 1655 4052 in

468 4122 628 4200 oratione,
655 4141 757 4211 quam
783 4137 843 4209 pro
870 4119 908 4186 L.
934 4113 1036 4184 Turio
1062 4123 1175 4183 contra
1202 4113 1262 4184 Cn.
1291 4112 1436 4183 Gellium
1463 4113 1555 4184 dixit.
1594 4110 1657 4180 Gel-

469 4249 532 4317 1101
561 4243 617 4325 14,
643 4244 679 4324 2,
705 4240 763 4312 21.
791 4241 851 4311 Cn.
879 4239 1006 4309 Gellius
1030 4239 1218 4331 inscriptum
1242 4240 1279 4307 in
1312 4239 1455 4307 donariis
1480 4234 1658 4330 0111111111-

469 4371 527 4442 111.
551 4372 661 4438 Docta.
687 4387 887 4437 nummorum
913 4379 934 4432 t.
963 4361 985 4434 5
1008 4387 1043 4454 p.
1063 4358 1148 4432 223.
1200 4363 1238 4430 L.
1266 4360 1393 4432 Gellius
1421 4413 1490 4430 ...
1517 4369 1659 4430 necerat

469 4496 619 4566 indoctus
644 4517 706 4562 nec
732 4490 841 4560 tardus
868 4489 909 4558 ad
936 4485 1192 4577 excogitandum
1221 4509 1285 4554 nec
1311 4486 1536 4554 Romanarum
1561 4505 1658 4553 rerum

470 4621 657 4690 immemor.
709 4616 815 4685 Oiccro
841 4615 878 4682 in
912 4612 1012 4680 Bruto
1046 4607 1106 4690 47,
1139 4606 1219 4678 174.
1321 4611 1356 4678 2.
1386 4609 1537 4699 Agellins
1571 4607 1659 4677 bistu-

470 4747 595 4814 riarum
621 4742 678 4812 lib.
709 4739 748 4811 1:
785 4750 816 4807 et
848 4736 936 4829 quod
968 4733 1056 4803 bubo
1087 4733 1120 4802 in
1148 4732 1304 4802 columna
1330 4731 1420 4802 aedis
1447 4733 1532 4803 lovis
1557 4730 1658 4800 sedens
