3702 5600
423 641 494 710 562

421 853 489 896 nem
516 837 718 913 perversitati
745 853 781 897 ae
807 837 899 897 etiam
926 837 1108 898 adminicula
1136 837 1285 914 prebere.
1323 839 1391 900 Non
1412 855 1526 917 paucos
1547 841 1628 902 enin

420 944 632 1004 imbecillioris
657 944 749 1003 animi
779 943 918 1004 homines
945 944 1023 1003 nihil
1044 963 1062 1004 a
1086 945 1171 1005 vitiis
1196 947 1318 1021 retinet,
1343 947 1402 1007 nisi
1424 964 1520 1023 prava
1541 967 1628 1024 qure-

420 1053 489 1112 uam
510 1051 646 1128 ambitio,
668 1068 728 1128 qua
749 1052 848 1112 bonos
861 1069 897 1112 se
911 1053 1022 1113 haberi
1036 1071 1127 1129 quam
1141 1071 1214 1114 esse
1229 1056 1350 1115 molunt
1384 1055 1516 1124 ouomm
1530 1073 1629 1133 prava

420 1160 550 1219 consilia
570 1160 695 1221 silentio
717 1161 745 1221 si
767 1161 893 1236 texeris,
924 1161 1001 1220 nihil
1022 1179 1082 1222 non
1109 1163 1274 1222 audebunt.
1308 1162 1370 1223 Sed
1391 1165 1422 1224 in
1442 1181 1481 1224 eo
1496 1164 1628 1224 maxime

419 1265 551 1325 hominis
594 1265 727 1327 stultitia
767 1267 915 1340 notanda,
964 1267 1047 1341 quod
1083 1265 1235 1327 Gmsarem
1274 1285 1417 1330 eversam
1451 1270 1628 1330 libertatem

418 1373 584 1432 restituere
606 1373 697 1433 iubet.
733 1373 862 1434 Adeone
884 1375 917 1432 et
937 1372 1069 1432 Caesaris
1096 1375 1212 1451 ingenii
1233 1375 1370 1451 ignarum
1392 1379 1425 1434 ct
1444 1392 1546 1436 rerum
1568 1393 1628 1452 pu·

418 1479 566 1538 blioemm
587 1480 762 1556 imperitum
777 1479 942 1540 Salustium
958 1479 1140 1556 putauerisi
1170 1481 1304 1540 Accedit
1324 1482 1446 1542 tandem
1466 1483 1629 1544 notissima

417 1588 472 1648 illa
502 1586 691 1650 eCicerone
716 1589 813 1666 petita
839 1589 962 1650 (licendi
989 1589 1095 1666 ligura,
1129 1606 1187 1665 qua
1216 1591 1317 1666 patria
1347 1591 1479 1668 supplex
1503 1593 1536 1649 et
1556 1589 1628 1648 imis

416 1695 562 1771 precihus
580 1694 712 1756 Gaeseris
733 1695 880 1756 auxilium
901 1696 1069 1772 implorans
1090 1695 1252 1756 inducitur.
1285 1696 1357 1766 Qum
1379 1695 1501 1771 quidem
1523 1696 1627 1754 omnia

415 1803 490 1863 mihi
511 1805 665 1878 reputanti
683 1805 812 1864 maxime
834 1805 868 1863 lit
888 1803 1060 1881 probabile,
1082 1803 1138 1864 has
1160 1804 1237 1865 duas
1258 1804 1409 1882 epistolas
1430 1803 1627 1864 edecima-

418 1909 538 1970 toribus
560 1908 660 1969 fuisse
681 1909 870 1986 compositas
891 1910 992 1969 {etatis
1013 1909 1239 1985 Frontonianae,
1267 1912 1319 1986 qui
1342 1911 1373 1970 in
1392 1909 1542 1970 imitanum
1563 1908 1626 1968 Sa-

417 2016 512 2076 lustio
533 2016 648 2094 ingenii
670 2021 826 2078 certamen
855 2017 939 2076 inter
963 2031 998 2076 se
1019 2017 1232 2093 instituerant;
1261 2019 1312 2092 qui
1334 2035 1400 2078 eum
1422 2017 1532 2095 eodem
1552 2017 1624 2076 ele-

415 2123 547 2198 quentia
569 2123 697 2184 doctore
718 2125 764 2184 usi
787 2123 927 2198 fuissent,
951 2123 1141 2199 eundemque
1158 2124 1342 2201 scriptorem
1362 2123 1543 2184 imitandum
1564 2124 1627 2183 sibi

415 2230 664 2307 proposuissent,
700 2232 825 2290 easdem
854 2230 923 2290 lere
954 2231 1123 2290 sententias
1155 2229 1344 2304 eandemque
1374 2229 1523 2290 orationis
1555 2229 1626 2290 lor-

414 2353 492 2394 mam
514 2336 693 2414 inscriptis
723 2337 788 2396 suis
815 2338 998 2414 exprimunt.
1034 2335 1074 2396 Et
1101 2341 1135 2396 ut
1160 2336 1297 2413 imperiti
1323 2335 1446 2396 facilius
1475 2336 1568 2396 etiam
1594 2337 1627 2394 in

415 2458 553 2502 errorem
574 2442 800 2517 inducerentur,
821 2443 982 2520 plurimum
1004 2443 1098 2504 studii
1120 2445 1151 2503 in
1173 2461 1211 2503 eo
1235 2445 1413 2521 pesuerunt,
1434 2445 1468 2502 ut
1485 2445 1627 2502 ueterem

415 2547 499 2607 illam
531 2547 795 2626 orthographiam,
831 2551 916 2610 euius
943 2551 1025 2628 apud
1054 2549 1221 2610 Salustium
1249 2567 1310 2609 non
1336 2565 1434 2626 pauca
1460 2553 1628 2608 occurrunt

415 2655 555 2731 vestigia,
577 2656 689 2731 ubique
710 2655 777 2716 lere
799 2657 992 2718 imitarentur
1016 2660 1048 2717 et
1066 2655 1273 2716 horridiorem
1293 2657 1386 2716 etiam
1406 2655 1554 2731 lacerent,
1581 2656 1627 2716 ita

415 2767 447 2821 ut
475 2763 625 2822 orationis
655 2761 753 2822 forma
783 2763 995 2838 antiquissima
1024 2763 1197 2823 litterarum
1225 2760 1402 2823 Latinarum
1429 2768 1626 2823 monomenta

414 2868 583 2945 asperitate
616 2871 649 2928 et
674 2869 823 2929 scabritie
850 2886 939 2947 paene
966 2873 1139 2948 superaret.
1181 2869 1216 2929 ld
1248 2870 1331 2945 quoi
1360 2869 1552 2948 potissimum
1584 2887 1626 2930 ex

415 2976 521 3035 eorlioe
543 2975 692 3036 Vaticano
714 2975 812 3052 primo
842 2975 1034 3054 intelligitur,
1070 2977 1122 3050 qui
1147 2975 1311 3036 Orationes
1340 2979 1373 3036 ot
1399 2975 1558 3053 Epistulas
1583 2993 1625 3036 ex

414 3080 556 3156 Catilina,
595 3081 741 3158 iugurtha
770 3088 803 3142 et
835 3081 982 3143 llistoriia
1012 3086 1176 3159 excerptas
1210 3083 1363 3157 simulque
1392 3077 1553 3158 Epistulas
1582 3082 1625 3141 ad

414 3186 567 3247 Cesaram
590 3205 693 3248 senem
716 3189 756 3247 (le
777 3206 811 3248 ro
833 3189 957 3266 publiea
979 3189 1123 3263 eontinet,
1155 3205 1243 3264 quem
1266 3187 1334 3248 iere
1354 3189 1383 3248 in
1405 3188 1464 3247 hac
1486 3188 1624 3248 οᾱίιίοιιιι

414 3295 643 3372 exprimendum
664 3295 780 3354 curavi.
822 3292 858 3355 lu
883 3295 965 3371 quod
991 3294 1115 3355 facilius
1143 3295 1235 3355 etiam
1259 3295 1328 3355 lieri
1348 3295 1458 3373 potnit,
1488 3294 1572 3370 quod
1591 3299 1625 3354 et

413 3417 431 3460 a
453 3419 500 3460 me
521 3402 590 3478 ipso
611 3402 782 3476 iterumque
804 3419 822 3461 a
845 3402 955 3461 iuvene
976 3400 1157 3462 doctissime
1179 3401 1344 3462 Theodoro
1359 3400 1464 3478 lleyse
1485 3400 1623 3478 diligen-

413 3509 475 3569 tiua
496 3511 691 3584 comparatus
712 3508 823 3568 fuerat.
863 3506 1031 3568 Vaticanus
1052 3508 1214 3584 secundus,
1237 3508 1323 3568 cuius
1345 3509 1502 3568 lerientes
1519 3507 1623 3584 serip-

413 3619 498 3675 tures
521 3618 553 3675 et
574 3615 658 3692 ipsas
680 3614 753 3675 olim
775 3615 928 3692 excerpsi,
958 3615 1017 3674 iam
1046 3615 1171 3674 multum
1197 3616 1236 3675 ab
1256 3615 1385 3676 horrida
1405 3614 1459 3673 illa
1486 3614 1623 3689 antiqui·

413 3725 477 3781 tute
499 3721 627 3798 recedit,
649 3723 762 3800 saepius
784 3727 884 3782 tamen
905 3723 1053 3784 meliores
1074 3723 1227 3784 lectiones
1245 3723 1413 3783 confirmat
1450 3722 1514 3783 llos
1528 3723 1625 3799 igitur

412 3830 511 3890 libres
526 3833 652 3890 secutus
671 3847 746 3905 sum,
767 3847 867 3906 neque
887 3834 989 3891 tamen
1011 3847 1048 3891 ea
1068 3829 1129 3891 fuit
1147 3830 1268 3908 religio,
1294 3834 1328 3891 ut
1348 3830 1449 3891 omnia
1470 3829 1623 3890 sermonis

413 3937 497 4012 vitia,
517 3937 579 3998 iarn
599 3936 639 3995 ab
661 3936 732 3996 aliis
755 3937 925 4014 emendata,
948 3942 980 3999 et
1000 3955 1123 3998 errores
1144 3939 1356 4016 exprimerem.

492 4063 522 4122 p.
545 4046 612 4105 119.
632 4045 751 4122 fortune
771 4045 807 4104 V.
831 4049 857 4106 1.
878 4047 1028 4124 furneium
1048 4046 1085 4106 V.
1103 4049 1131 4106 Β.
1153 4045 1257 4124 Pomp.
1279 4047 1478 4124 deformante·
1496 4061 1556 4106 non
1571 4051 1623 4104 est

411 4150 440 4209 in
462 4151 499 4209 V.
522 4154 563 4226 1.‚
591 4169 611 4211 a
631 4151 801 4230 Pomponio
827 4169 866 4210 ex
888 4152 925 4211 V.
947 4154 974 4211 2.
997 4155 1032 4212 ut
1051 4152 1174 4212 videtur
1195 4152 1376 4230 suppletum.
1402 4153 1497 4210 moiun
1520 4166 1622 4226 noque

410 4255 447 4314 V.
471 4260 497 4316 1.
524 4275 624 4334 neque
644 4259 750 4335 Pomp.
777 4259 881 4320 habet
908 4259 1082 4337 suppletum
1108 4262 1157 4319 est
1177 4259 1234 4319 sed
1253 4262 1369 4336 preter
1388 4259 1621 4330 necessitatem

410 4363 485 4424 talia
505 4366 585 4425 enim
605 4365 636 4424 in
657 4365 779 4442 vulgari
801 4382 943 4426 sermone
963 4365 1112 4426 cumulari
1134 4366 1245 4427 solent.
1268 4363 1325 4426 cir.
1338 4365 1438 4425 Plaut.
1453 4363 1564 4424 Bacch.
1577 4381 1620 4422 ru.

412 4474 438 4531 l.
452 4473 500 4532 20.
523 4473 614 4534 imme
636 4489 712 4532 vero
727 4474 819 4534 nimio
833 4473 932 4533 minus
945 4473 1041 4534 multo
1059 4489 1179 4550 parum;
1201 4476 1234 4532 et
1248 4471 1323 4532 liud.
1345 4490 1376 4530 ιι.
1391 4471 1420 4531 6.
1436 4473 1483 4530 ut.
1504 4487 1549 4530 ne
1564 4469 1622 4530 illa

409 4578 517 4639 hercle
538 4579 614 4638 mihi
634 4578 676 4639 sit
696 4580 791 4639 multo
813 4579 899 4640 tanto
920 4579 1029 4638 carior.
1053 4578 1147 4638 Stich.
1167 4597 1197 4638 ιι.
1220 4580 1247 4637 ².
1270 4579 1319 4636 15.
1344 4577 1438 4636 nimio
1456 4576 1622 4655 impertior

410 4687 505 4749 molto
518 4691 605 4748 tanto
619 4689 689 4765 plus
704 4705 793 4764 qoam
814 4705 932 4766 apeme.
951 4687 1006 4747 clr.
1026 4687 1163 4748 Oudend.
1184 4687 1224 4747 aul
1239 4686 1360 4765 Apulei.
1380 4684 1451 4745 llet
1465 4685 1493 4743 7.
1506 4699 1535 4761 p.
1551 4683 1619 4756 sut,
