3702 5600
448 653 520 721 bil

446 854 580 914 Primum
600 853 694 929 igitur
719 869 776 930 pro
799 851 910 912 occulto
930 851 994 929 legi
1015 856 1145 928 creptum
1167 856 1216 911 est
1236 851 1390 927 combure,
1419 855 1480 912 tum
1501 871 1558 930 pro
1575 871 1650 928 peo-

447 969 520 1024 toris
541 964 687 1040 scriptum
701 965 751 1020 est
766 967 794 1019 et
805 964 881 1034 oris;
904 959 985 1035 quod
1000 964 1032 1019 ut
1046 961 1261 1037 explicaretur,
1283 965 1473 1020 immutatione
1489 961 1540 1021 vel
1555 966 1652 1036 specie

448 1070 638 1130 addiderunt.
660 1068 691 1126 id
712 1066 794 1143 quod
816 1067 894 1125 bene
916 1065 988 1125 inde
1009 1066 1199 1142 intelligitur,
1229 1067 1308 1141 quod
1329 1067 1358 1125 in
1380 1066 1475 1126 Paris.
1498 1087 1525 1126 z.
1546 1073 1650 1128 immu-

448 1179 553 1236 tatione
582 1191 675 1251 supra
707 1173 818 1231 lineam
847 1175 903 1231 cst.
952 1171 1015 1229 Sed
1043 1171 1155 1230 occulto
1180 1177 1305 1246 pectoris
1335 1175 1469 1232 retinent
1498 1171 1595 1232 Pslat.
1621 1177 1650 1232 t.

446 1282 555 1344 Leidd.
576 1282 609 1341 B.
631 1281 666 1340 ll.
689 1278 723 1338 ll.
750 1279 862 1339 occulto
882 1282 1045 1353 peccatoris
1070 1278 1136 1337 Pal.
1157 1283 1184 1337 5.
1206 1279 1263 1337 scd
1291 1279 1388 1338 cordis
1413 1286 1441 1338 et
1464 1284 1525 1338 oris
1544 1284 1652 1338 immu-

448 1394 580 1450 tationem
601 1389 777 1466 patefecisse
801 1388 866 1446 Pal.
892 1389 919 1446 6.
949 1405 1013 1464 pute
1039 1387 1149 1446 seilicet
1168 1389 1231 1461 ipso
1258 1393 1367 1446 tacente
1391 1389 1501 1448 occulta
1522 1392 1653 1464 pectoris

448 1501 510 1556 oris
535 1500 688 1554 mutatione
710 1495 853 1571 patefecit.
875 1493 940 1552 Pal.
962 1496 990 1552 8.
1015 1497 1077 1552 oris
1099 1495 1129 1552 in
1158 1493 1206 1552 bis
1236 1512 1275 1553 ex
1303 1496 1485 1572 repetitione
1512 1497 1652 1555 eiusdem

449 1603 579 1680 syllabae
602 1606 709 1676 ortum,
736 1601 787 1659 vel
809 1600 890 1675 quod
921 1600 950 1658 in
973 1599 1041 1658 aliis
1062 1599 1152 1658 libris
1174 1601 1327 1658 inventurn
1350 1608 1426 1673 erat,
1455 1602 1652 1679 adscriptum.

443 1712 619 1788 patefecisse
640 1709 746 1786 optimi
768 1712 799 1766 et
818 1707 941 1786 plurimi
962 1707 1043 1766 libri.
1064 1709 1117 1766 alii
1143 1707 1247 1768 dieitur
1274 1709 1396 1769 addunt.
1418 1711 1529 1768 occulta
1548 1716 1653 1783 pecto-

448 1821 491 1876 ris
511 1816 716 1893 patefecissent
735 1813 838 1872 Ursini
866 1816 898 1872 ct
923 1813 1074 1872 ciacconii
1099 1815 1185 1890 libri;
1206 1817 1413 1892 patefecissent
1438 1815 1490 1874 vel
1515 1817 1656 1893 patefecit

448 1925 518 1998 alii;
548 1940 607 1982 non
634 1922 853 1981 intellexerunt
879 1921 958 1979 enim
982 1921 1178 1999 interpretes,
1202 1923 1382 1982 infinitivum
1404 1941 1422 1982 a
1443 1923 1553 1981 seilicet
1573 1922 1651 1999 regi,

449 2033 534 2092 cuius
566 2033 726 2088 structuras
753 2025 834 2103 apud
858 2025 1032 2085 Lucretium
1063 2030 1094 2085 et
1115 2027 1254 2086 Plautum
1285 2029 1379 2087 multa
1403 2033 1472 2088 sunt
1492 2029 1650 2106 exempls;

449 2141 540 2200 etiam
569 2137 648 2214 apud
670 2133 835 2194 Salustium
864 2132 914 2192 0r.
937 2131 1072 2209 Philippi
1100 2138 1207 2192 contra
1230 2133 1334 2210 Lepid.
1356 2137 1391 2194 At
1410 2136 1521 2195 scilieet
1539 2153 1589 2195 eos
1612 2167 1652 2177 -

448 2251 571 2326 prolium
591 2247 626 2305 ob
643 2262 678 2303 eo
688 2246 845 2319 peperisse.
861 2242 917 2302 scd
931 2241 1023 2300 dubia
1039 2243 1109 2300 sunt
1123 2258 1147 2300 c.
1171 2243 1236 2301 104.
1254 2247 1286 2301 et
1299 2260 1324 2301 c.
1338 2246 1365 2302 t.
1387 2250 1414 2303 et
1427 2263 1467 2303 ee
1480 2244 1558 2302 illias
1580 2261 1652 2302 sen-

449 2357 536 2413 tentio
556 2351 627 2410 Bas.
651 2355 676 2408 1.
698 2351 725 2409 l.
747 2349 815 2407 Tur.
837 2351 897 2406 ant.
918 2351 950 2406 et
970 2363 1031 2406 rec.
1053 2348 1135 2422 quod
1159 2348 1294 2408 tortasse
1324 2357 1391 2408 erat
1417 2350 1652 2426 praeterendum,

449 2463 563 2539 quippo
585 2461 630 2520 rei
652 2459 818 2518 insolentia
835 2461 927 2532 etque
942 2457 1088 2516 atrocitas
1103 2457 1161 2517 buc
1176 2459 1356 2534 pronomine
1370 2459 1466 2535 magis
1480 2459 1571 2517 etiam
1587 2460 1653 2534 sig·
1780 2519 1784 2528 ¹

449 2569 599 2628 uideatur.
623 2571 735 2628 accersi
748 2565 818 2626 Bas.
836 2570 862 2624 1.
878 2569 905 2626 t.
926 2564 1016 2626 Fabr.
1034 2569 1058 2623 1.
1081 2565 1150 2625 Seu.
1173 2571 1198 2626 1.
1219 2566 1304 2626 Vrat.
1320 2571 1348 2626 1.
1369 2567 1455 2626 Febr.
1471 2568 1554 2628 Risii
1568 2569 1653 2627 Rem.

448 2675 518 2734 Tur.
539 2675 600 2733 ant.
622 2675 763 2731 mcersiri
781 2671 850 2730 Par.
872 2689 897 2728 z.
919 2670 1005 2730 multi
1030 2671 1093 2730 alii.
1118 2676 1238 2746 arcessi,
1262 2676 1404 2732 arcessiri
1424 2673 1486 2732 alii.
1508 2673 1563 2731 cir.
1587 2691 1654 2747 quae

450 2781 489 2841 de
511 2781 618 2840 horum
640 2778 804 2836 verborum
828 2776 1003 2836 discrimine
1027 2793 1118 2852 supra
1140 2779 1345 2854 exposuimus.

531 2904 556 2947 c.
574 2886 640 2944 114.
656 2885 685 2954 0.
699 2886 832 2958 Scipione
852 2888 881 2940 et
895 2883 933 2941 M.
947 2882 1056 2940 Manlio
1070 2881 1140 2942 Bas.
1158 2885 1184 2940 1.
1200 2885 1226 2942 t.
1243 2886 1375 2959 Scipione
1391 2885 1482 2942 etiam
1496 2884 1565 2944 Par.
1580 2903 1606 2943 z.
1622 2891 1655 2944 et

449 2991 659 3072 plurimilibri.
671 2991 703 3049 in
711 2991 779 3049 Tur.
788 2994 847 3049 ant.
857 2993 888 3049 ct
896 3005 957 3048 rec.
965 3005 1138 3065 praenomen
1147 3007 1204 3049 om.
1214 2993 1270 3050 scd
1278 2995 1523 3071 Scipioneapcrtc
1533 2993 1654 3052 falsum.

450 3099 621 3177 Caepionem
643 3098 722 3156 enim
744 3112 781 3154 eo
798 3111 877 3154 anno
899 3095 1054 3154 consulem
1069 3095 1168 3154 fuisse
1187 3097 1264 3156 satis
1287 3101 1409 3156 constat
1425 3102 1456 3156 et
1475 3099 1656 3158 confirmant

450 3207 633 3283 scriptorum
648 3201 830 3278 testimonia,
852 3201 940 3260 codd.
963 3201 1083 3260 Wassii
1097 3206 1129 3260 et
1143 3201 1265 3260 Tacitus
1281 3201 1379 3261 Germ.
1396 3220 1420 3262 c.
1433 3206 1480 3262 37.
1495 3205 1531 3262 n.
1546 3205 1654 3263 Mando

451 3330 556 3372 omnes
570 3311 641 3370 libri
656 3311 786 3384 tuentur,
796 3308 895 3367 tribus
908 3307 996 3366 libris
1008 3308 1154 3384 exceptis,
1169 3306 1266 3368 Gucll.
1276 3311 1303 3369 9.
1317 3314 1348 3368 et
1362 3310 1480 3369 dnobus
1492 3309 1654 3382 Parisinis;

450 3419 518 3478 Par.
534 3419 643 3478 zenim
657 3433 728 3474 men.
750 3415 858 3474 Manlio
872 3414 966 3473 habet
981 3411 1037 3472 sed
1055 3430 1126 3471 mea.
1142 3414 1262 3490 punctis
1278 3419 1413 3474 notatum
1428 3420 1461 3474 et
1471 3419 1539 3493 poio
1554 3416 1611 3493 spl.
1624 3422 1656 3476 et

451 3525 483 3585 θ.
497 3523 605 3583 Manlio
620 3524 710 3582 etiarn
725 3518 824 3580 Guell'.
840 3522 886 3579 12.
911 3519 974 3579 lam
990 3520 1106 3578 Casium
1127 3519 1264 3578 ldontiain
1283 3521 1371 3579 simul
1386 3539 1452 3580 oum
1464 3521 1497 3589 Q.
1519 3521 1655 3582 Servilio

451 3632 593 3708 Cepione
614 3629 769 3690 consulem
791 3627 889 3688 tuisse
905 3629 1057 3686 testantur
1070 3625 1155 3684 Fasti
1171 3627 1350 3688 consulares
1365 3630 1398 3687 et
1411 3631 1532 3689 accedit
1545 3633 1656 3692 aucur-

450 3744 528 3803 ritas
549 3741 630 3802 Livii
651 3738 731 3816 Epit.
753 3755 843 3796 nxvrr.
865 3736 917 3795 ubi
933 3735 1068 3796 Orellius
1084 3752 1181 3811 nuper
1195 3738 1246 3796 Cn.
1265 3736 1370 3814 edidit,
1392 3743 1424 3797 et
1438 3737 1542 3797 Orosii
1555 3755 1587 3795 v.
1609 3739 1655 3819 16,

451 3851 503 3913 ubi
514 3850 668 3925 ·corrupte
691 3843 812 3919 quidem
828 3842 883 3902 sed
898 3846 996 3902 nmen
1012 3843 1044 3901 C.
1058 3841 1196 3901 Manilius
1218 3843 1372 3902 scribitur.
1395 3843 1529 3918 denique
1544 3847 1657 3903 nummi

451 3957 506 4017 cir.
528 3953 649 4013 Rasche
669 3949 742 4009 Lex.
762 3948 848 4008 Num.
870 3947 902 4007 P.
923 3965 964 4006 nr.
986 3966 1015 4025 p.
1037 3967 1056 4006 r.
1077 3964 1106 4023 p.
1125 3951 1138 4005 l
1155 3951 1187 4006 et
1204 3950 1270 4007 tat.
1286 3954 1317 4007 et
1338 3949 1558 4026 inscriptiones
1574 3950 1655 4028 apud

453 4060 574 4120 Gruter.
583 4075 612 4134 p.
621 4059 689 4116 207.
701 4056 798 4115 Orelli
809 4073 837 4114 n.
849 4056 936 4114 3697.
944 4054 983 4113 de
991 4069 1110 4113 nummo
1121 4051 1282 4112 Goltnianc
1292 4055 1346 4113 cir.
1355 4055 1475 4114 Morell.
1484 4055 1655 4117 Tbcsaura.

451 4185 481 4245 p.
496 4168 564 4226 523.
587 4162 741 4223 Ciceronis
754 4161 876 4236 quidem
890 4160 1060 4219 auctoritas
1071 4175 1126 4236 pro
1141 4158 1266 4218 Plancio
1278 4176 1303 4218 c.
1313 4163 1340 4218 5.
1351 4177 1408 4236 pro
1420 4161 1552 4220 Muraena
1567 4179 1592 4220 c.
1608 4165 1656 4221 17.

453 4276 490 4335 do
506 4274 556 4333 Or.
570 4292 590 4331 1.
605 4274 652 4344 28,
667 4271 719 4329 ubi
733 4269 825 4328 etiam
843 4270 893 4328 Cn.
912 4267 1015 4327 Manlii
1029 4267 1143 4326 mentio
1159 4267 1200 4343 lit,
1215 4283 1253 4326 eo
1269 4267 1447 4342 infirmatur,
1467 4270 1549 4342 quod
1564 4268 1655 4328 Orel-

450 4382 511 4442 lius
532 4397 643 4440 nosram
669 4377 831 4437 lectionem
864 4376 914 4436 Cn.
935 4375 1027 4434 Mattio·
1055 4373 1181 4452 induxit,
1212 4391 1278 4448 quae
1300 4373 1456 4433 scribendi
1478 4375 1655 4451 diversitas,

452 4493 485 4550 ut
506 4507 564 4566 ego
590 4487 712 4563 quidem
737 4488 848 4561 statuo,
878 4501 917 4543 ex
944 4483 1030 4542 varia
1061 4482 1310 4560 pronuntiatione
1332 4485 1409 4558 orta,
1441 4499 1520 4542 nunc
1540 4485 1656 4542 tantum

451 4596 589 4655 historias
603 4594 694 4653 tidem
709 4593 821 4667 elevat,
840 4593 897 4651 sed
910 4592 949 4651 ad
962 4591 1060 4668 ipsius
1076 4587 1176 4667 gentis
1186 4589 1306 4648 Manliae
1318 4591 1478 4649 historiam
1495 4590 1657 4649 illustran-

452 4703 520 4763 dam
541 4703 584 4761 nil
606 4703 688 4762 iacit.
722 4699 829 4776 Neque
856 4699 938 4774 quod
957 4696 1187 4758 Drakenborch.
1217 4696 1259 4754 ad
1278 4694 1345 4755 Liv.
1367 4695 1448 4773 Epit.
1468 4715 1559 4756 nxvn.
1591 4695 1656 4756 llu-
