3702 5600
444 639 516 707 526

442 838 644 898 consentiunt.
665 853 804 896 mmma
817 842 913 896 aerbo
926 837 1065 909 beneficio
1083 839 1125 898 its
1141 837 1212 898 Bas.
1228 839 1297 898 Par,
1319 840 1388 900 Vat.
1404 858 1482 900 mae.
1504 843 1530 900 lt.
1546 861 1572 900 o.
1597 861 1654 900 nu-

441 963 499 1025 per
519 945 642 1004 editum.
663 951 692 1002 el
710 947 812 1002 virtute
833 945 872 1002 ab
893 945 1002 1004 eodem
1024 946 1144 1004 editore
1162 963 1219 1022 per
1234 963 1379 1021 errorem,
1402 951 1434 1006 ut
1453 949 1581 1008 videtur
1596 966 1654 1007 ex-

440 1069 589 1130 pressum.
610 1068 678 1110 mom
698 1051 770 1108 bema
790 1081 829 1092 -
850 1068 914 1109 mea
932 1052 1014 1127 sacto
1030 1056 1060 1110 in
1074 1070 1135 1111 rem
1149 1053 1293 1127 publicam
1306 1055 1466 1125 procedant
1487 1055 1555 1112 Vat.
1572 1055 1654 1130 quod

441 1159 549 1222 Latine
572 1160 693 1235 quidem
715 1157 774 1216 dici
795 1163 900 1234 potest
920 1159 977 1217 sed
1001 1159 1063 1219 alio
1086 1177 1189 1218 sensu.
1216 1160 1320 1218 cedere
1347 1163 1379 1218 et
1408 1163 1568 1220 concedere
1590 1179 1653 1220 ser-

440 1267 508 1345 pius
531 1270 562 1324 et
583 1265 663 1341 apud
686 1265 821 1323 Tacitum
847 1267 878 1322 et
899 1281 990 1341 supra
1015 1265 1093 1342 apud
1116 1265 1283 1324 Salustium
1305 1281 1344 1323 ea
1365 1283 1458 1326 sensu
1485 1273 1652 1344 ponuntur,

441 1375 474 1431 ut
494 1371 561 1430 iere
584 1371 663 1429 idem
685 1371 728 1428 sit
748 1368 830 1445 quod
840 1375 1003 1444 peruenire,
1026 1375 1162 1445 transire,
1181 1371 1295 1442 redire,·
1316 1372 1371 1430 sed
1387 1373 1446 1431 hoo
1460 1373 1530 1432 loco
1546 1376 1652 1451 scrip-

440 1480 490 1538 tor
510 1478 549 1537 de
571 1493 722 1554 prospero
752 1493 898 1536 successu
921 1479 952 1534 et
977 1481 1088 1536 eventu
1119 1477 1260 1552 loquitur.
1291 1495 1357 1538 riom
1385 1485 1496 1538 mutare
1522 1481 1553 1538 ta
1578 1481 1651 1539 Bas.

441 1587 508 1646 Par.
539 1605 567 1644 x.
596 1585 649 1644 alii
681 1585 712 1642 id
741 1587 859 1658 motari,
895 1584 975 1658 quod
1006 1587 1164 1658 utrumque
1191 1588 1277 1643 recte
1307 1584 1426 1644 dicitur.
1456 1588 1511 1645 sert
1544 1587 1651 1646 inlini-

441 1693 521 1752 tivus
543 1691 637 1750 activi
658 1692 756 1768 magis
778 1690 818 1749 ad
846 1689 1005 1748 consilium
1035 1690 1150 1766 populi,
1181 1691 1233 1749 iul.
1265 1693 1383 1768 passivi
1414 1693 1453 1751 ad
1481 1695 1580 1771 ipsius
1602 1696 1652 1754 rai

440 1801 604 1860 utilitatem
625 1799 766 1858 refertur.
810 1797 871 1855 lam
893 1815 958 1856 curu
981 1804 1111 1871 reputate
1132 1817 1195 1858 cum
1217 1803 1321 1858 animis
1342 1805 1446 1858 uestris
1467 1809 1651 1860 antecesse-

439 1908 488 1982 rit,
519 1906 613 1966 lacile
641 1910 690 1964 est
721 1905 760 1963 all
790 1904 1020 1978 intelligendum
1052 1904 1144 1963 multo
1175 1907 1421 1981 praestantiorem
1448 1924 1519 1966 esse
1546 1909 1650 1966 inlini-

440 2015 534 2074 tivuut
555 2013 659 2087 activi,
690 2029 778 2086 quem
800 2010 882 2070 liber
903 2012 1035 2087 optimus
1057 2011 1213 2070 exhibeat.
1244 2019 1295 2071 aut
1315 2013 1469 2072 melariam
1490 2017 1650 2090 imapinum

438 2121 477 2180 de
508 2121 540 2179 vi
570 2120 728 2196 particulae
756 2118 828 2179 vide
855 2135 960 2194 supra,
997 2135 1065 2193 quae
1096 2119 1147 2177 hic
1176 2118 1276 2177 locum
1305 2138 1390 2178 suurn
1417 2119 1512 2178 multo
1536 2121 1649 2180 melius

439 2232 549 2302 tuetur,
578 2225 659 2302 quod
687 2230 719 2285 et
743 2231 825 2284 cetur
848 2228 989 2299 prosapia
1017 2228 1049 2283 et
1077 2225 1171 2284 inulla
1195 2229 1334 2299 imapimes
1364 2245 1419 2304 per
1444 2245 1478 2286 se
1505 2232 1575 2288 suut
1597 2228 1648 2285 di-

439 2351 531 2394 versa
557 2339 588 2393 et
617 2333 722 2391 verbis
747 2332 856 2391 mollius
885 2331 1018 2405 stipendii
1047 2331 1163 2390 additis
1193 2333 1290 2406 magis
1318 2333 1409 2390 etiam
1438 2334 1649 2410 seiunguntur.

438 2445 526 2514 Quem
554 2458 605 2500 oea
629 2445 829 2514 imperatorem
854 2441 981 2497 turmalis
1002 2438 1071 2496 Vat.
1094 2455 1161 2512 quae
1188 2440 1310 2513 quidem
1333 2439 1464 2498 turmula
1486 2439 1648 2499 sollemnis

437 2548 493 2608 cir.
517 2547 582 2606 Liv.
604 2566 624 2606 1.
646 2548 693 2604 22.
717 2546 762 2602 tt.
785 2563 812 2602 x.
837 2548 887 2618 113
918 2563 956 2602 rx.
984 2545 1033 2602 20.
1062 2544 1118 2602 sed
1145 2544 1207 2603 hoo
1233 2545 1303 2604 loco
1332 2551 1459 2621 propter
1485 2548 1648 2620 sequeutia

436 2674 496 2715 uon
519 2654 720 2727 admittenda;
747 2652 815 2726 quis
840 2653 919 2710 enim
941 2651 1002 2710 hoa
1024 2651 1122 2710 ierat:
1149 2669 1232 2726 quma
1252 2668 1304 2712 eos
1330 2656 1531 2727 imperatorem
1553 2656 1648 2710 iurei-

437 2766 498 2836 atia,
524 2765 550 2820 ia
571 2764 771 2834 imperatorem
793 2758 880 2816 aliam
901 2759 1035 2834 querat?
1068 2756 1163 2816 multo
1193 2757 1286 2832 igitur
1311 2758 1503 2835 probabilius
1524 2762 1582 2832 cst,
1604 2760 1647 2816 li-

435 2870 558 2929 brarios
580 2885 619 2928 ex
641 2866 844 2927 insolentiorc
867 2866 920 2924 illa
947 2865 1070 2924 dicendi
1096 2866 1216 2925 ratione
1246 2871 1392 2942 imperare
1412 2869 1431 2925 i.
1456 2885 1481 2926 e.
1504 2886 1567 2926 crim
1589 2873 1646 2926 im-

432 2979 517 3050 perio
538 2991 604 3032 esse
624 2977 694 3033 iuss.
715 3003 753 3014 -
769 2972 896 3031 finxisse
911 2975 1120 3046 imperatorem,
1143 2989 1231 3047 quarn
1247 2974 1441 3031 contrarium.
1469 2975 1576 3033 cadem
1590 2993 1645 3033 ra-

436 3082 480 3140 tio
504 3085 551 3139 ast
572 3079 760 3156 pronominis
788 3077 850 3153 ribi,
880 3077 961 3152 quod
990 3077 1112 3154 plurimi
1138 3077 1211 3136 libri
1233 3079 1356 3152 addunt,
1384 3081 1439 3138 sed
1462 3078 1645 3140 Basiliensis

437 3189 550 3249 omittit
570 3190 602 3246 et
624 3187 723 3246 Paris.
745 3205 770 3244 z.
793 3186 914 3262 punctis
941 3185 1067 3244 notavit.
1104 3183 1200 3244 Nemo
1227 3187 1305 3245 enirn
1324 3187 1383 3246 boc
1405 3187 1564 3246 commode
1584 3187 1646 3246 dici

436 3294 575 3370 potuisse
596 3292 765 3368 negaverit,
789 3290 846 3350 sed
867 3291 1060 3368 probabilius
1083 3292 1176 3350 etiam
1197 3297 1255 3365 est,
1277 3292 1352 3351 talia
1372 3310 1391 3350 a
1412 3293 1549 3352 librariis
1571 3295 1644 3354 addi

437 3417 525 3475 quam
547 3400 654 3474 amitti,
677 3405 708 3459 et
730 3399 808 3458 hana
829 3399 926 3475 ipsam
951 3398 991 3458 ob
1015 3415 1088 3471 rem,
1112 3398 1194 3473 quod
1227 3399 1292 3458 baec
1313 3403 1423 3477 sponte
1446 3417 1480 3458 sc
1502 3399 1644 3474 offerunt,

435 3502 517 3564 baud
539 3503 630 3564 facile
650 3504 841 3564 reiiciuutur.
876 3503 1018 3563 Ceterum
1041 3511 1172 3564 tractum
1188 3504 1359 3564 litterarum
1379 3507 1551 3564 accuratius
1566 3524 1644 3584 per-

434 3611 576 3685 sequenti
598 3611 758 3670 admodum
779 3611 814 3670 lit
833 3609 1007 3687 probabile,
1030 3611 1128 3686 ipsum
1156 3610 1233 3670 illud
1259 3627 1427 3688 pronomen
1450 3611 1520 3670 iude
1543 3617 1644 3671 ortum

435 3732 515 3791 esse,
542 3716 626 3789 quod
654 3733 694 3775 ex
716 3716 875 3775 vocabulis
897 3719 923 3776 ia
948 3720 1014 3791 imp.
1040 3716 1146 3776 eadem
1169 3716 1290 3792 syllaba
1315 3715 1450 3792 repetita
1475 3716 1567 3777 iacile
1588 3721 1644 3778 ribi

435 3825 509 3884 oriri
537 3826 644 3901 putuit.
674 3832 703 3884 et
729 3832 795 3884 acta
815 3829 955 3885 maiorum
980 3825 1050 3884 Bas.
1080 3825 1162 3900 quad
1191 3825 1284 3902 lange
1310 3825 1433 3901 plurimi
1461 3824 1532 3883 libri
1563 3826 1643 3885 mala

434 3932 584 4004 omittunt,
615 3931 672 3990 sed
702 3931 816 4006 optime
839 3929 944 3990 Graeca
959 3931 1102 3990 Romanis
1125 3933 1260 4008 apponit.
1282 3949 1323 3990 ec
1344 3937 1435 3990 matre
1455 3931 1549 3990 Abba
1572 3933 1642 3990 Vct

430 4039 545 4114 famant
568 4037 641 4095 libri
670 4036 845 4096 deteriores
870 4035 939 4096 San.
972 4044 995 4096 l.
1019 4036 1118 4096 Guell.
1140 4039 1168 4096 3.
1191 4038 1266 4097 Veu.
1293 4040 1320 4096 i.
1343 4041 1376 4096 et
1394 4038 1464 4096 Par.
1486 4057 1511 4096 z.
1533 4057 1571 4098 ur.
1596 4057 1642 4116 pr.

431 4146 545 4220 samara
564 4143 633 4202 Bas.
660 4143 729 4201 Vat.
757 4141 839 4218 quod
860 4143 956 4202 multo
983 4145 1188 4220 praestantius.
1231 4146 1341 4204 Altera
1365 4145 1420 4203 illa
1441 4144 1533 4205 lectio
1555 4147 1644 4206 fluxit

433 4266 472 4309 ex
494 4267 610 4324 erroro,
632 4229 721 4324 quad*
735 4255 830 4308 totam
852 4250 1018 4310 dictionem
1039 4255 1104 4310 imre
1124 4270 1168 4311 me
1187 4253 1348 4328 despicimt
1367 4253 1395 4310 iu
1412 4251 1526 4328 sarmul
1546 4271 1643 4330 repe-

433 4356 519 4415 titam
540 4373 611 4415 esse
634 4356 789 4432 volebant,
811 4356 867 4416 sed
886 4359 1001 4435 saciant
1020 4359 1093 4418 idem
1114 4364 1227 4419 tanturn
1249 4358 1289 4418 ad
1314 4359 1474 4434 despiciunt
1495 4359 1641 4419 releren-

432 4461 502 4520 dum
531 4465 588 4522 est.
619 4461 745 4521 Huiusce
771 4466 816 4521 rei
842 4481 895 4540 epo
926 4467 1049 4539 inopiam
1070 4468 1170 4539 patior
1190 4463 1260 4524 Bas.
1283 4465 1354 4524 Par.
1380 4469 1412 4524 et
1439 4481 1545 4525 omnes
1567 4465 1643 4524 libri

431 4574 544 4644 praeter
565 4569 755 4643 Vaticanum,
785 4571 836 4644 qui
855 4571 955 4648 fateor
977 4571 1111 4647 exhibet
1141 4574 1394 4649 prestantissima
1416 4572 1519 4646 lectio,
1550 4589 1642 4648 quam

432 4679 464 4734 et
483 4676 552 4752 ipse
567 4675 639 4734 olim
655 4692 833 4753 receperam
855 4681 887 4736 et
901 4678 1021 4738 nonnisi
1037 4679 1174 4738 codicum
1191 4679 1261 4738 Bas.
1276 4684 1307 4738 et
1321 4678 1389 4737 Par.
1405 4699 1430 4737 u.
1453 4680 1641 4740 auctoritate
