3576 5602
828 721 846 774 ⁸
1300 665 1364 733 let

165 865 298 922 mentitus
310 859 465 920 erratiles.
478 879 496 919 ι.
519 861 600 935 qued
613 861 753 937 elipeum
765 859 824 920 fuit
837 859 1044 938 reponendum
1062 879 1086 920 r.
1099 864 1146 922 19.
1158 862 1303 922 nobilitate
1316 863 1373 940 spl.

165 969 319 1028 momlilete
336 966 406 1026 Bas.
431 985 451 1024 ι.
475 966 556 1041 qued
578 983 619 1025 ex
639 971 740 1026 mente
762 965 889 1026 Salustii
911 966 1009 1026 selum
1031 967 1102 1026 huie
1127 968 1196 1027 loeo
1220 970 1374 1030 convenit.

166 1092 191 1134 e.
207 1077 255 1134 50.
281 1075 384 1134 orabat
408 1079 438 1134 im
461 1074 612 1134 audaciam
633 1073 702 1133 Bas.
719 1093 738 1132 ι.
770 1075 801 1132 et
822 1090 925 1134 omues
948 1071 1015 1132 iere
1038 1074 1118 1133 libri.
1140 1079 1318 1136 exercitator
1343 1080 1374 1135 ιἰι

165 1182 317 1240 medem
344 1198 389 1240 or.
417 1197 455 1240 ex
477 1181 566 1241 eedd.
592 1179 709 1240 Italicis
730 1179 810 1239 Med.
831 1180 858 1238 9.
881 1180 950 1240 Vat.
972 1184 999 1240 6.
1021 1181 1117 1240 Paris.
1140 1199 1167 1243 e.
1191 1200 1279 1257 quam
1302 1185 1374 1259 qui-

166 1289 235 1348 dem
257 1288 422 1346 verborum
443 1287 655 1346 traiectionem
677 1284 744 1361 fuit,
777 1286 829 1361 qui
850 1286 922 1346 iude
948 1291 1114 1363 repeteret,
1145 1290 1226 1363 quod
1254 1294 1375 1350 exerei-

165 1401 241 1454 talor
263 1399 294 1454 iu
315 1394 380 1452 arrd.
397 1393 579 1452 insolentius
600 1393 713 1452 dietum
735 1411 806 1453 esse
828 1393 991 1454 iudicabat.
1027 1393 1083 1453 sed
1105 1394 1165 1454 hee
1187 1397 1268 1472 apud
1283 1397 1374 1457 ’1αοί-

166 1507 227 1562 tum
250 1504 336 1560 certe
357 1501 435 1561 satis
467 1500 625 1574 irequeus;
659 1499 714 1559 eir.
736 1499 816 1558 llist.
844 1517 884 1558 ιν.
907 1502 962 1575 32;
989 1507 1115 1575 paretur
1136 1504 1165 1560 in
1194 1519 1245 1561 res
1271 1519 1375 1562 novar.

165 1607 275 1666 Annal.
299 1610 325 1666 1.
347 1609 394 1666 28.
416 1609 564 1665 nemaeimi
583 1610 614 1665 in
634 1607 755 1682 melpum,
778 1605 859 1685 apud
880 1624 969 1681 quem
992 1609 1021 1666 iu
1045 1609 1219 1668 universum
1234 1613 1265 1668 iri
1279 1628 1373 1689 praep.

165 1714 279 1790 saepius
310 1714 439 1772 alierum
465 1713 537 1772 loeo
564 1713 695 1789 ponitur.
730 1713 840 1774 Annal.
862 1715 889 1788 6,
913 1716 963 1772 22:
997 1717 1093 1774 emelia
1122 1718 1153 1773 in
1181 1715 1279 1790 temes,
1310 1717 1375 1778 lete

165 1821 244 1896 apud
256 1820 415 1879 deteriores
429 1837 501 1880 erre.
524 1818 602 1878 ilist.
626 1821 653 1894 3,
675 1821 853 1880 Silanorum
874 1824 957 1880 etam
979 1824 1009 1878 in
1030 1827 1150 1880 aetem
1170 1829 1269 1898 pentes
1291 1823 1374 1898 lepa-

165 1930 334 1986 tummim.
363 1925 424 1986 Sed
446 1943 514 2004 que
534 1926 573 1984 V.
597 1925 750 1986 marturii
770 1928 810 1986 all
832 1931 1016 1987 structuram
1041 1928 1145 1986 orabat
1172 1932 1202 1986 in
1223 1929 1374 1990 audaciam

165 2033 386 2106 illustrandam,
408 2051 426 2091 a
448 2037 555 2092 uestro
577 2031 648 2092 leee
669 2032 770 2091 aliena
793 2037 879 2092 suut:
903 2037 1101 2093 incommune
1122 2035 1298 2111 consultare,
1320 2053 1374 2095 re-

165 2140 249 2215 liqua
277 2140 306 2198 in
333 2155 490 2199 commuue
519 2138 658 2198 dieeutur
679 2139 755 2198 Pliu.
778 2138 812 2197 N.
829 2139 863 2198 ll.
886 2159 964 2198 xxm
995 2143 1048 2216 223
1079 2141 1162 2200 idem
1181 2159 1244 2204 xvr.
1267 2144 1315 2202 79.
1344 2145 1376 2202 in

161 2248 278 2323 plemam
299 2245 403 2304 diuma
436 2246 528 2322 paulo
559 2247 687 2323 propius
707 2246 831 2305 aeeedit
862 2245 999 2306 Graeeum
1027 2239 1129 2308 εἰπεῖν
1160 2241 1206 2320 εἰς
1238 2235 1374 2329 ἀγαθόν,

165 2349 338 2436 προκαλεῒν
366 2373 436 2414 τινα
463 2337 497 2425 ἒς
528 2339 680 2426 σπονδάς,
712 2359 744 2413 et
774 2353 892 2413 Ruhuk.
924 2356 1009 2413 reete
1031 2357 1126 2413 tetam
1151 2354 1230 2414 haue
1252 2356 1375 2416 dicendi

164 2462 316 2522 rationem
337 2459 376 2518 ad
399 2457 535 2518 Graeeam
558 2458 680 2518 rettulit
701 2460 863 2536 originem:
892 2477 931 2517 ex
952 2459 1069 2519 Latinis
1091 2461 1229 2537 proxime
1256 2464 1376 2522 aeredit

165 2572 281 2628 mulleri
307 2571 337 2626 ιἰι
365 2567 533 2644 leputionem
562 2584 609 2643 ap.
633 2565 694 2625 Cie.
729 2565 806 2644 Epp.
828 2567 867 2626 ad
896 2566 961 2625 Att.
982 2585 1012 2625 ιι.
1047 2569 1092 2626 18.
1130 2567 1254 2626 Sueten.
1280 2567 1375 2644 Galig.

166 2695 192 2737 e.
203 2679 242 2736 22
257 2680 312 2735 irim
321 2676 432 2734 Limum
444 2677 476 2731 in
486 2673 646 2748 amplexura,
669 2673 755 2750 Virg.
769 2673 847 2734 Aen.
862 2693 914 2733 vu.
930 2677 998 2734 172.
1021 2692 1087 2735 sese
1101 2675 1196 2735 llumli
1212 2677 1375 2736 extortam·

166 2792 213 2844 tur
226 2793 256 2844 in
266 2799 358 2844 erma.
379 2782 435 2842 sed
451 2799 550 2857 neque
565 2781 624 2840 hoe
640 2781 682 2840 ita
698 2786 904 2857 comparatum
921 2785 977 2854 est,
993 2783 1026 2840 ut
1040 2783 1079 2841 ed
1094 2800 1270 2859 perversam
1286 2782 1375 2843 huius

165 2891 228 2953 leei
248 2892 411 2950 lectionem
432 2888 607 2947 firmandam
626 2886 731 2946 faeere
744 2887 858 2963 pessit;
880 2888 983 2947 abdita
1001 2888 1058 2964 spl
1074 2889 1123 2947 vel
1139 2889 1243 2948 additia
1255 2889 1325 2950 Bas.
1356 2909 1374 2968 ι,

249 3017 275 3058 e.
298 3001 334 3056 51
361 2996 450 3054 Varr.
473 2994 625 3054 lectiones
647 2993 713 3052 eod.
745 2992 816 3051 Bas.
838 3012 858 3052 1.
892 2995 1035 3068 Opelres
1056 3011 1167 3053 eom-
1180 2996 1376 3056 radiorum-

165 3111 316 3181 irwoeptum
338 3143 366 3150 -
384 3105 548 3176 repperitur
561 3133 594 3143 -
605 3103 692 3158 eitum
714 3105 804 3174 aperti
819 3100 876 3175 spl.
899 3101 1046 3160 111211-
1062 3101 1098 3160 D.
1113 3101 1252 3160 Silianam
1263 3133 1302 3144 -
1316 3103 1376 3162 Sil·

168 3215 233 3274 lrme
251 3245 290 3254 —
303 3228 395 3287 penus
411 3225 516 3284 puerroe
534 3225 598 3267 nov.
618 3237 654 3245 --
668 3223 761 3284 neque
781 3205 878 3281 plodio
897 3206 954 3283 spl.
977 3206 1015 3266 al.
1030 3207 1138 3283 predio
1160 3245 1191 3254 -
1215 3211 1242 3266 ei
1259 3213 1374 3285 mepal-

166 3321 232 3381 tudo
249 3349 288 3360 -
313 3323 365 3376 eut
377 3317 444 3376 elim
465 3315 542 3391 lepre
564 3345 599 3354 -
614 3313 684 3390 quid
704 3315 835 3372 corruenti
854 3342 890 3352 -··
910 3329 993 3371 arrum
1013 3313 1070 3371 tela
1084 3319 1170 3390 atque
1185 3314 1322 3374 militaria
1337 3345 1376 3358 -

166 3427 376 3501 indempnatum
389 3458 422 3466 —
437 3421 521 3480 letari
533 3453 570 3462 —
585 3422 615 3478 ln
625 3435 728 3478 mamus
738 3422 823 3478 rit—
832 3419 1000 3494 derupnetis.
1021 3420 1165 3495 Aquibus
1176 3420 1297 3495 quidem
1309 3422 1376 3481 lee-

167 3533 302 3594 tionibus
318 3546 407 3605 quam
428 3528 468 3587 ul)
489 3544 553 3586 reru
568 3526 766 3586 diseesserim
788 3525 839 3584 vel
854 3543 910 3603 per
925 3543 960 3586 se
981 3526 1106 3600 elerum,
1129 3527 1181 3585 vel
1194 3527 1254 3586 iam
1271 3528 1376 3604 paueis

168 3655 325 3716 exponam.
357 3638 466 3695 Oaute
479 3633 657 3692 venativum
674 3633 818 3691 emittere
837 3632 996 3706 sollemne,
1017 3650 1075 3692 uee
1086 3634 1148 3692 uisi
1169 3632 1253 3711 apud
1265 3639 1376 3710 poetes

167 3747 206 3806 ad
235 3743 447 3804 commotioris
478 3739 569 3800 animi
595 3737 724 3798 effeetus
752 3739 971 3815 exprimendus
1002 3741 1117 3816 passim
1146 3741 1290 3816 occurrit,
1320 3739 1376 3800 eir.

169 3852 250 3928 Virg.
275 3851 341 3909 Aen
356 3869 375 3907 1.
388 3850 437 3909 76.
461 3847 550 3920 Tuus,
572 3843 719 3920 pregium
742 3843 814 3918 quill
829 3850 927 3921 optes,
951 3846 1116 3922 explorare
1138 3845 1234 3906 labor.
1250 3846 1293 3905 ld.
1307 3848 1375 3906 198.

167 3958 301 4032 Osecii,
325 3972 423 4030 neque
446 3953 524 4013 euim
547 3952 646 4027 ignari
668 3968 772 4009 sumus
793 3956 865 4010 ante
893 3951 1049 4010 malorum.
1076 3953 1136 4010 327
1165 3951 1204 4010 01
1234 3969 1323 4027 quam
1343 3955 1375 4012 te

167 4081 341 4138 memorem,
363 4063 475 4139 virgei
496 4091 528 4100 -
549 4059 757 4132 Odeaeerte,
779 4056 940 4116 anPlroebi
957 4073 1049 4116 seror
1102 4059 1170 4116 522.
1203 4057 1375 4134 Ollegina,

168 4190 278 4232 nevam
308 4172 357 4231 eui
378 4169 516 4247 luppiter
540 4167 647 4226 urbem
670 4167 727 4224 ete.
769 4164 845 4223 Aen.
866 4183 908 4223 ιν.
931 4167 967 4223 31
1006 4163 1121 4223 Oluee
1143 4163 1239 4240 magis
1261 4163 1377 4224 dileete

167 4280 279 4354 sorori,
301 4283 360 4337 ete.
397 4275 444 4334 Ex
459 4273 572 4334 ueteris
594 4289 674 4330 varr.
697 4271 764 4329 sola
780 4270 873 4330 lectio
892 4275 922 4329 in
939 4288 1043 4331 mercer
1058 4269 1138 4329 haud
1153 4273 1375 4331 contemnenda

166 4385 304 4458 videtur,
337 4383 449 4459 quippe
477 4397 566 4455 quam
602 4377 716 4453 aliquis
748 4395 814 4435 eum
844 4377 978 4436 dictione
1020 4381 1051 4436 im
1079 4383 1246 4453 polestutem
1269 4378 1376 4437 tabere

167 4491 229 4551 Sal.
252 4491 315 4566 lug.
343 4493 406 4549 112.
428 4493 458 4547 in
480 4487 638 4546 mraiodium
658 4486 783 4544 labilem
804 4483 870 4542 Liv.
884 4487 931 4560 22,
949 4486 996 4558 25,
1019 4502 1082 4560 qum
1102 4487 1140 4543 rit
1159 4487 1191 4542 iu
1209 4490 1376 4558 potestatem

167 4603 335 4673 optimemrm
350 4597 410 4656 Ciu.
425 4595 518 4670 Legg.
533 4597 560 4664 3,
577 4595 613 4652 17
625 4591 773 4651 eouieret.
795 4591 858 4650 Sed
873 4608 939 4651 eum
954 4591 1034 4650 elias
1048 4594 1078 4648 iu
1091 4607 1186 4663 mune,
1202 4594 1232 4648 iri
1245 4590 1376 4649 maniter

168 4709 209 4767 sit
223 4703 513 4782 frequentissimum,
535 4699 659 4759 videtur
676 4697 768 4756 etiam
782 4697 849 4756 luaee
863 4697 957 4759 leetie
976 4697 1047 4758 iude
1065 4701 1132 4758 orta
1154 4713 1234 4772 esse,
1257 4697 1339 4773 qued
1354 4695 1374 4756 S
