3582 5594
1304 671 1350 742 93

155 877 262 938 motus
287 865 419 937 insolita
444 889 481 936 re
506 867 621 936 mirari
646 867 716 937 eius
742 865 916 938 consilium
938 876 971 938 et
986 869 1082 961 quasi
1099 890 1158 961 per
1174 870 1353 940 amicitiam

154 1013 303 1071 monere,
330 1013 372 1060 ne
397 1000 465 1060 tam
483 1014 585 1084 prava
601 991 773 1084 inciperet,
798 1013 864 1061 neo
881 1001 949 1061 tam
975 1014 1074 1085 super
1097 994 1263 1065 fortunam
1280 995 1355 1065 ani-

155 1137 246 1184 mum
275 1125 427 1206 gereret;
453 1137 520 1184 non
546 1116 656 1185 omnia
681 1116 834 1186 omnibus
860 1115 1026 1208 cupiunda
1052 1139 1133 1200 esse,
1160 1117 1281 1190 debere
1307 1120 1356 1190 illi

155 1261 208 1308 res
233 1261 312 1309 suas
337 1241 414 1308 satis
438 1240 588 1331 placere:
615 1249 780 1331 postremo
805 1251 937 1309 caveret
961 1240 995 1310 id
1021 1252 1175 1333 appetere
1197 1245 1355 1337 apopulo

155 1365 317 1444 Romano,
349 1363 436 1457 quod
461 1363 512 1432 illi
537 1363 609 1433 inre
634 1373 822 1455 negaretur.
865 1366 1042 1457 Postquam
1068 1365 1140 1435 baec
1165 1377 1263 1459 atque
1289 1369 1356 1439 alia

155 1487 233 1556 talia
251 1487 344 1570 dixit,
369 1511 476 1581 nequo
494 1487 623 1557 animus
639 1488 736 1559 blarii
754 1487 906 1570 flectitur,
933 1489 1111 1582 respondit,
1137 1491 1195 1560 ubi
1211 1492 1356 1584 primum

154 1613 315 1706 potuisset
338 1635 399 1705 per
422 1613 555 1703 negotia
579 1611 723 1704 publica,
750 1612 913 1682 iacturum
938 1635 1009 1682 sese
1035 1636 1108 1708 quae
1134 1625 1269 1708 peteret.
1307 1619 1357 1687 dc

154 1747 270 1830 postea
304 1739 423 1831 sapius
456 1737 573 1807 eadem
606 1736 784 1829 postulanti
810 1737 914 1807 fertur
942 1737 1076 1820 dixisse,
1114 1763 1157 1808 ne
1191 1739 1359 1810 festinaret

156 1859 271 1938 abire:
298 1860 374 1928 satis
391 1870 520 1929 mature
545 1859 641 1930 illum
667 1881 742 1928 curn
767 1858 836 1932 lilio
861 1881 921 1928 suo
944 1861 1149 1930 consulatum
1165 1862 1357 1955 petiturum.

156 1985 187 2054 ls
214 2007 255 2052 eo
279 1995 428 2076 tempore
453 1983 668 2053 contubernio
694 1983 794 2074 patris
819 1982 943 2052 ibidem
959 1985 1134 2055 militabat
1164 2007 1268 2056 annos
1296 2011 1359 2060 na-

157 2121 210 2178 tus
236 2108 369 2178 circiter
392 2106 528 2198 viginti3
560 2127 634 2198 quae
659 2128 712 2174 res
737 2105 880 2177 diarium
906 2129 982 2176 com
1007 2129 1068 2200 pro
1094 2108 1232 2192 honore,
1259 2134 1358 2204 quem

157 2231 355 2311 adfectabat,
394 2240 463 2299 tum
488 2237 601 2298 contra
626 2229 796 2300 Metellum
820 2229 1034 2300 vehementer
1060 2233 1265 2304 accenderat.
1309 2238 1360 2306 lta

158 2357 314 2450 cupidine
348 2365 446 2446 atque
480 2353 540 2434 ira,
574 2353 735 2446 pessumis
761 2354 1014 2436 consultoribus,
1054 2358 1212 2446 grassari;
1251 2381 1359 2453 neque

157 2482 245 2552 iacto
270 2481 340 2550 ullo
364 2501 475 2572 neque
500 2479 588 2549 dicto
605 2477 782 2561 abstinere,
807 2480 894 2573 quod
912 2481 1010 2551 modo
1028 2482 1238 2554 ambitiosum
1257 2486 1358 2566 ioret;

158 2605 294 2685 milites,
319 2603 441 2698 quibus
464 2604 499 2672 in
518 2602 666 2674 bibernis
688 2613 837 2695 praerat,
864 2605 989 2675 laxiore
1016 2605 1155 2698 imperio
1178 2632 1278 2701 quam
1297 2634 1360 2681 an-

158 2741 213 2800 tea
230 2727 372 2799 babere:
400 2727 486 2820 apud
505 2727 738 2818 negotiatores,
765 2751 906 2820 quorum
928 2751 1049 2820 magna
1066 2731 1240 2804 multitudo
1260 2737 1362 2807 Uticae

160 2861 249 2935 erat,
289 2853 466 2923 criminose
499 2852 599 2922 simul
629 2864 663 2922 et
695 2853 871 2943 magnilica
898 2853 938 2923 de
964 2856 1054 2926 bello
1079 2858 1188 2951 loqui:
1225 2861 1362 2932 dimidia

159 3002 236 3072 pars
263 2979 427 3049 exercitus
453 2978 480 3046 si
506 2977 567 3047 sibi
594 2979 850 3070 permitteretur,
884 2981 998 3073 paucis
1028 2982 1144 3053 diebus
1168 2986 1363 3076 Iugurtham

160 3104 195 3173 in
214 3103 339 3174 catenis
358 3091 567 3184 habiturum;
594 3103 636 3172 ab
654 3104 851 3195 imperatore
869 3105 1018 3175 consulto
1035 3107 1131 3189 trabi,
1157 3109 1246 3200 quod
1265 3108 1364 3180 homo

161 3227 272 3296 inanis
299 3237 333 3294 et
357 3225 458 3317 regiae
485 3224 648 3318 superbiae
671 3225 811 3318 imperio
828 3227 926 3296 nimis
944 3228 1113 3319 gauderet.
1153 3231 1236 3314 Quae
1254 3235 1364 3304 omnia

161 3351 229 3422 illis
253 3373 295 3420 eo
322 3347 470 3419 lirmiora
494 3349 704 3429 videbantur,
731 3349 818 3441 quod
843 3349 1055 3422 diuturnitate
1082 3353 1162 3423 belli
1186 3378 1240 3425 res
1266 3357 1365 3427 sarni-

160 3476 260 3546 liares
287 3485 513 3565 corruperant,
541 3485 574 3542 et
598 3473 709 3544 animo
736 3473 880 3566 cupienti
906 3476 991 3546 nibil
1017 3477 1095 3546 satis
1121 3479 1303 3551 festinatur.

237 3623 317 3670 axv.
368 3601 449 3670 Erat
480 3609 641 3693 praterea
672 3599 705 3668 in
736 3600 882 3670 exercitu
908 3611 1021 3671 nostro
1045 3604 1188 3674 Numida
1216 3606 1364 3699 qnidam,

162 3726 297 3794 nomino
324 3723 451 3805 Gauda,
491 3721 724 3793 Mastanabalis
759 3721 857 3802 lilius,
898 3725 1077 3794 Masinissa
1112 3749 1226 3821 nepos,
1265 3754 1366 3822 quem

161 3849 299 3939 Micipsa
325 3855 520 3916 testamento
546 3844 729 3915 secundum
751 3844 907 3915 heredem
929 3847 1114 3939 scripserat,
1143 3850 1266 3921 morbis
1285 3876 1367 3923 con-

163 3973 268 4044 iectus
285 3983 318 4042 et
341 3972 385 4042 ob
411 3993 485 4040 eam
511 3993 645 4041 causam
670 3980 780 4039 mente
802 3971 975 4062 paululum
999 3972 1170 4044 inminuta.
1215 3975 1276 4046 Cui
1294 3979 1367 4048 ble-

164 4097 263 4167 tellus
279 4095 404 4189 potenti
430 4117 521 4164 more
546 4116 663 4185 regum
681 4104 717 4163 ut
733 4093 850 4162 sellam
868 4093 958 4163 iuxta
979 4104 1128 4186 poneret,
1156 4097 1238 4167 item
1254 4114 1367 4192 postea

165 4221 322 4292 custodia
348 4243 465 4292 caussa
489 4232 632 4290 turmam
658 4219 806 4312 equitum
832 4219 1069 4302 Romanorum,
1102 4233 1280 4316 utrumque
1306 4250 1368 4297 ne-

166 4357 320 4436 gaverat:
347 4345 520 4428 honorem,
545 4343 633 4438 qood
659 4365 775 4412 eorum
800 4342 899 4412 modo
918 4342 1015 4424 soret,
1044 4367 1126 4436 quos
1144 4349 1283 4440 populus
1300 4350 1370 4420 llo·

167 4491 285 4540 manus
310 4489 407 4560 reges
425 4466 671 4560 appellavisset;
698 4463 899 4559 praesidium,
927 4465 1016 4558 quod
1042 4470 1315 4540 contumeliosum
1335 4472 1370 4541 in

168 4617 224 4663 cos
256 4595 353 4676 foret,
391 4592 419 4661 si
455 4592 581 4684 equites
607 4591 747 4662 Romani
780 4590 936 4660 satellites
967 4592 1119 4662 Numida
1152 4595 1369 4665 traderentur.

168 4719 266 4788 Hunc
290 4715 418 4787 ilarius
443 4714 577 4784 anxium
603 4713 796 4806 aggreditur
821 4722 919 4805 atque
945 4714 1104 4800 bortatur,
1135 4728 1171 4786 ut
1199 4727 1371 4788 contume-
