3554 5600
633 1407 764 1477 ntnuu
803 1409 842 1476 V.

212 1605 388 1674 Seditioncs
403 1606 440 1673 io
458 1608 595 1676 accrate
619 1609 744 1676 Luculli
769 1631 789 1677 a
811 1609 1045 1686 Clodianarum:
1070 1632 1118 1678 rcs
1143 1609 1181 1678 ob
1204 1611 1342 1677 militum

137 1731 318 1798 socordiam
336 1731 419 1798 male
434 1733 567 1820 ueritas.
611 1732 724 1801 lb'licia
742 1733 909 1824 prouincia
926 1735 970 1802 ad
993 1734 1151 1803 Marcium
1174 1733 1341 1802 translata.

139 1853 217 1943 Leuc
245 1855 386 1925 Gabinia
412 1856 524 1926 bellum
547 1859 718 1950 piraticocm
745 1859 891 1950 Pompeio
919 1860 1088 1948 quaedum
1113 1859 1340 1934 demandatur:

136 1978 220 2046 idun
244 1979 281 2046 ia
306 1980 447 2070 Pbryaia
472 1983 638 2050 lucullum
663 1983 813 2050 conuenit.

215 2425 246 2498 l.
281 2429 324 2496 At
350 2426 521 2508 Lucullus,
555 2426 668 2497 audito
694 2427 737 2511 Q.
763 2427 927 2498 Marcium
953 2427 1079 2519 Regem
1106 2431 1340 2521 proconsulem

139 2573 197 2642 per
231 2551 432 2643 Lycaoniam
468 2575 543 2621 curn
576 2551 680 2622 tribus
721 2551 906 2643 legionibus
938 2551 972 2620 in
1007 2551 1158 2624 Ciliciam
1191 2553 1338 2625 tendere.

139 2675 171 2742 2.
204 2674 370 2763 Legiones
395 2674 581 2744 Valeriana
607 2685 786 2768 comperto,
820 2674 895 2766 lege
921 2674 1062 2745 Gabinia
1089 2675 1277 2770 Bithyniam
1308 2688 1341 2747 et

139 2799 276 2868 Pontum
303 2799 430 2869 consuli
457 2798 581 2880 datum,
615 2821 687 2869 sese
719 2801 845 2869 missos.
891 2799 925 2869 3.
960 2801 1087 2891 Regem
1118 2801 1338 2871 aversabatur.

139 2923 171 2991 l.
198 2922 306 2993 Ceteri
334 2923 465 3014 negotia
490 2924 714 3016 sequebantur
739 2923 916 2992 familiaria
940 2924 1125 3015 legatorum
1152 2936 1210 2993 aut
1233 2925 1340 2994 tribu·

139 3070 269 3126 norum,
296 3060 328 3117 et
346 3071 421 3141 pars
438 3072 510 3130 sna,
525 3049 761 3119 commeatibus
781 3050 945 3119 mercatis.
985 3049 1019 3120 5.
1038 3051 1137 3142 Spem
1151 3049 1339 3119 celebritate

140 3246 165 3305 1.
185 3245 283 3305 Prisc.
306 3248 354 3306 18.
374 3248 402 3305 b.
428 3249 493 3306 122.
536 3249 563 3306 2.
584 3247 667 3307 idem
686 3248 762 3309 ibid.
783 3264 812 3324 p.
836 3250 903 3307 123.
925 3247 958 3306 in
971 3245 1065 3307 Godtl.
1092 3251 1142 3306 est
1162 3263 1239 3322 eeco;
1265 3246 1338 3305 inde

138 3367 202 3412 me
214 3352 297 3428 qnod
312 3355 519 3414 necessarium
541 3355 598 3428 ost,
620 3371 658 3414 ex
676 3353 854 3415 oonioetura
873 3354 1056 3413 restitutum.
1098 3356 1125 3411 3.
1148 3353 1254 3412 Arrns.
1269 3369 1293 3412 s.
1307 3369 1337 3412 v.

138 3475 181 3519 aa.
207 3478 237 3537 p.
267 3462 335 3520 216.
386 3461 413 3518 b.
441 3459 518 3521 Non
550 3463 616 3520 138.
646 3463 693 3520 10.
739 3463 767 3520 5.
795 3460 892 3520 Prisc.
926 3462 970 3519 18.
1000 3461 1027 3518 b.
1060 3462 1125 3518 123.
1152 3475 1260 3535 magna
1288 3464 1361 3519 ost.

138 3565 302 3627 lectionum
322 3566 469 3626 varietas.
491 3565 563 3626 voa.
585 3565 648 3626 Eri.
665 3569 748 3642 span
768 3567 936 3627 salubritate
957 3570 1016 3627 ota.
1038 3565 1112 3626 Coti.
1134 3566 1213 3625 blan.
1235 3565 1269 3624 B.
1282 3567 1338 3641 Spe

138 3671 308 3732 celebritate.
340 3671 401 3734 MS.
422 3671 552 3750 benger.
573 3675 656 3756 Spem
681 3673 766 3734 celeb.
790 3671 851 3734 blS.
875 3671 972 3750 prb.
992 3674 1066 3748 Sapo
1089 3671 1259 3732 celebritatis
1279 3689 1336 3732 uo-

138 3783 219 3841 nioe.
262 3779 348 3839 Unde
361 3779 474 3855 aliquis
489 3785 575 3840 recte
589 3779 734 3840 coniciet:
754 3782 837 3856 Spem
856 3779 1018 3840 celebritate
1032 3782 1154 3838 nombrtc
1167 3783 1185 3837 i.
1199 3785 1217 3837 t.
1231 3784 1263 3838 et
1276 3778 1337 3839 boa

138 3885 177 3944 ad
197 3885 319 3946 Gabinii
341 3886 509 3946 orationem
530 3885 655 3962 referat,
678 3886 729 3962 qni
750 3883 889 3946 Catulum
914 3885 1054 3962 aliosque
1076 3885 1186 3945 bonori
1199 3886 1338 3962 Pompeii

139 3993 348 4053 obtrectantes
362 3992 412 4052 bis
424 3992 526 4052 verbis
538 3993 759 4070 perstrinxisse
777 3993 912 4064 videbun
938 3991 994 4052 sed
1016 3992 1107 4052 etiarn
1127 3991 1251 4068 vulgate
1269 3991 1337 4052 lec·

140 4099 194 4159 tio:
216 4116 294 4176 πρε
312 4099 503 4159 celebritatem
524 4102 582 4160 eta.
604 4098 682 4160 lerri
696 4103 812 4176 potest;
838 4097 1085 4159 contristabo.
1103 4100 1206 4174 qratia
1224 4097 1337 4158 malea

139 4205 267 4266 lireblio
289 4207 458 4282 repositum
476 4205 588 4279 iudico,
611 4204 704 4281 idque
728 4220 766 4263 ex
781 4199 881 4264 Catuli
901 4205 1042 4264 oratione
1057 4205 1234 4280 ercumbam
1256 4221 1336 4280 esse,

139 4314 189 4388 qui
209 4330 284 4372 vora
306 4311 457 4372 santorum
478 4311 616 4389 Pompeii
637 4311 769 4372 consilia
788 4312 916 4389 aperuit
948 4313 1063 4369 tantum
1085 4327 1174 4370 unum
1199 4311 1336 4370 vocubu-

139 4417 197 4478 lum
217 4423 321 4496 qratia
340 4434 388 4478 nne
409 4417 489 4477 male
510 4418 612 4493 babet,
635 4419 716 4494 qnod
742 4418 843 4478 alieno
864 4417 935 4477 loco
957 4417 1090 4494 positam
1112 4433 1185 4476 esse
1199 4416 1336 4492 videtur;

139 4531 284 4604 mabam
313 4529 372 4600 ire,
398 4524 481 4601 qnod
507 4523 664 4602 vulgatum
689 4528 745 4599 oet,
776 4527 808 4583 et
833 4521 941 4584 Latine
968 4531 1053 4585 route
1081 4525 1203 4598 (licitur,
1237 4539 1337 4598 neque

138 4632 176 4691 ab
210 4633 269 4692 boc
303 4631 373 4692 loco
407 4630 540 4692 alienum
572 4646 642 4690 esse
676 4631 807 4702 videtu,
842 4630 895 4689 nbi
928 4629 1104 4691 Priscianus
1142 4629 1335 4708 participium

138 4756 193 4814 pro
214 4737 364 4799 infinitivo
385 4737 518 4815 positum
539 4753 610 4797 esse
624 4735 699 4797 vult.
730 4733 798 4796 Etsi
812 4741 964 4796 structure
972 4743 1176 4812 mopermem
1189 4739 1335 4813 quautam

1178 4843 1213 4900 16
