3610 5592
497 673 545 744 30

495 881 626 944 senatus
651 870 816 951 decernit,
842 867 1013 962 Tarquinii
1039 868 1197 940 indicium
1212 869 1331 940 lalsnm
1348 869 1466 952 sideri,
1494 891 1633 963 eumque
1656 868 1687 938 in

495 997 635 1068 vinculis
675 994 901 1075 retinendum,
940 1014 1048 1085 neque
1085 993 1226 1086 amplius
1262 1003 1453 1087 potestatem
1495 993 1689 1073 faciundam,

494 1121 559 1192 nisi
582 1120 624 1190 do
649 1143 689 1190 eo
713 1119 892 1200 indicaret,
919 1116 1013 1187 cuius
1027 1117 1165 1188 consilio
1190 1125 1396 1188 tantamrem
1422 1127 1506 1186 esset
1530 1116 1690 1187 mentitus.

493 1246 597 1314 Erant
613 1266 653 1313 eo
678 1253 825 1336 tempore
851 1243 909 1335 qni
926 1241 1180 1324 existumarent,
1208 1241 1290 1312 illud
1309 1240 1466 1310 indicium
1491 1243 1559 1310 al’.
1573 1243 1692 1312 Autro-

493 1369 549 1438 nio
574 1367 818 1448 macbinatnm‚
844 1390 911 1460 quo
936 1365 1065 1436 facilius
1090 1365 1256 1458 appellato
1281 1366 1400 1436 Crasso
1424 1388 1485 1458 per
1509 1365 1692 1435 societatem

492 1491 633 1586 periculi
667 1490 812 1585 reliquos
845 1490 935 1560 illius
972 1488 1117 1582 potentia
1147 1499 1282 1579 tegeret.
1334 1488 1402 1560 Alii
1426 1489 1641 1581 Tarquinium
1674 1511 1692 1557 a

494 1616 655 1686 Cicerone
691 1615 862 1684 inmissum
900 1612 1050 1696 aiebant,
1088 1635 1131 1682 ne
1156 1612 1293 1684 Crassus
1325 1635 1416 1683 more
1451 1635 1510 1684 sno
1547 1623 1694 1705 suscepto

492 1740 656 1811 malorum
673 1737 856 1831 patrocinio
873 1759 945 1806 rem
962 1737 1131 1829 publicam
1149 1739 1372 1808 conturbaret.
1415 1739 1527 1831 lpsum
1539 1739 1693 1809 Crassum

493 1885 557 1955 ego
590 1872 701 1955 postea
735 1861 969 1954 pradicantem
1000 1861 1129 1942 audivi,
1166 1871 1293 1932 uotam
1328 1862 1421 1933 illam
1459 1861 1693 1932 contumeliam

491 1985 555 2056 sibi
580 2008 601 2055 a
625 1984 785 2054 Cicerone
811 1984 1007 2076 impositam.

564 2127 658 2178 xnrx.
697 2106 762 2176 Sed
775 2105 880 2176 isdem
897 2105 1098 2198 temporibus
1113 2105 1155 2189 0.
1167 2106 1301 2178 Catulus
1311 2117 1343 2176 et
1356 2109 1395 2178 C.
1410 2108 1485 2178 Piso
1497 2131 1606 2201 neque
1619 2131 1699 2201 prc-

492 2229 585 2300 cibus
609 2251 718 2321 neque
736 2229 970 2321 gratiamque
988 2229 1094 2322 pretio
1108 2229 1301 2300 Ciceronem
1320 2229 1493 2323 impellere
1509 2241 1697 2323 potuerunt,

491 2353 539 2424 nti
551 2353 817 2446 perAllobroges
830 2361 886 2423 aut
899 2351 1071 2446 puralium
1084 2351 1227 2422 indicem
1238 2353 1278 2422 C.
1288 2351 1399 2422 Caesar
1415 2353 1700 2427 lalsonominare-

490 2489 556 2548 tur.
582 2478 668 2548 Nam
680 2486 821 2568 uterque
834 2498 910 2546 cum
928 2475 986 2546 illo
1004 2497 1121 2566 graves
1129 2474 1316 2544 inimicitias
1333 2477 1528 2548 exercebat:
1546 2479 1620 2548 Piso
1636 2481 1701 2550 ob-

489 2612 654 2696 pugnatus
671 2601 705 2673 in
721 2601 844 2672 iudicio
861 2600 1351 2695 pecuniarum-repetundorum
1368 2613 1503 2693 proptor
1527 2603 1701 2675 cniusdam

491 2727 720 2820 Transpadani
744 2727 944 2820 supplicium
969 2726 1146 2806 ininstnm3
1174 2725 1310 2796 Catulus
1336 2726 1561 2819 expetitione
1586 2729 1702 2821 ponti-

491 2849 604 2924 lidatus
616 2851 693 2922 odio
713 2851 877 2932 incensus,
895 2850 984 2942 quod
1001 2851 1035 2921 in
1052 2859 1200 2921 exucma
1217 2860 1323 2933 aetate,
1342 2851 1504 2922 maxumis
1520 2851 1703 2924 honoribus

490 2999 568 3048 usus
600 2977 641 3047 ob
679 2975 927 3047 adulescentulo
953 2976 1083 3047 Caesare
1112 2976 1216 3046 victus
1242 2976 1445 3046 discesserat.
1497 2979 1562 3048 lles
1587 2987 1703 3048 autem

489 3111 651 3194 oportuna
701 3100 891 3184 videbatur,
932 3102 1021 3195 quod
1066 3102 1094 3171 is
1125 3101 1280 3194 privatim
1320 3103 1456 3194 egregia
1489 3103 1704 3184 liberalitate,

488 3225 623 3318 publice
648 3227 811 3295 maxumis
837 3226 1030 3296 muneribus
1048 3225 1208 3317 grandem
1234 3226 1412 3319 pecuniam
1437 3226 1591 3298 debebat.
1634 3228 1702 3297 Sed

490 3347 549 3418 ubi
574 3349 744 3418 consulem
769 3347 812 3418 ad
829 3357 955 3419 tantum
983 3347 1109 3418 lacinus
1135 3347 1307 3441 impellere
1332 3360 1515 3442 nequeunt,
1542 3349 1605 3442 ipsi
1631 3351 1706 3420 sin-

489 3471 629 3561 gulatim
651 3472 886 3544 circumcundo
910 3483 1008 3566 atque
1031 3471 1242 3543 ementiundo
1266 3495 1305 3542 ea
1321 3495 1396 3568 qrrae
1419 3495 1454 3542 se
1471 3497 1514 3543 ex
1529 3473 1707 3546 Volturcio

490 3607 548 3665 aut
571 3596 807 3689 Allobrogibus
825 3597 954 3668 audisse
984 3597 1145 3678 dicerent,
1172 3619 1329 3688 magnam
1354 3597 1403 3668 illi
1429 3597 1588 3668 invidiam
1615 3621 1705 3670 con-

491 3717 668 3801 flaverant,
686 3743 791 3815 usque
810 3722 910 3804 adeo,
929 3733 967 3793 ut
982 3721 1135 3791 nonnulli
1152 3721 1279 3813 equites
1297 3722 1452 3804 Romani,
1479 3721 1537 3816 qni
1554 3725 1707 3816 praesidii

491 3867 589 3916 eausa
622 3867 698 3916 eum
731 3847 805 3918 telis
831 3857 924 3919 erant
950 3847 1076 3917 circum
1102 3846 1208 3917 aedem
1234 3848 1445 3928 eoncordia,
1471 3871 1530 3918 sen
1559 3848 1709 3940 periculi

489 3968 718 4060 magnitudine
743 3993 801 4040 seu
827 3971 928 4040 animi
959 3969 1140 4040 mobilitate
1159 3969 1312 4061 impulsi,
1339 3994 1406 4065 quo
1430 3971 1576 4041 studium
1601 3995 1707 4043 sunm

490 4093 524 4162 in
549 4115 621 4164 rem
646 4093 814 4194 publicam
851 4095 971 4166 clarius
1005 4105 1108 4176 esset,
1144 4096 1327 4186 egredienti
1359 4119 1400 4166 ex
1434 4096 1709 4168 senatu-Caesari

490 4215 603 4308 gladio
627 4217 867 4288 minitarentur.

562 4363 594 4412 n.
646 4338 832 4442 Dum'haec
857 4340 892 4408 in
917 4340 1040 4410 Senatu
1066 4351 1210 4430 aguntur
1235 4352 1269 4411 et
1292 4340 1372 4411 dum
1397 4341 1516 4434 legatis
1538 4343 1709 4414 Allobro-

488 4487 568 4556 gum
605 4475 637 4536 ct
670 4465 744 4535 Tito
768 4464 955 4546 Volturcio,
991 4465 1202 4555 comprobato
1236 4488 1351 4536 eorum
1385 4466 1524 4546 indicio.
1559 4471 1710 4559 praemia

490 4587 729 4670 decernuntur,
761 4587 870 4658 liberti
904 4597 937 4656 et
965 4588 1063 4679 pauci
1097 4612 1139 4657 ex
1181 4587 1353 4658 clientibus
1379 4591 1512 4660 Lentuli
1556 4590 1711 4661 divorsis

490 4714 659 4786 itineribus
697 4714 833 4808 opilices
867 4723 966 4806 atque
991 4714 1124 4784 servitia
1149 4714 1184 4784 in
1209 4715 1290 4784 vicis
1316 4715 1357 4785 ad
1383 4739 1459 4786 eum
1485 4717 1704 4810 eripiendum
