3576 5602
1268 649 1339 720 l29

132 863 167 922 et
191 852 353 923 Eumenis
378 852 603 945 supprimente
628 852 758 922 chartas
777 852 967 921 Ptolemaeo
993 850 1082 919 idem
1102 850 1207 921 Varro
1234 871 1342 919 mem-

132 979 258 1048 branas
284 978 438 1068 Pergami
465 976 599 1046 tradidit
623 987 784 1068 repertas.
839 977 966 1045 Plinius
997 977 1161 1045 33111131.
1197 971 1252 1054 13,
1284 972 1340 1054 11,

133 1102 183 1174 68
211 1127 279 1195 spp.
306 1106 366 1194 osc.
396 1100 451 1183 13,
481 1100 537 1172 13.
640 1102 698 1171 57.
733 1103 900 1191 Legamus
932 1099 1090 1170 Varronis
1119 1100 1342 1193 (1311311331-

134 1227 257 1298 tatihus
290 1229 392 1298 lihros
426 1239 458 1296 31
484 1227 592 1298 Siunii
619 1225 789 1319 Capitonis
825 1238 858 1295 et
887 1227 1051 1296 Graecum
1077 1226 1260 1317 Phlegouta
1284 1248 1343 1295 ce-

134 1365 293 1444 terosque
320 1351 557 1422 eruditissimos
582 1350 681 1433 viros,
713 1361 744 1419 et
768 1349 954 1419 videhimus
980 1373 1085 1443 paene
1111 1374 1224 1420 omues
1249 1351 1344 1422 iusu-

134 1476 186 1544 las
213 1488 246 1544 31
273 1475 370 1545 totius
395 1474 485 1544 orhis
512 1474 608 1544 litora
636 1484 804 1566 terrasque
830 1472 915 1544 mari
940 1473 1065 1542 vicinas
1086 1474 1220 1543 Graecis
1245 1496 1343 1543 acco-

134 1600 176 1668 lis
211 1608 398 1691 occupatas,
439 1597 508 1690 qui,
548 1607 583 1668 31
615 1620 714 1689 supra
749 1597 904 1678 diximus,
943 1597 984 1666 ab
1009 1599 1139 1668 Amano
1172 1610 1203 1667 et
1233 1600 1344 1669 Tauro

135 1722 307 1793 montibus
332 1721 443 1791 omnia
469 1721 638 1791 maritima
664 1722 736 1791 loca
771 1744 876 1812 usque
909 1721 951 1791 ad
980 1744 1143 1791 33333313
1169 1723 1343 1814 possedere

136 1845 380 1916 Britannicum.
431 1846 643 1935 Hieronymus
671 1857 830 1914 comment.
860 1845 896 1913 in
922 1845 1071 1925 Genesin,
1107 1859 1129 1914 t.
1159 1843 1181 1914 3
1210 1870 1243 1938 p.
1274 1845 1343 1918 135

136 1971 263 2040 Erosm.
291 1969 471 2040 Massiliam
497 1968 640 2038 Pheraei
668 1969 897 2048 condiderunt,
924 1991 1006 2060 quos
1031 1968 1079 2037 311
1102 1969 1207 2039 Varro
1233 1972 1344 2040 trilin-

138 2119 221 2188 gues
257 2119 339 2173 esse,
378 2095 467 2188 quod
501 2106 533 2163 et
560 2097 687 2166 Graece
722 2095 901 2187 loquantur
933 2104 967 2162 31
996 2095 1115 2164 Latine
1148 2105 1179 2164 31
1204 2095 1343 2165 Gallice.

141 2224 354 2312 Hieronymus
380 2234 539 2289 resument,
565 2222 601 2288 in
627 2243 672 2311 ep.
700 2221 744 2288 od
769 2220 903 2288 Galatas
924 2221 979 2288 lih.
998 2220 1036 2287 H
1057 2243 1193 2312 prooem.
1221 2244 1289 2312 cap.
1308 2217 1344 2290 3.

140 2344 437 2425 lsidmus15,1.
484 2347 612 2414 Scholia
644 2347 688 2415 ad
712 2347 831 2414 Lucan.
860 2342 893 2426 3,
922 2342 1005 2415 339.
1057 2347 1163 2415 Varro
1194 2370 1270 2416 cum
1303 2346 1344 2416 de

138 2483 231 2566 parte
256 2473 357 2553 urhis,
384 2496 471 2565 quae
497 2474 631 2565 lluropa
658 2471 788 2552 dicitur,
822 2471 1008 2552 dissereret,
1042 2472 1074 2540 in
1102 2472 1205 2542 trihus
1230 2473 1345 2565 primis

140 2599 212 2668 eius
235 2609 342 2667 terrae
362 2595 555 2667 llumiuihus
572 2596 768 2667 Rhodanum
792 2619 862 2665 esse
883 2597 978 2688 ponit
1004 2589 1090 2684 [cum
1110 2597 1231 2690 Histro,
1255 2613 1344 2689 puto,

139 2714 321 2810 aelthere]
358 2720 478 2789 Gellius
498 2718 554 2798 10,
574 2718 608 2799 7,
628 2719 661 2789 2.
705 2720 857 2788 Pessinos
881 2720 1027 2790 Galatiae
1049 2719 1127 2789 urbs
1154 2732 1214 2789 313.
1247 2744 1346 2813 supra

137 2871 171 2938 p.
196 2843 280 2926 377,
312 2845 343 2917 1.
386 2848 430 2917 Μ.
457 2846 565 2916 Varro
590 2857 785 2917 cunctarum
811 2845 1043 2938 antiquitatum
1074 2845 1346 2938 diligentissimus

139 2981 363 3063 perscrutator
389 2978 421 3037 et
447 2969 547 3038 ceteri
573 2969 629 3062 qui
657 2991 733 3037 eum
760 2968 877 3036 imitati
904 2980 989 3047 sunt,
1016 2969 1120 3038 multa
1140 2993 1239 3061 super
1265 2963 1347 3058 [Ga-

140 3093 298 3180 latarum]
334 3103 432 3183 gente
468 3103 499 3160 et
537 3092 638 3183 digna
674 3092 836 3160 memoria
870 3092 1086 3162 tradiderunt.
1135 3095 1347 3186 Hieronymus

142 3233 302 3287 3331111331.
328 3219 364 3285 in
390 3241 436 3308 cp.
463 3217 507 3285 ad
525 3217 659 3284 Galatas
685 3217 740 3284 lih.
758 3216 801 3283 H.
827 3239 965 3308 prooem
988 3240 1056 3308 cap.
1071 3215 1105 3286 3.
1148 3219 1184 3287 ln
1213 3221 1347 3290 unirer-

141 3366 212 3413 sam
248 3340 444 3432 Hispaniam
483 3341 528 3409 Μ.
560 3341 666 3408 Varro
704 3338 892 3430 pervenisse
925 3339 1067 3410 Hiberos
1102 3355 1134 3410 et
1167 3345 1282 3414 Persas
1316 3358 1348 3415 et

142 3466 324 3537 Phoenicas
348 3464 523 3556 Celtasque
550 3475 582 3532 et
608 3466 733 3533 Poenos
759 3463 873 3544 tradit;
901 3465 1008 3533 lusum
1035 3465 1122 3534 euim
1149 3468 1261 3539 Liheri
1285 3493 1348 3564 pa·

142 3591 200 3662 t'ris
225 3601 281 3660 aut
297 3590 417 3682 lyssam
444 3610 520 3656 cum
542 3611 581 3656 eo
607 3585 837 3656 bacchantium
856 3609 976 3656 nomen
999 3589 1127 3660 dedisse
1145 3595 1348 3677 Lusitaniae,

143 3728 176 3786 et
201 3719 290 3786 Pana
324 3713 527 3805 praelectum
560 3712 631 3782 eius
657 3713 843 3784 universae.
886 3716 929 3785 111
959 3739 1045 3807 quae
1071 3716 1112 3786 de
1139 3720 1349 3790 Herculeae

144 3843 270 3935 Pyrene
296 3838 348 3907 vel
367 3841 508 3908 Saturno
531 3837 715 3919 traduntur,
744 3839 891 3907 lahulosa
918 3840 1067 3932 inprimis
1092 3844 1245 3913 arbitror.
1279 3846 1350 3915 Pli-

146 3969 219 4035 nius
246 3978 311 4033 nut.
338 3964 411 4031 hist.
443 3958 477 4040 3,
508 3960 539 4041 1,
565 3959 600 4031 8.
635 3965 692 4053 cfr.
720 3961 878 4032 Salustius
904 3964 975 4054 luy.
1001 3963 1056 4036 18.
1100 3968 1286 4037 Plutarchus
1312 3973 1351 4039 de

144 4091 269 4183 {tumim
292 4085 348 4168 16,
368 4083 402 4156 3.
505 4085 563 4154 58.
589 4087 695 4157 Varro
714 4088 1044 4160 Gerontodidascalo:
1079 4092 1208 4162 hlanius
1230 4095 1350 4165 Curius

145 4215 259 4284 consul
286 4213 449 4307 Capitolio
475 4235 548 4282 cum
575 4213 731 4283 dilectum
759 4213 911 4296 haberet,
950 4241 1012 4288 333
1044 4219 1160 4290 citatus
1196 4221 1228 4290 13
1262 4223 1350 4293 111113

145 4337 224 4408 civis
256 4337 491 4429 respondisset,
526 4335 673 4406 vendidit
706 4337 945 4409 teuehrionem.
996 4343 1120 4412 Nonius
1143 4367 1175 4436 p.
1206 4343 1262 4425 19,
1291 4346 1348 4418 11.

146 4463 204 4532 59.
231 4465 276 4533 Μ.
298 4463 404 4530 Varro
429 4461 575 4552 primum
603 4457 777 4544 [solarium
797 4459 1018 4555 horologium]
1045 4479 1199 4538 statutum
1226 4470 1261 4538 in
1286 4496 1351 4564 pu·

144 4587 233 4657 hlioo
258 4585 439 4655 secuudum
466 4586 584 4654 Rostra
612 4584 645 4652 13
673 4586 830 4655 33131333
856 4587 953 4657 tradit
977 4583 1067 4660 hello
1092 4593 1217 4663 Punico
1242 4596 1352 4685 primo

146 4713 236 4782 ald.
257 4711 389 4781 Valerio
415 4709 555 4780 Messala
583 4710 730 4788 consule,
763 4711 877 4781 Catina
905 4726 999 4805 capta
1027 4717 1060 4784 13
1088 4717 1201 4788 Sicilia
1230 4719 1353 4811 depor-
