3582 5594
468 614 515 682 62

467 809 591 882 flumen
616 810 825 882 Muluccham
860 809 921 881 snb
946 809 1106 904 Iugurtha
1137 824 1244 896 erant,
1280 815 1405 885 Mauris
1430 816 1583 886 omnihus
1607 839 1662 886 rex

465 933 615 1006 bocchus
652 934 876 1027 imperitabat,
917 945 1038 1027 prater
1079 959 1199 1007 nomen
1234 950 1343 1009 cetera
1382 940 1517 1030 ignarus
1555 941 1662 1033 populi

467 1058 626 1140 Romani,
661 1057 806 1151 itemque
837 1058 933 1128 nohis
968 1083 1076 1152 neque
1110 1061 1199 1132 bello
1224 1086 1333 1155 neque
1359 1087 1441 1157 paee
1466 1075 1561 1134 antea
1588 1087 1663 1154 cog-

466 1181 562 1252 nitus.
613 1185 663 1254 De
688 1181 801 1255 Africa
831 1183 959 1252 eteius
993 1183 1109 1255 incolis
1139 1185 1181 1256 ad
1206 1188 1482 1258 necessitudinem
1517 1189 1565 1258 rei
1592 1189 1664 1258 satis

466 1305 599 1375 dictum.

538 1453 599 1500 xx.
636 1402 824 1522 'Postquam
858 1430 963 1501 diviso
994 1455 1099 1524 regno
1127 1433 1228 1526 legati
1262 1435 1373 1505 Africa
1399 1435 1598 1518 discessere,
1636 1449 1666 1506 et

465 1553 625 1645 Iugurtha
649 1566 762 1625 contra
788 1555 938 1625 timorem
965 1557 1067 1626 animi
1093 1558 1230 1650 premia
1255 1560 1390 1629 sceleris
1415 1560 1570 1654 adeptum
1597 1583 1666 1630 sese

465 1678 571 1758 video
605 1689 731 1750 certum
762 1701 833 1750 esse
867 1691 973 1761 ratus,
1006 1679 1095 1771 quod
1121 1703 1163 1750 ex
1193 1681 1309 1751 amicis
1344 1683 1431 1776 apud
1457 1685 1667 1755 Numantiam

466 1815 654 1896 acceperat,
680 1804 793 1875 omnia
817 1806 930 1875 Romae
947 1805 1078 1874 venalia
1094 1827 1179 1886 esse,
1206 1807 1305 1876 simul
1331 1820 1363 1878 et
1380 1807 1512 1879 illorum
1538 1809 1669 1904 pollici-

465 1928 641 2000 tationibus
665 1951 838 2008 accensus,
865 1951 948 2021 quos
973 1929 1072 2021 paulo
1085 1939 1161 2000 ante
1188 1930 1382 2003 muneribus
1400 1933 1607 2024 expleverat,
1635 1934 1667 2002 in

466 2075 606 2145 regnum
620 2053 817 2124 Adherbalis
838 2053 986 2123 animum
1012 2053 1161 2124 intendit.
1201 2057 1274 2147 lpse
1292 2077 1385 2136 acer,
1413 2054 1611 2138 bellicosns;
1636 2069 1669 2126 at

467 2181 514 2262 is,
549 2202 649 2272 quem
676 2178 821 2272 petebat,
858 2179 1004 2270 quietus,
1037 2177 1189 2262 inbellis,
1223 2179 1353 2272 placido
1384 2179 1534 2271 ingenio,
1569 2203 1670 2273 opor-

465 2314 563 2374 tunus
589 2303 737 2385 iniuriae,
776 2313 924 2372 metuens
959 2302 1063 2394 magis
1097 2327 1198 2395 mam
1232 2303 1437 2374 metuendus.
1488 2304 1594 2393 Igitur
1628 2329 1670 2374 cx

466 2429 634 2522 inproviso
659 2428 742 2498 lines
776 2428 846 2497 eins
872 2449 947 2496 cum
972 2447 1095 2517 magna
1119 2449 1221 2497 manu
1256 2428 1398 2509 invadit,
1431 2430 1553 2499 multos
1578 2451 1671 2499 mor-

467 2553 549 2622 tales
576 2575 652 2622 cnm
683 2575 802 2644 pecore
836 2561 936 2642 atque
961 2550 1028 2620 alia
1061 2550 1173 2643 prada
1198 2552 1304 2644 capit,
1339 2545 1493 2622 aedilicia'
1512 2553 1669 2632 incendit,

466 2678 625 2770 pleraque
651 2677 723 2745 loca
749 2674 911 2746 hostiliter
937 2696 1013 2743 cum
1031 2673 1179 2765 equitatu
1205 2674 1348 2756 accedit,
1375 2675 1453 2746 dein
1478 2698 1555 2746 cum
1580 2678 1671 2746 omni

467 2800 677 2871 multitudine
704 2801 736 2869 in
762 2821 903 2890 regnum
929 2819 1024 2868 suurn
1057 2799 1230 2880 convertit,
1265 2799 1468 2870 existumans
1493 2799 1672 2873 Adherba-

467 2926 577 2996 halem
602 2925 716 2995 dolore
733 2933 919 3016 permotum
936 2921 1075 2992 iniurias
1088 2944 1164 2992 suas
1191 2945 1291 2993 manu
1316 2924 1560 2995 vindicaturum
1578 2948 1673 2995 eam-

467 3074 532 3144 que
557 3073 627 3119 rem
653 3048 734 3120 belli
760 3070 894 3117 causam
918 3047 1000 3116 lore.
1050 3045 1095 3116 ht
1119 3046 1196 3128 ille,
1233 3047 1321 3139 qnod
1357 3070 1468 3141 neque
1493 3071 1528 3118 sa
1554 3073 1672 3143 parem

466 3175 566 3245 armis
599 3171 819 3242 existumabat
856 3181 890 3238 et
925 3170 1069 3242 amicitia
1101 3173 1215 3264 populi
1249 3173 1390 3242 Romani
1428 3173 1535 3263 mogh
1568 3195 1674 3264 qnam

466 3298 617 3370 Numidis
636 3297 738 3366 iratus
763 3302 852 3375 erat,
880 3294 1004 3385 legatos
1027 3294 1070 3364 ad
1085 3294 1280 3386 lugortham
1298 3296 1338 3365 de
1363 3296 1493 3368 iniuriis
1516 3309 1673 3387 questum

466 3423 565 3504 misit,
596 3421 653 3514 qui
684 3419 812 3490 tametsi
844 3419 1083 3489 contumeliosa
1108 3419 1194 3489 dicta
1222 3421 1416 3502 retulerant,
1442 3420 1534 3514 prius
1558 3433 1674 3492 umen

467 3547 579 3616 omnia
613 3542 681 3638 pati
712 3543 858 3614 decrevit
891 3565 991 3636 wem
1024 3544 1150 3615 bellum
1181 3566 1331 3615 sumere:
1371 3545 1451 3637 quia
1477 3555 1674 3638 temptatum

467 3682 563 3741 antea
589 3691 683 3740 secus
708 3678 861 3738 cesserat.
912 3668 1029 3759 Neque
1060 3690 1100 3737 eo
1133 3668 1238 3760 magis
1267 3668 1387 3762 cupido
1412 3668 1580 3761 lngurthae
1607 3672 1676 3740 mi-

467 3795 644 3876 nuebatur,
670 3793 792 3887 quippe
818 3791 996 3883 quitatum
1014 3792 1084 3863 eius
1110 3813 1251 3883 regnum
1268 3791 1379 3862 animo
1405 3793 1472 3862 iam
1493 3792 1674 3862 invaserat.

466 3922 580 4012 Itaque
595 3941 662 3990 non
680 3919 727 3988 uti
744 3927 842 3986 antea
859 3939 936 3985 cum
955 3915 1150 4008 praedatoria
1168 3938 1281 3997 manu,
1307 3916 1365 3986 sed
1382 3939 1504 4008 magno
1521 3918 1675 3988 exercitu

467 4055 655 4137 comparato
681 4041 805 4112 bellurn
831 4061 948 4131 gerere
974 4040 1073 4132 ooepit
1096 4050 1130 4108 et
1154 4050 1266 4132 aperte
1291 4039 1388 4111 totius
1414 4040 1578 4112 Numidia
1606 4041 1676 4110 im-

466 4169 595 4262 perinm
628 4177 751 4259 petere.
802 4164 956 4234 Gaurum
983 4185 1049 4255 qua
1074 4163 1234 4255 pergebat
1256 4163 1370 4244 nrbes,
1405 4187 1502 4256 agros
1528 4175 1676 4248 vastare,

466 4292 593 4386 praedas
618 4311 737 4381 agere,
763 4287 831 4357 suis
856 4287 1018 4369 animum,
1044 4285 1190 4357 hostibus
1215 4297 1376 4357 terrorem
1401 4309 1537 4380 augere.

539 4437 612 4486 ιιι.
664 4411 832 4484 Adherbal
859 4411 917 4480 ubi
948 4410 1111 4502 intellegit
1136 4433 1176 4480 eo
1201 4432 1409 4504 processum,
1445 4411 1493 4482 uti
1527 4435 1677 4504 regnum

467 4549 523 4610 aut
540 4535 794 4629 relinquendum
809 4544 894 4604 esset
910 4543 966 4604 aut
978 4533 1079 4604 umis
1095 4535 1322 4616 retinendum,
1347 4535 1534 4607 necessario
1556 4538 1678 4630 copias

466 4672 560 4755 parat
595 4671 626 4730 et
651 4658 819 4751 Iugurthae
857 4657 972 4728 obvius
1006 4657 1162 4749 procedit.
1215 4659 1348 4730 lnterim
1386 4658 1474 4729 haud
1513 4661 1616 4752 longe
1655 4686 1677 4731 a
