3702 5600
1371 632 1438 700 501

235 846 305 889 nam
326 846 435 889 nomen
458 828 612 889 Salustius
635 847 694 889 uon
721 831 908 907 scripsisset,
939 831 1000 889 uisi
1021 829 1060 888 ab
1081 829 1152 906 ipso
1174 829 1252 888 duce
1274 829 1444 889 exereitum

235 938 360 998 Metello
382 936 525 1024 traditum
547 936 646 996 fuisse
669 936 774 996 dicere
794 937 955 996 voluisset.
998 934 1080 996 Satis
1109 937 1189 995 enim
1214 940 1281 996 erat
1305 953 1439 1010 procon-

234 1045 308 1104 aalia
327 1043 380 1102 vel
401 1044 495 1103 Albini
515 1045 680 1104 exercitos.

313 1153 393 1208 marr
422 1149 562 1208 inbecillis
596 1148 665 1208 Bas.
696 1153 722 1208 1.
755 1149 874 1208 imbellis
910 1149 979 1222 alii;
1021 1147 1154 1208 refertur
1186 1148 1265 1208 illud
1299 1149 1440 1209 vocabu-

234 1255 296 1315 lum
326 1259 358 1315 et
388 1255 429 1314 ad
456 1255 605 1314 infirmam
638 1255 843 1314 valetudinem
872 1255 927 1314 cir.
954 1254 1065 1314 Vellei.
1090 1275 1122 1314 rr.
1142 1257 1207 1314 114.
1237 1259 1269 1314 et
1289 1255 1329 1314 ad
1349 1255 1441 1314 animi

234 1361 386 1438 ignaviam
423 1362 479 1422 cir.
505 1362 573 1421 Sen.
603 1361 659 1440 Ep.
689 1365 738 1421 85.
767 1363 943 1438 quantulum
972 1363 1106 1441 sapienti
1135 1363 1253 1437 damus,
1287 1363 1313 1421 si
1340 1363 1440 1421 imbe-

234 1469 355 1528 cillimis
377 1469 488 1529 iortior
510 1471 581 1530 esti
608 1469 663 1530 eir.
685 1471 779 1530 Tacit.
803 1470 909 1530 Annal.
924 1459 982 1530 ἰν.
1005 1475 1033 1530 5.
1056 1470 1117 1530 sibi
1138 1470 1325 1531 imbecillum
1349 1471 1440 1545 equi-

234 1581 296 1635 tem
310 1575 415 1652 pabuli
429 1575 540 1653 iuopia.
559 1576 614 1634 sed
629 1579 662 1634 ut
681 1574 764 1634 illam
778 1574 943 1636 lectionem
963 1593 1022 1635 nou
1038 1577 1287 1636 contemnendam
1300 1576 1439 1652 dixerim,

234 1681 277 1740 ita
298 1685 427 1758 propter
448 1682 606 1757 sequentia
627 1682 726 1740 altera
749 1683 851 1758 potior
873 1681 1017 1742 habenda
1038 1686 1093 1743 est.

313 1792 375 1864 spei
399 1787 480 1848 bana
500 1787 571 1848 Bas.
592 1788 660 1847 Par.
684 1788 766 1848 bona
792 1792 854 1863 spei
874 1787 939 1847 Ein.
962 1786 1047 1848 Leid.
1070 1789 1137 1848 Tor.
1159 1790 1246 1864 prior
1275 1789 1439 1850 verborum

234 1896 312 1955 ordo
334 1895 402 1954 iere
424 1895 593 1970 sollemnis,
623 1895 666 1954 ita
688 1898 722 1955 ut
741 1895 785 1954 nil
802 1897 975 1954 mutandum
997 1895 1045 1955 sit.

312 2002 369 2061 Sed
400 2018 493 2078 nequa
527 2001 726 2061 muniebantur
759 2001 826 2060 haeo
862 2001 957 2060 verba
991 2001 1022 2060 iu
1064 2001 1204 2061 omnibus
1247 2001 1313 2060 iere
1350 2001 1438 2061 codd

233 2111 347 2170 omissa
377 2117 460 2185 suut;
492 2110 552 2170 nisi
580 2109 662 2185 quod
683 2109 768 2168 Laid.
794 2111 826 2168 G.
854 2109 948 2169 babet
971 2111 1024 2169 aad
1044 2127 1136 2187 nequa
1166 2111 1366 2169 muniebantur
1394 2125 1437 2182 ea,

230 2216 393 2292 locumque
414 2218 529 2276 auxilio
551 2217 757 2292 antiquissimi
779 2218 895 2277 codicis
918 2217 1054 2277 restituit
1076 2216 1247 2294 Cyprianus
1269 2234 1287 2275 a
1313 2216 1438 2294 Popma,

232 2324 284 2398 qui
319 2322 455 2384 fortasse
485 2323 584 2400 ipsum
614 2322 698 2381 illum
733 2320 965 2400 Lugdunensem
997 2322 1109 2382 librum
1141 2323 1328 2400 inspexerat
1361 2340 1437 2383 oon-

230 2432 388 2491 firmantur
418 2432 483 2491 hese
514 2431 623 2506 verba,
661 2449 727 2506 quae
760 2449 868 2491 sensus
902 2432 1053 2508 postulat,
1090 2431 1273 2492 auctoritate
1303 2429 1438 2490 Cornelii

230 2537 394 2598 Frontonis
416 2538 468 2613 qui
489 2539 518 2596 in
539 2538 674 2597 editione
695 2538 830 2597 Romana
851 2556 881 2615 p.
906 2539 972 2596 163.
994 2539 1091 2598 totum
1111 2539 1171 2597 hoc
1191 2542 1282 2614 caput
1297 2538 1437 2614 exscrip-

230 2647 285 2722 sit,
317 2649 402 2706 cuias
424 2648 547 2722 quidem
568 2648 629 2707 loci
650 2647 709 2706 hae
732 2647 889 2706 variantes
915 2647 1073 2706 notandae:
1104 2645 1225 2706 acuam
1247 2676 1284 2684 —
1307 2646 1438 2704 laborum

225 2757 340 2828 poliens
361 2789 400 2798 -
421 2758 451 2812 in
469 2757 579 2813 statuis
606 2793 636 2800 -
661 2754 733 2812 odos
757 2788 791 2796 -
815 2754 1022 2828 muniebantur,
1043 2771 1136 2831 neque
1157 2753 1207 2824 (eo
1228 2750 1305 2825 om.)
1330 2785 1363 2796 --
1387 2752 1438 2811 dia

229 2867 371 2937 noctuque
383 2861 573 2937 oapabanmr,
598 2859 732 2934 polaniae
754 2859 799 2928 [ct
809 2860 882 2926 om.)
899 2890 937 2900 -
954 2861 1065 2936 probra
1086 2878 1122 2920 eo
1136 2864 1166 2918 ia
1180 2860 1238 2919 illo.
1253 2888 1292 2898 —
1308 2859 1438 2919 laborum

226 2971 340 3043 patiens
354 2985 447 3044 supra
459 2985 483 3026 c.
494 2969 541 3026 28.
556 2967 686 3044 legimus
701 2971 733 3026 et
748 2967 919 3028 conminus
933 2969 1019 3027 recte
1031 2967 1143 3026 dicitur
1152 2967 1272 3026 —odos
1283 2967 1438 3041 antiquior

229 3074 390 3151 scriptura.
412 3073 468 3133 sed
489 3075 610 3133 tudima
632 3073 752 3149 falsam,
774 3089 874 3149 noque
895 3090 931 3133 ea
951 3077 1023 3150 post
1037 3090 1112 3133 mun.
1135 3073 1235 3132 omitti
1249 3073 1358 3150 potuit,
1380 3073 1437 3132 sed

229 3182 358 3242 alterum
380 3199 416 3241 ea
437 3183 630 3259 superfluum.
663 3190 691 3240 at
711 3186 781 3242 ante
803 3182 946 3257 palantes,
977 3181 1058 3257 quod
1083 3181 1240 3241 commode
1263 3179 1364 3240 omitti
1383 3179 1436 3239 vel

229 3288 322 3348 facile
342 3289 488 3348 excidere
506 3289 613 3366 potuit,
637 3290 703 3348 sola
717 3289 881 3348 Frontonis
904 3289 1089 3348 auctoritate
1110 3287 1162 3348 vel
1183 3288 1249 3347 eius
1271 3287 1353 3360 libri,
1375 3305 1435 3363 quo

228 3395 327 3456 ldaius
349 3413 422 3455 usus
444 3397 501 3469 est,
532 3396 638 3455 delere
661 3396 760 3470 nolui3
795 3396 908 3472 saepius
932 3395 1010 3454 enim
1036 3394 1248 3471 imperfectam
1274 3411 1340 3452 oum
1364 3393 1435 3452 inii-

228 3502 325 3562 nitivo
349 3502 500 3562 historico
525 3503 610 3578 iungi
634 3503 710 3562 satis
733 3507 864 3578 constat,
895 3507 928 3562 et
949 3503 1030 3578 quod
1056 3502 1168 3576 aliquis
1192 3504 1283 3578 dicat,
1317 3519 1434 3579 propo-

228 3607 371 3667 sitionem
396 3608 572 3684 generalem
603 3608 673 3667 iiam
697 3641 729 3650 —
757 3610 938 3685 capabantar
958 3641 999 3652 -
1020 3608 1219 3683 sequentibus
1246 3625 1303 3685 per
1331 3611 1435 3685 partes

228 3715 386 3791 illustrari,
412 3733 450 3776 ne
480 3717 513 3776 id
535 3717 657 3792 quidem
688 3717 849 3777 benevim
871 3717 988 3776 babere
1008 3719 1121 3793 potest,
1148 3719 1182 3775 ut
1202 3723 1230 3774 ct
1250 3717 1355 3792 utique
1377 3733 1435 3776 eu-

229 3825 408 3902 pelleudum
428 3826 480 3884 sit.

308 3950 334 3992 o.
355 3934 403 3992 it.
435 3950 472 3992 aa
501 3937 642 4010 quispiam
671 3933 741 3993 Bas.
766 3938 791 3991 1.
825 3936 975 4010 qaisquam
1007 3933 1107 4009 vulgo.
1138 3931 1215 3991 illud
1247 3931 1311 3990 sine
1341 3930 1434 3990 dubio

226 4035 459 4114 preferendum,
490 4040 551 4098 iam
577 4040 657 4099 hanc
685 4039 783 4116 ipsam
809 4040 849 4099 ob
871 4055 944 4114 rem,
975 4039 1056 4114 qued
1082 4038 1156 4096 talia
1177 4056 1194 4096 a
1217 4037 1353 4097 librariis
1375 4054 1435 4096 non

228 4143 431 4218 inveniuntur,
454 4146 566 4222 saepius
589 4147 800 4205 obscurantur.

310 4267 336 4309 o.
351 4252 399 4310 ib.
422 4269 511 4311 romae
525 4250 595 4312 Bas.
618 4255 650 4312 et
670 4269 776 4313 omnes
798 4251 865 4312 iere
887 4251 967 4310 libri.
989 4251 1047 4310 sed
1066 4249 1182 4311 Nonius
1203 4268 1232 4327 p.
1246 4251 1315 4310 325.
1337 4250 1433 4310 doma.

227 4357 313 4416 cuius
333 4359 518 4418 auctoritate
540 4360 606 4434 fuit,
631 4361 682 4434 qui
709 4359 789 4418 hanc
815 4360 980 4419 lectionem
1008 4359 1169 4435 reciperet.
1199 4361 1339 4417 cerbereo
1360 4361 1434 4417 enm

223 4462 292 4536 fieri
311 4463 451 4526 homiues
472 4473 525 4526 aut
545 4466 659 4526 litteris
682 4471 734 4527 aut
763 4467 876 4526 nuntio.
906 4483 1026 4525 novum.
1053 4465 1107 4525 cir.
1132 4465 1207 4525 Caes.
1232 4464 1266 4526 B.
1289 4462 1323 4523 G.
1340 4463 1363 4524 1.
1389 4468 1433 4523 lt.

225 4568 287 4629 Cic.
309 4571 349 4630 ad
370 4571 433 4631 Ati.
454 4592 494 4631 rx.
516 4574 543 4630 2.
567 4573 665 4632 Plaut.
687 4571 798 4632 Pseud.
823 4591 841 4630 ι.
859 4577 884 4630 1.
909 4574 954 4631 16.
976 4573 1063 4650 Virg.
1085 4573 1161 4633 Aen.
1183 4591 1224 4630 ιιι.
1249 4574 1314 4632 119.
1338 4587 1434 4646 quaro

226 4676 319 4737 iacile
340 4679 474 4755 patimur
495 4696 562 4739 oum
581 4697 638 4740 suo
659 4681 705 4739 ati
726 4679 848 4740 iudicio.
873 4679 960 4740 olium
977 4679 1036 4740 olio
1058 4680 1191 4740 deorsus
1212 4678 1282 4739 Bas.
1296 4678 1392 4738 Paris.
1405 4697 1433 4736 x.
