<?xml version="1.0" encoding="UTF-8"?>
<!DOCTYPE html PUBLIC "-//W3C//DTD XHTML 1.0 Transitional//EN"
    "http://www.w3.org/TR/xhtml1/DTD/xhtml1-transitional.dtd">
<html xmlns="http://www.w3.org/1999/xhtml" xml:lang="en" lang="en">
 <head>
  <title>
</title>
<meta http-equiv="Content-Type" content="text/html;charset=utf-8" />
  <meta name='ocr-system' content='tesseract 3.04.00' />
  <meta name='ocr-capabilities' content='ocr_page ocr_carea ocr_par ocr_line ocrx_word'/>
</head>
<body>
  <div class='ocr_page' id='page_1' title='image "./gaisalustiicris00rothgoog_0169.png"; bbox 0 0 3582 5594; ppageno 0'>
   <div class='ocr_carea' id='block_1_1' title="bbox 469 621 539 692">
    <p class='ocr_par' dir='ltr' id='par_1_1' title="bbox 469 621 539 692">
     <span class='ocr_line' id='line_1_1' title="bbox 469 621 539 692; baseline 0.014 -1"><span class='ocrx_word' id='word_1_1' title='bbox 469 621 539 692; x_wconf 80' lang='lat'><strong>132</strong></span> 
     </span>
    </p>
   </div>
   <div class='ocr_carea' id='block_1_2' title="bbox 382 817 1665 4758">
    <p class='ocr_par' dir='ltr' id='par_1_2' title="bbox 382 817 1665 4758">
     <span class='ocr_line' id='line_1_2' title="bbox 466 817 1665 911; baseline -0.003 -21"><span class='ocrx_word' id='word_1_2' title='bbox 466 829 531 890; x_wconf 89' lang='lat' dir='ltr'><strong>tem</strong></span> <span class='ocrx_word' id='word_1_3' title='bbox 549 817 657 889; x_wconf 89' lang='lat' dir='ltr'><strong>adbuc</strong></span> <span class='ocrx_word' id='word_1_4' title='bbox 675 828 762 888; x_wconf 89' lang='lat' dir='ltr'><strong>tutus</strong></span> <span class='ocrx_word' id='word_1_5' title='bbox 781 819 858 900; x_wconf 86' lang='lat' dir='ltr'><strong>luit;</strong></span> <span class='ocrx_word' id='word_1_6' title='bbox 885 818 964 888; x_wconf 91' lang='lat' dir='ltr'><strong>dum</strong></span> <span class='ocrx_word' id='word_1_7' title='bbox 990 841 1046 888; x_wconf 85' lang='lat' dir='ltr'><strong>vos</strong></span> <span class='ocrx_word' id='word_1_8' title='bbox 1072 827 1160 887; x_wconf 90' lang='lat' dir='ltr'><strong>metu</strong></span> <span class='ocrx_word' id='word_1_9' title='bbox 1186 817 1347 910; x_wconf 82' lang='lat' dir='ltr'><strong>gravioris</strong></span> <span class='ocrx_word' id='word_1_10' title='bbox 1373 817 1498 886; x_wconf 83' lang='lat' dir='ltr'><strong>servitii</strong></span> <span class='ocrx_word' id='word_1_11' title='bbox 1523 840 1546 886; x_wconf 91' lang='lat' dir='ltr'><strong>a</strong></span> <span class='ocrx_word' id='word_1_12' title='bbox 1570 840 1665 911; x_wconf 92' lang='lat' dir='ltr'><strong>repe-</strong></span> 
     </span>
     <span class='ocr_line' id='line_1_3' title="bbox 464 942 1663 1034; baseline -0.002 -20"><span class='ocrx_word' id='word_1_13' title='bbox 464 944 567 1014; x_wconf 88' lang='lat' dir='ltr'><strong>tunda</strong></span> <span class='ocrx_word' id='word_1_14' title='bbox 598 943 749 1013; x_wconf 88' lang='lat' dir='ltr'><strong>libertate</strong></span> <span class='ocrx_word' id='word_1_15' title='bbox 784 943 964 1013; x_wconf 89' lang='lat' dir='ltr'><strong>terremini.</strong></span> <span class='ocrx_word' id='word_1_16' title='bbox 1017 942 1192 1034; x_wconf 82' lang='lat' dir='ltr'>Agendum</span> <span class='ocrx_word' id='word_1_17' title='bbox 1225 954 1323 1034; x_wconf 89' lang='lat' dir='ltr'><strong>atque</strong></span> <span class='ocrx_word' id='word_1_18' title='bbox 1355 943 1488 1012; x_wconf 89' lang='lat' dir='ltr'><strong>obviam</strong></span> <span class='ocrx_word' id='word_1_19' title='bbox 1518 943 1663 1012; x_wconf 92' lang='lat' dir='ltr'><strong>eundum</strong></span> 
     </span>
     <span class='ocr_line' id='line_1_4' title="bbox 463 1066 1663 1161; baseline 0.001 -26"><span class='ocrx_word' id='word_1_20' title='bbox 463 1076 523 1146; x_wconf 90' lang='lat' dir='ltr'><strong>est,</strong></span> <span class='ocrx_word' id='word_1_21' title='bbox 550 1066 709 1150; x_wconf 81' lang='lat' dir='ltr'><strong>Quirites,</strong></span> <span class='ocrx_word' id='word_1_22' title='bbox 739 1091 781 1136; x_wconf 93' lang='lat' dir='ltr'><strong>ne</strong></span> <span class='ocrx_word' id='word_1_23' title='bbox 807 1067 913 1160; x_wconf 91' lang='lat' dir='ltr'><strong>spolia</strong></span> <span class='ocrx_word' id='word_1_24' title='bbox 938 1077 1046 1135; x_wconf 86' lang='lat' dir='ltr'><strong>vestra</strong></span> <span class='ocrx_word' id='word_1_25' title='bbox 1070 1088 1173 1158; x_wconf 88' lang='lat' dir='ltr'><strong>penes</strong></span> <span class='ocrx_word' id='word_1_26' title='bbox 1200 1067 1273 1136; x_wconf 93' lang='lat' dir='ltr'><strong>illos</strong></span> <span class='ocrx_word' id='word_1_27' title='bbox 1299 1068 1378 1148; x_wconf 87' lang='lat' dir='ltr'><strong>sint;</strong></span> <span class='ocrx_word' id='word_1_28' title='bbox 1405 1090 1471 1137; x_wconf 96' lang='lat' dir='ltr'><strong>non</strong></span> <span class='ocrx_word' id='word_1_29' title='bbox 1494 1068 1663 1161; x_wconf 88' lang='lat' dir='ltr'><strong>prolatan-</strong></span> 
     </span>
     <span class='ocr_line' id='line_1_5' title="bbox 462 1189 1663 1284; baseline 0 -23"><span class='ocrx_word' id='word_1_30' title='bbox 462 1192 540 1261; x_wconf 89' lang='lat' dir='ltr'><strong>dum</strong></span> <span class='ocrx_word' id='word_1_31' title='bbox 566 1214 675 1282; x_wconf 88' lang='lat' dir='ltr'><strong>neque</strong></span> <span class='ocrx_word' id='word_1_32' title='bbox 701 1191 783 1260; x_wconf 90' lang='lat' dir='ltr'><strong>votis</strong></span> <span class='ocrx_word' id='word_1_33' title='bbox 808 1189 956 1282; x_wconf 91' lang='lat' dir='ltr'><strong>paranda</strong></span> <span class='ocrx_word' id='word_1_34' title='bbox 981 1189 1126 1269; x_wconf 84' lang='lat' dir='ltr'><strong>auxilia;</strong></span> <span class='ocrx_word' id='word_1_35' title='bbox 1158 1190 1223 1260; x_wconf 90' lang='lat' dir='ltr'><strong>nisi</strong></span> <span class='ocrx_word' id='word_1_36' title='bbox 1248 1192 1331 1260; x_wconf 89' lang='lat' dir='ltr'><strong>lorte</strong></span> <span class='ocrx_word' id='word_1_37' title='bbox 1356 1193 1504 1284; x_wconf 88' lang='lat' dir='ltr'><strong>speratis,</strong></span> <span class='ocrx_word' id='word_1_38' title='bbox 1531 1191 1663 1261; x_wconf 83' lang='lat' dir='ltr'><strong>taedium</strong></span> 
     </span>
     <span class='ocr_line' id='line_1_6' title="bbox 460 1311 1662 1408; baseline 0.001 -24"><span class='ocrx_word' id='word_1_39' title='bbox 460 1315 528 1386; x_wconf 93' lang='lat' dir='ltr'><strong>iam</strong></span> <span class='ocrx_word' id='word_1_40' title='bbox 563 1325 619 1384; x_wconf 89' lang='lat' dir='ltr'><strong>aut</strong></span> <span class='ocrx_word' id='word_1_41' title='bbox 648 1313 809 1407; x_wconf 88' lang='lat' dir='ltr'><strong>pudorem</strong></span> <span class='ocrx_word' id='word_1_42' title='bbox 839 1311 1022 1406; x_wconf 80' lang='lat' dir='ltr'>tyrannidis</span> <span class='ocrx_word' id='word_1_43' title='bbox 1049 1313 1149 1382; x_wconf 85' lang='lat' dir='ltr'><strong>Suttae</strong></span> <span class='ocrx_word' id='word_1_44' title='bbox 1182 1336 1265 1394; x_wconf 86' lang='lat' dir='ltr'><strong>esse,</strong></span> <span class='ocrx_word' id='word_1_45' title='bbox 1301 1325 1334 1383; x_wconf 91' lang='lat' dir='ltr'><strong>et</strong></span> <span class='ocrx_word' id='word_1_46' title='bbox 1366 1337 1440 1384; x_wconf 89' lang='lat' dir='ltr'><strong>eum</strong></span> <span class='ocrx_word' id='word_1_47' title='bbox 1469 1339 1531 1408; x_wconf 91' lang='lat' dir='ltr'><strong>per</strong></span> <span class='ocrx_word' id='word_1_48' title='bbox 1557 1318 1662 1385; x_wconf 85' lang='lat' dir='ltr'><strong>scelus</strong></span> 
     </span>
     <span class='ocr_line' id='line_1_7' title="bbox 382 1437 1663 1532; baseline 0 -23"><span class='ocrx_word' id='word_1_49' title='bbox 382 1521 385 1528; x_wconf 26' lang='lat'><em>¹</em></span> <span class='ocrx_word' id='word_1_50' title='bbox 459 1451 618 1532; x_wconf 88' lang='lat' dir='ltr'><strong>occupata</strong></span> <span class='ocrx_word' id='word_1_51' title='bbox 648 1437 866 1531; x_wconf 80' lang='lat' dir='ltr'><strong>periculosius</strong></span> <span class='ocrx_word' id='word_1_52' title='bbox 899 1437 1123 1507; x_wconf 91' lang='lat' dir='ltr'><strong>dimissurum.</strong></span> <span class='ocrx_word' id='word_1_53' title='bbox 1175 1438 1219 1507; x_wconf 82' lang='lat' dir='ltr'><strong>At</strong></span> <span class='ocrx_word' id='word_1_54' title='bbox 1253 1437 1310 1506; x_wconf 90' lang='lat' dir='ltr'><strong>ille</strong></span> <span class='ocrx_word' id='word_1_55' title='bbox 1344 1461 1384 1506; x_wconf 91' lang='lat' dir='ltr'><strong>eo</strong></span> <span class='ocrx_word' id='word_1_56' title='bbox 1414 1441 1589 1531; x_wconf 78' lang='lat' dir='ltr'><strong>processit.</strong></span> <span class='ocrx_word' id='word_1_57' title='bbox 1629 1451 1663 1509; x_wconf 86' lang='lat' dir='ltr'><strong>ut</strong></span> 
     </span>
     <span class='ocr_line' id='line_1_8' title="bbox 459 1561 1661 1655; baseline 0 -23"><span class='ocrx_word' id='word_1_58' title='bbox 459 1563 543 1633; x_wconf 91' lang='lat' dir='ltr'><strong>nibil</strong></span> <span class='ocrx_word' id='word_1_59' title='bbox 568 1563 750 1655; x_wconf 85' lang='lat' dir='ltr'><strong>gloriosum</strong></span> <span class='ocrx_word' id='word_1_60' title='bbox 775 1562 840 1631; x_wconf 90' lang='lat' dir='ltr'><strong>nisi</strong></span> <span class='ocrx_word' id='word_1_61' title='bbox 866 1573 982 1642; x_wconf 86' lang='lat' dir='ltr'><strong>tutum,</strong></span> <span class='ocrx_word' id='word_1_62' title='bbox 1018 1572 1050 1629; x_wconf 92' lang='lat' dir='ltr'><strong>et</strong></span> <span class='ocrx_word' id='word_1_63' title='bbox 1081 1561 1193 1628; x_wconf 92' lang='lat' dir='ltr'><strong>omnia</strong></span> <span class='ocrx_word' id='word_1_64' title='bbox 1218 1561 1400 1630; x_wconf 82' lang='lat' dir='ltr'><strong>retinendae</strong></span> <span class='ocrx_word' id='word_1_65' title='bbox 1426 1562 1661 1632; x_wconf 89' lang='lat' dir='ltr'><strong>dominationis</strong></span> 
     </span>
     <span class='ocr_line' id='line_1_9' title="bbox 457 1683 1658 1778; baseline -0.001 -21"><span class='ocrx_word' id='word_1_66' title='bbox 457 1687 593 1759; x_wconf 88' lang='lat' dir='ltr'><strong>honesta</strong></span> <span class='ocrx_word' id='word_1_67' title='bbox 622 1697 782 1756; x_wconf 84' lang='lat' dir='ltr'><strong>aestumet.</strong></span> <span class='ocrx_word' id='word_1_68' title='bbox 828 1689 944 1778; x_wconf 91' lang='lat' dir='ltr'><strong>ltaque</strong></span> <span class='ocrx_word' id='word_1_69' title='bbox 976 1685 1033 1754; x_wconf 89' lang='lat' dir='ltr'><strong>illn</strong></span> <span class='ocrx_word' id='word_1_70' title='bbox 1065 1683 1159 1775; x_wconf 89' lang='lat' dir='ltr'><strong>quies</strong></span> <span class='ocrx_word' id='word_1_71' title='bbox 1189 1695 1222 1753; x_wconf 85' lang='lat' dir='ltr'><strong>et</strong></span> <span class='ocrx_word' id='word_1_72' title='bbox 1254 1684 1359 1755; x_wconf 91' lang='lat' dir='ltr'><strong>otium</strong></span> <span class='ocrx_word' id='word_1_73' title='bbox 1391 1709 1467 1756; x_wconf 90' lang='lat' dir='ltr'><strong>cum</strong></span> <span class='ocrx_word' id='word_1_74' title='bbox 1497 1687 1658 1769; x_wconf 86' lang='lat' dir='ltr'><strong>libertate,</strong></span> 
     </span>
     <span class='ocr_line' id='line_1_10' title="bbox 456 1807 1659 1906; baseline 0 -24"><span class='ocrx_word' id='word_1_75' title='bbox 456 1835 530 1906; x_wconf 83' lang='lat' dir='ltr'><strong>quae</strong></span> <span class='ocrx_word' id='word_1_76' title='bbox 556 1812 652 1882; x_wconf 85' lang='lat' dir='ltr'><strong>multi</strong></span> <span class='ocrx_word' id='word_1_77' title='bbox 677 1811 773 1905; x_wconf 91' lang='lat' dir='ltr'><strong>probi</strong></span> <span class='ocrx_word' id='word_1_78' title='bbox 797 1810 905 1903; x_wconf 90' lang='lat' dir='ltr'><strong>potius</strong></span> <span class='ocrx_word' id='word_1_79' title='bbox 931 1832 1032 1902; x_wconf 90' lang='lat' dir='ltr'><strong>quam</strong></span> <span class='ocrx_word' id='word_1_80' title='bbox 1058 1807 1208 1878; x_wconf 89' lang='lat' dir='ltr'><strong>laborem</strong></span> <span class='ocrx_word' id='word_1_81' title='bbox 1234 1831 1309 1878; x_wconf 90' lang='lat' dir='ltr'><strong>cum</strong></span> <span class='ocrx_word' id='word_1_82' title='bbox 1334 1809 1517 1881; x_wconf 84' lang='lat' dir='ltr'><strong>honoribus</strong></span> <span class='ocrx_word' id='word_1_83' title='bbox 1543 1835 1659 1905; x_wconf 88' lang='lat' dir='ltr'><strong>capes-</strong></span> 
     </span>
     <span class='ocr_line' id='line_1_11' title="bbox 455 1931 1658 2028; baseline 0.001 -24"><span class='ocrx_word' id='word_1_84' title='bbox 455 1935 581 2017; x_wconf 87' lang='lat' dir='ltr'><strong>sebant,</strong></span> <span class='ocrx_word' id='word_1_85' title='bbox 614 1936 709 2004; x_wconf 96' lang='lat' dir='ltr'><strong>nulla</strong></span> <span class='ocrx_word' id='word_1_86' title='bbox 733 1945 819 2004; x_wconf 85' lang='lat' dir='ltr'><strong>sunt.</strong></span> <span class='ocrx_word' id='word_1_87' title='bbox 866 1935 939 2005; x_wconf 84' lang='lat' dir='ltr'><strong>Hac</strong></span> <span class='ocrx_word' id='word_1_88' title='bbox 969 1942 1159 2023; x_wconf 90' lang='lat' dir='ltr'><strong>tempestate</strong></span> <span class='ocrx_word' id='word_1_89' title='bbox 1193 1931 1408 2003; x_wconf 80' lang='lat' dir='ltr'><strong>serviundum</strong></span> <span class='ocrx_word' id='word_1_90' title='bbox 1437 1945 1494 2004; x_wconf 91' lang='lat' dir='ltr'><strong>aut</strong></span> <span class='ocrx_word' id='word_1_91' title='bbox 1519 1936 1658 2028; x_wconf 88' lang='lat' dir='ltr'><strong>imperi·</strong></span> 
     </span>
     <span class='ocr_line' id='line_1_12' title="bbox 454 2056 1655 2141; baseline 0.001 -12"><span class='ocrx_word' id='word_1_92' title='bbox 454 2059 602 2139; x_wconf 87' lang='lat' dir='ltr'><strong>tandum,</strong></span> <span class='ocrx_word' id='word_1_93' title='bbox 635 2058 809 2130; x_wconf 86' lang='lat' dir='ltr'><strong>habendus</strong></span> <span class='ocrx_word' id='word_1_94' title='bbox 841 2067 947 2127; x_wconf 89' lang='lat' dir='ltr'><strong>metus</strong></span> <span class='ocrx_word' id='word_1_95' title='bbox 978 2067 1027 2126; x_wconf 91' lang='lat' dir='ltr'><strong>est</strong></span> <span class='ocrx_word' id='word_1_96' title='bbox 1061 2068 1117 2127; x_wconf 85' lang='lat' dir='ltr'><strong>aut</strong></span> <span class='ocrx_word' id='word_1_97' title='bbox 1148 2056 1332 2138; x_wconf 80' lang='lat' dir='ltr'><strong>faciendus,</strong></span> <span class='ocrx_word' id='word_1_98' title='bbox 1367 2057 1524 2141; x_wconf 77' lang='lat' dir='ltr'><strong>Quirites.</strong></span> <span class='ocrx_word' id='word_1_99' title='bbox 1571 2061 1655 2130; x_wconf 89' lang='lat' dir='ltr'><strong>Nam</strong></span> 
     </span>
     <span class='ocr_line' id='line_1_13' title="bbox 452 2182 1656 2277; baseline 0.002 -25"><span class='ocrx_word' id='word_1_100' title='bbox 452 2184 534 2277; x_wconf 82' lang='lat' dir='ltr'><strong>quid</strong></span> <span class='ocrx_word' id='word_1_101' title='bbox 565 2183 675 2255; x_wconf 89' lang='lat' dir='ltr'><strong>ultra‘l</strong></span> <span class='ocrx_word' id='word_1_102' title='bbox 719 2204 835 2277; x_wconf 79' lang='lat' dir='ltr'><strong>quaeve</strong></span> <span class='ocrx_word' id='word_1_103' title='bbox 870 2183 1018 2252; x_wconf 91' lang='lat' dir='ltr'><strong>bumana</strong></span> <span class='ocrx_word' id='word_1_104' title='bbox 1052 2191 1220 2273; x_wconf 77' lang='lat' dir='ltr'><strong>superant,</strong></span> <span class='ocrx_word' id='word_1_105' title='bbox 1259 2192 1315 2252; x_wconf 89' lang='lat' dir='ltr'><strong>aut</strong></span> <span class='ocrx_word' id='word_1_106' title='bbox 1346 2182 1457 2252; x_wconf 84' lang='lat' dir='ltr'><strong>divina</strong></span> <span class='ocrx_word' id='word_1_107' title='bbox 1494 2183 1656 2276; x_wconf 92' lang='lat' dir='ltr'><strong>inpolluta</strong></span> 
     </span>
     <span class='ocr_line' id='line_1_14' title="bbox 450 2303 1654 2401; baseline 0.001 -24"><span class='ocrx_word' id='word_1_108' title='bbox 450 2303 546 2378; x_wconf 75' lang='lat' dir='ltr'><strong>suntl</strong></span> <span class='ocrx_word' id='word_1_109' title='bbox 583 2308 727 2401; x_wconf 84' lang='lat' dir='ltr'><strong>Populus</strong></span> <span class='ocrx_word' id='word_1_110' title='bbox 744 2309 924 2387; x_wconf 85' lang='lat' dir='ltr'><strong>Romanus,</strong></span> <span class='ocrx_word' id='word_1_111' title='bbox 949 2305 1051 2398; x_wconf 93' lang='lat' dir='ltr'><strong>paulo</strong></span> <span class='ocrx_word' id='word_1_112' title='bbox 1068 2315 1144 2374; x_wconf 85' lang='lat' dir='ltr'><strong>ante</strong></span> <span class='ocrx_word' id='word_1_113' title='bbox 1168 2305 1316 2394; x_wconf 83' lang='lat' dir='ltr'><strong>gentium</strong></span> <span class='ocrx_word' id='word_1_114' title='bbox 1342 2306 1543 2388; x_wconf 82' lang='lat' dir='ltr'><strong>moderator,</strong></span> <span class='ocrx_word' id='word_1_115' title='bbox 1570 2332 1654 2378; x_wconf 86' lang='lat' dir='ltr'><strong>exu-</strong></span> 
     </span>
     <span class='ocr_line' id='line_1_15' title="bbox 450 2429 1653 2525; baseline 0 -23"><span class='ocrx_word' id='word_1_116' title='bbox 450 2443 501 2502; x_wconf 91' lang='lat' dir='ltr'><strong>tns</strong></span> <span class='ocrx_word' id='word_1_117' title='bbox 526 2432 676 2524; x_wconf 88' lang='lat' dir='ltr'><strong>imperio,</strong></span> <span class='ocrx_word' id='word_1_118' title='bbox 702 2431 822 2521; x_wconf 84' lang='lat' dir='ltr'><strong>gloria,</strong></span> <span class='ocrx_word' id='word_1_119' title='bbox 849 2431 933 2510; x_wconf 91' lang='lat' dir='ltr'><strong>iure,</strong></span> <span class='ocrx_word' id='word_1_120' title='bbox 965 2429 1112 2521; x_wconf 86' lang='lat' dir='ltr'><strong>agitandi</strong></span> <span class='ocrx_word' id='word_1_121' title='bbox 1135 2429 1230 2522; x_wconf 92' lang='lat' dir='ltr'><strong>inops</strong></span> <span class='ocrx_word' id='word_1_122' title='bbox 1250 2430 1488 2525; x_wconf 85' lang='lat' dir='ltr'><strong>despectusque</strong></span> <span class='ocrx_word' id='word_1_123' title='bbox 1514 2455 1558 2501; x_wconf 92' lang='lat' dir='ltr'><strong>ne</strong></span> <span class='ocrx_word' id='word_1_124' title='bbox 1582 2456 1653 2502; x_wconf 90' lang='lat' dir='ltr'><strong>ser-</strong></span> 
     </span>
     <span class='ocr_line' id='line_1_16' title="bbox 449 2553 1651 2648; baseline 0.002 -22"><span class='ocrx_word' id='word_1_125' title='bbox 449 2556 529 2626; x_wconf 81' lang='lat' dir='ltr'><strong>vilia</strong></span> <span class='ocrx_word' id='word_1_126' title='bbox 553 2556 688 2648; x_wconf 90' lang='lat' dir='ltr'><strong>quidem</strong></span> <span class='ocrx_word' id='word_1_127' title='bbox 709 2554 867 2625; x_wconf 85' lang='lat' dir='ltr'><strong>alimenta</strong></span> <span class='ocrx_word' id='word_1_128' title='bbox 888 2553 1017 2646; x_wconf 92' lang='lat' dir='ltr'><strong>reliqua</strong></span> <span class='ocrx_word' id='word_1_129' title='bbox 1036 2553 1145 2623; x_wconf 86' lang='lat' dir='ltr'><strong>babet.</strong></span> <span class='ocrx_word' id='word_1_130' title='bbox 1184 2554 1356 2624; x_wconf 89' lang='lat' dir='ltr'><strong>Sociorum</strong></span> <span class='ocrx_word' id='word_1_131' title='bbox 1375 2567 1408 2625; x_wconf 92' lang='lat' dir='ltr'><strong>et</strong></span> <span class='ocrx_word' id='word_1_132' title='bbox 1424 2556 1512 2627; x_wconf 82' lang='lat' dir='ltr'><strong>Latii</strong></span> <span class='ocrx_word' id='word_1_133' title='bbox 1529 2580 1651 2648; x_wconf 85' lang='lat' dir='ltr'><strong>magna</strong></span> 
     </span>
     <span class='ocr_line' id='line_1_17' title="bbox 447 2675 1648 2773; baseline 0.002 -23"><span class='ocrx_word' id='word_1_134' title='bbox 447 2680 497 2750; x_wconf 84' lang='lat' dir='ltr'><strong>vis</strong></span> <span class='ocrx_word' id='word_1_135' title='bbox 522 2680 651 2750; x_wconf 81' lang='lat' dir='ltr'><strong>civitate</strong></span> <span class='ocrx_word' id='word_1_136' title='bbox 675 2702 737 2772; x_wconf 92' lang='lat' dir='ltr'><strong>pro</strong></span> <span class='ocrx_word' id='word_1_137' title='bbox 758 2679 869 2749; x_wconf 88' lang='lat' dir='ltr'><strong>multis</strong></span> <span class='ocrx_word' id='word_1_138' title='bbox 887 2690 920 2747; x_wconf 91' lang='lat' dir='ltr'><strong>et</strong></span> <span class='ocrx_word' id='word_1_139' title='bbox 937 2675 1082 2768; x_wconf 81' lang='lat' dir='ltr'><strong>egregiis</strong></span> <span class='ocrx_word' id='word_1_140' title='bbox 1102 2676 1195 2746; x_wconf 87' lang='lat' dir='ltr'><strong>lactis</strong></span> <span class='ocrx_word' id='word_1_141' title='bbox 1213 2701 1233 2746; x_wconf 92' lang='lat' dir='ltr'><strong>a</strong></span> <span class='ocrx_word' id='word_1_142' title='bbox 1249 2676 1343 2747; x_wconf 89' lang='lat' dir='ltr'><strong>vobis</strong></span> <span class='ocrx_word' id='word_1_143' title='bbox 1361 2679 1436 2748; x_wconf 90' lang='lat' dir='ltr'><strong>data</strong></span> <span class='ocrx_word' id='word_1_144' title='bbox 1459 2703 1521 2773; x_wconf 92' lang='lat' dir='ltr'><strong>per</strong></span> <span class='ocrx_word' id='word_1_145' title='bbox 1545 2704 1648 2751; x_wconf 93' lang='lat' dir='ltr'><strong>unum</strong></span> 
     </span>
     <span class='ocr_line' id='line_1_18' title="bbox 446 2800 1648 2899; baseline 0.002 -26"><span class='ocrx_word' id='word_1_146' title='bbox 446 2803 682 2897; x_wconf 84' lang='lat' dir='ltr'><strong>probibentur:</strong></span> <span class='ocrx_word' id='word_1_147' title='bbox 709 2814 740 2872; x_wconf 91' lang='lat' dir='ltr'><strong>et</strong></span> <span class='ocrx_word' id='word_1_148' title='bbox 764 2801 871 2895; x_wconf 82' lang='lat' dir='ltr'><strong>plebis</strong></span> <span class='ocrx_word' id='word_1_149' title='bbox 896 2800 1041 2870; x_wconf 77' lang='lat' dir='ltr'><strong>innoxiae</strong></span> <span class='ocrx_word' id='word_1_150' title='bbox 1067 2801 1190 2891; x_wconf 87' lang='lat' dir='ltr'><strong>patrias</strong></span> <span class='ocrx_word' id='word_1_151' title='bbox 1215 2802 1308 2871; x_wconf 88' lang='lat' dir='ltr'><strong>sedes</strong></span> <span class='ocrx_word' id='word_1_152' title='bbox 1330 2825 1534 2896; x_wconf 83' lang='lat' dir='ltr'><strong>occupavere</strong></span> <span class='ocrx_word' id='word_1_153' title='bbox 1551 2806 1648 2899; x_wconf 86' lang='lat' dir='ltr'><strong>pauci</strong></span> 
     </span>
     <span class='ocr_line' id='line_1_19' title="bbox 446 2925 1648 3023; baseline 0.003 -27"><span class='ocrx_word' id='word_1_154' title='bbox 446 2927 612 3008; x_wconf 88' lang='lat' dir='ltr'><strong>satellites,</strong></span> <span class='ocrx_word' id='word_1_155' title='bbox 638 2925 823 2996; x_wconf 88' lang='lat' dir='ltr'><strong>mercedem</strong></span> <span class='ocrx_word' id='word_1_156' title='bbox 848 2925 1023 2994; x_wconf 88' lang='lat' dir='ltr'><strong>scelerum.</strong></span> <span class='ocrx_word' id='word_1_157' title='bbox 1071 2925 1190 3014; x_wconf 84' lang='lat' dir='ltr'><strong>Leges,</strong></span> <span class='ocrx_word' id='word_1_158' title='bbox 1216 2925 1351 3006; x_wconf 86' lang='lat' dir='ltr'><strong>iudicia,</strong></span> <span class='ocrx_word' id='word_1_159' title='bbox 1377 2929 1543 3008; x_wconf 80' lang='lat' dir='ltr'><strong>aerarium,</strong></span> <span class='ocrx_word' id='word_1_160' title='bbox 1569 2954 1648 3023; x_wconf 94' lang='lat' dir='ltr'><strong>pro-</strong></span> 
     </span>
     <span class='ocr_line' id='line_1_20' title="bbox 444 3047 1648 3142; baseline 0.002 -22"><span class='ocrx_word' id='word_1_161' title='bbox 444 3051 573 3132; x_wconf 74' lang='lat' dir='ltr'><strong>vinciae,</strong></span> <span class='ocrx_word' id='word_1_162' title='bbox 601 3072 697 3142; x_wconf 85' lang='lat' dir='ltr'><strong>reges</strong></span> <span class='ocrx_word' id='word_1_163' title='bbox 714 3071 817 3142; x_wconf 89' lang='lat' dir='ltr'><strong>penes</strong></span> <span class='ocrx_word' id='word_1_164' title='bbox 832 3071 948 3128; x_wconf 94' lang='lat' dir='ltr'><strong>unum,</strong></span> <span class='ocrx_word' id='word_1_165' title='bbox 975 3047 1120 3141; x_wconf 88' lang='lat' dir='ltr'><strong>denique</strong></span> <span class='ocrx_word' id='word_1_166' title='bbox 1137 3048 1227 3117; x_wconf 91' lang='lat' dir='ltr'><strong>necis</strong></span> <span class='ocrx_word' id='word_1_167' title='bbox 1246 3049 1366 3119; x_wconf 88' lang='lat' dir='ltr'><strong>civium</strong></span> <span class='ocrx_word' id='word_1_168' title='bbox 1385 3060 1418 3120; x_wconf 94' lang='lat' dir='ltr'><strong>et</strong></span> <span class='ocrx_word' id='word_1_169' title='bbox 1442 3051 1517 3121; x_wconf 82' lang='lat' dir='ltr'><strong>vitae</strong></span> <span class='ocrx_word' id='word_1_170' title='bbox 1541 3054 1648 3122; x_wconf 91' lang='lat' dir='ltr'><strong>licen-</strong></span> 
     </span>
     <span class='ocr_line' id='line_1_21' title="bbox 443 3171 1646 3264; baseline 0.002 -20"><span class='ocrx_word' id='word_1_171' title='bbox 443 3175 500 3245; x_wconf 92' lang='lat' dir='ltr'><strong>tia.</strong></span> <span class='ocrx_word' id='word_1_172' title='bbox 544 3174 649 3245; x_wconf 91' lang='lat' dir='ltr'><strong>Simul</strong></span> <span class='ocrx_word' id='word_1_173' title='bbox 669 3173 831 3244; x_wconf 86' lang='lat' dir='ltr'><strong>humanas</strong></span> <span class='ocrx_word' id='word_1_174' title='bbox 856 3171 978 3241; x_wconf 88' lang='lat' dir='ltr'><strong>hostias</strong></span> <span class='ocrx_word' id='word_1_175' title='bbox 1003 3171 1140 3248; x_wconf 88' lang='lat' dir='ltr'><strong>vidistis,</strong></span> <span class='ocrx_word' id='word_1_176' title='bbox 1167 3181 1199 3240; x_wconf 90' lang='lat' dir='ltr'><strong>et</strong></span> <span class='ocrx_word' id='word_1_177' title='bbox 1223 3172 1401 3264; x_wconf 87' lang='lat' dir='ltr'><strong>sepulchra</strong></span> <span class='ocrx_word' id='word_1_178' title='bbox 1421 3173 1543 3244; x_wconf 86' lang='lat' dir='ltr'><strong>inlecta</strong></span> <span class='ocrx_word' id='word_1_179' title='bbox 1568 3199 1646 3246; x_wconf 90' lang='lat' dir='ltr'><strong>san-</strong></span> 
     </span>
     <span class='ocr_line' id='line_1_22' title="bbox 443 3293 1644 3391; baseline 0.003 -24"><span class='ocrx_word' id='word_1_180' title='bbox 443 3300 544 3391; x_wconf 83' lang='lat' dir='ltr'><strong>guine</strong></span> <span class='ocrx_word' id='word_1_181' title='bbox 566 3298 666 3370; x_wconf 90' lang='lat' dir='ltr'><strong>civili.</strong></span> <span class='ocrx_word' id='word_1_182' title='bbox 703 3299 805 3367; x_wconf 88' lang='lat' dir='ltr'><strong>Estne</strong></span> <span class='ocrx_word' id='word_1_183' title='bbox 829 3295 908 3367; x_wconf 89' lang='lat' dir='ltr'><strong>viris</strong></span> <span class='ocrx_word' id='word_1_184' title='bbox 933 3295 1054 3387; x_wconf 81' lang='lat' dir='ltr'><strong>reliqui</strong></span> <span class='ocrx_word' id='word_1_185' title='bbox 1078 3293 1182 3374; x_wconf 88' lang='lat' dir='ltr'><strong>aliud,</strong></span> <span class='ocrx_word' id='word_1_186' title='bbox 1209 3318 1309 3387; x_wconf 90' lang='lat' dir='ltr'><strong>quam</strong></span> <span class='ocrx_word' id='word_1_187' title='bbox 1335 3296 1462 3366; x_wconf 89' lang='lat' dir='ltr'><strong>solvere</strong></span> <span class='ocrx_word' id='word_1_188' title='bbox 1488 3299 1644 3371; x_wconf 89' lang='lat' dir='ltr'><strong>iniuriam</strong></span> 
     </span>
     <span class='ocr_line' id='line_1_23' title="bbox 442 3418 1643 3514; baseline 0.001 -20"><span class='ocrx_word' id='word_1_189' title='bbox 442 3433 499 3494; x_wconf 87' lang='lat' dir='ltr'><strong>ant</strong></span> <span class='ocrx_word' id='word_1_190' title='bbox 515 3422 600 3493; x_wconf 90' lang='lat' dir='ltr'><strong>mori</strong></span> <span class='ocrx_word' id='word_1_191' title='bbox 617 3445 678 3514; x_wconf 90' lang='lat' dir='ltr'><strong>per</strong></span> <span class='ocrx_word' id='word_1_192' title='bbox 693 3421 871 3492; x_wconf 85' lang='lat' dir='ltr'><strong>virtuteml</strong></span> <span class='ocrx_word' id='word_1_193' title='bbox 903 3418 1213 3511; x_wconf 85' lang='lat' dir='ltr'><strong>quoniamquidem</strong></span> <span class='ocrx_word' id='word_1_194' title='bbox 1232 3442 1335 3490; x_wconf 94' lang='lat' dir='ltr'><strong>unum</strong></span> <span class='ocrx_word' id='word_1_195' title='bbox 1361 3421 1514 3494; x_wconf 90' lang='lat' dir='ltr'><strong>omnibns</strong></span> <span class='ocrx_word' id='word_1_196' title='bbox 1541 3423 1643 3495; x_wconf 90' lang='lat' dir='ltr'><strong>finem</strong></span> 
     </span>
     <span class='ocr_line' id='line_1_24' title="bbox 441 3543 1643 3637; baseline 0.001 -20"><span class='ocrx_word' id='word_1_197' title='bbox 441 3556 560 3617; x_wconf 88' lang='lat' dir='ltr'><strong>natura</strong></span> <span class='ocrx_word' id='word_1_198' title='bbox 584 3546 637 3616; x_wconf 87' lang='lat' dir='ltr'><strong>vel</strong></span> <span class='ocrx_word' id='word_1_199' title='bbox 663 3547 752 3615; x_wconf 89' lang='lat' dir='ltr'><strong>lerro</strong></span> <span class='ocrx_word' id='word_1_200' title='bbox 777 3545 885 3637; x_wconf 79' lang='lat' dir='ltr'><strong>saeptis</strong></span> <span class='ocrx_word' id='word_1_201' title='bbox 903 3543 1024 3624; x_wconf 86' lang='lat' dir='ltr'><strong>statuit,</strong></span> <span class='ocrx_word' id='word_1_202' title='bbox 1050 3564 1159 3634; x_wconf 88' lang='lat' dir='ltr'><strong>neque</strong></span> <span class='ocrx_word' id='word_1_203' title='bbox 1185 3544 1361 3636; x_wconf 89' lang='lat' dir='ltr'><strong>quisquam</strong></span> <span class='ocrx_word' id='word_1_204' title='bbox 1379 3557 1563 3618; x_wconf 85' lang='lat' dir='ltr'><strong>extremam</strong></span> <span class='ocrx_word' id='word_1_205' title='bbox 1580 3572 1643 3618; x_wconf 88' lang='lat' dir='ltr'><strong>ne-</strong></span> 
     </span>
     <span class='ocr_line' id='line_1_25' title="bbox 440 3666 1642 3762; baseline 0.004 -22"><span class='ocrx_word' id='word_1_206' title='bbox 440 3671 623 3741; x_wconf 82' lang='lat' dir='ltr'><strong>cessitatem</strong></span> <span class='ocrx_word' id='word_1_207' title='bbox 648 3669 732 3740; x_wconf 89' lang='lat' dir='ltr'><strong>nibil</strong></span> <span class='ocrx_word' id='word_1_208' title='bbox 748 3691 857 3749; x_wconf 87' lang='lat' dir='ltr'><strong>ausus,</strong></span> <span class='ocrx_word' id='word_1_209' title='bbox 883 3667 946 3736; x_wconf 89' lang='lat' dir='ltr'><strong>nisi</strong></span> <span class='ocrx_word' id='word_1_210' title='bbox 972 3666 1127 3736; x_wconf 85' lang='lat' dir='ltr'><strong>muliebri</strong></span> <span class='ocrx_word' id='word_1_211' title='bbox 1145 3667 1291 3758; x_wconf 84' lang='lat' dir='ltr'><strong>ingenio,</strong></span> <span class='ocrx_word' id='word_1_212' title='bbox 1318 3681 1478 3762; x_wconf 82' lang='lat' dir='ltr'><strong>expectat.</strong></span> <span class='ocrx_word' id='word_1_213' title='bbox 1517 3675 1642 3744; x_wconf 90' lang='lat' dir='ltr'><strong>Verum</strong></span> 
     </span>
     <span class='ocr_line' id='line_1_26' title="bbox 439 3789 1641 3888; baseline 0.003 -24"><span class='ocrx_word' id='word_1_214' title='bbox 439 3816 502 3886; x_wconf 83' lang='lat' dir='ltr'><strong>ego</strong></span> <span class='ocrx_word' id='word_1_215' title='bbox 527 3793 710 3873; x_wconf 90' lang='lat' dir='ltr'><strong>seditiosus,</strong></span> <span class='ocrx_word' id='word_1_216' title='bbox 736 3792 784 3862; x_wconf 93' lang='lat' dir='ltr'><strong>nti</strong></span> <span class='ocrx_word' id='word_1_217' title='bbox 802 3791 895 3862; x_wconf 93' lang='lat' dir='ltr'><strong>Sulla</strong></span> <span class='ocrx_word' id='word_1_218' title='bbox 920 3789 976 3870; x_wconf 86' lang='lat' dir='ltr'><strong>ait,</strong></span> <span class='ocrx_word' id='word_1_219' title='bbox 1004 3790 1062 3881; x_wconf 91' lang='lat' dir='ltr'><strong>qui</strong></span> <span class='ocrx_word' id='word_1_220' title='bbox 1088 3789 1226 3883; x_wconf 87' lang='lat' dir='ltr'><strong>praemia</strong></span> <span class='ocrx_word' id='word_1_221' title='bbox 1251 3791 1421 3864; x_wconf 90' lang='lat' dir='ltr'><strong>turbarum</strong></span> <span class='ocrx_word' id='word_1_222' title='bbox 1440 3818 1582 3888; x_wconf 85' lang='lat' dir='ltr'><strong>queror;</strong></span> <span class='ocrx_word' id='word_1_223' title='bbox 1608 3810 1641 3868; x_wconf 90' lang='lat' dir='ltr'><strong>et</strong></span> 
     </span>
     <span class='ocr_line' id='line_1_27' title="bbox 437 3914 1640 4010; baseline 0.002 -21"><span class='ocrx_word' id='word_1_224' title='bbox 437 3917 562 3988; x_wconf 88' lang='lat' dir='ltr'><strong>bellum</strong></span> <span class='ocrx_word' id='word_1_225' title='bbox 586 3917 733 4010; x_wconf 86' lang='lat' dir='ltr'><strong>cupiens,</strong></span> <span class='ocrx_word' id='word_1_226' title='bbox 759 3915 817 4009; x_wconf 87' lang='lat' dir='ltr'><strong>qni</strong></span> <span class='ocrx_word' id='word_1_227' title='bbox 843 3915 916 3984; x_wconf 90' lang='lat' dir='ltr'><strong>iura</strong></span> <span class='ocrx_word' id='word_1_228' title='bbox 942 3914 1031 4006; x_wconf 85' lang='lat' dir='ltr'><strong>pacis</strong></span> <span class='ocrx_word' id='word_1_229' title='bbox 1056 3925 1182 4006; x_wconf 89' lang='lat' dir='ltr'><strong>repeto.</strong></span> <span class='ocrx_word' id='word_1_230' title='bbox 1225 3915 1359 3986; x_wconf 88' lang='lat' dir='ltr'><strong>Scilicet</strong></span> <span class='ocrx_word' id='word_1_231' title='bbox 1376 3918 1455 4009; x_wconf 86' lang='lat' dir='ltr'><strong>quia</strong></span> <span class='ocrx_word' id='word_1_232' title='bbox 1479 3942 1548 3989; x_wconf 95' lang='lat' dir='ltr'><strong>non</strong></span> <span class='ocrx_word' id='word_1_233' title='bbox 1574 3923 1640 3992; x_wconf 89' lang='lat' dir='ltr'><strong>ali-</strong></span> 
     </span>
     <span class='ocr_line' id='line_1_28' title="bbox 436 4038 1638 4132; baseline 0.001 -19"><span class='ocrx_word' id='word_1_234' title='bbox 436 4054 487 4113; x_wconf 90' lang='lat' dir='ltr'><strong>ter</strong></span> <span class='ocrx_word' id='word_1_235' title='bbox 519 4041 601 4112; x_wconf 89' lang='lat' dir='ltr'><strong>salvi</strong></span> <span class='ocrx_word' id='word_1_236' title='bbox 633 4041 777 4132; x_wconf 89' lang='lat' dir='ltr'><strong>satisque</strong></span> <span class='ocrx_word' id='word_1_237' title='bbox 811 4039 870 4108; x_wconf 89' lang='lat' dir='ltr'><strong>tuti</strong></span> <span class='ocrx_word' id='word_1_238' title='bbox 906 4038 939 4105; x_wconf 93' lang='lat' dir='ltr'><strong>in</strong></span> <span class='ocrx_word' id='word_1_239' title='bbox 972 4038 1112 4131; x_wconf 91' lang='lat' dir='ltr'><strong>imperio</strong></span> <span class='ocrx_word' id='word_1_240' title='bbox 1144 4038 1245 4119; x_wconf 89' lang='lat' dir='ltr'><strong>eritis,</strong></span> <span class='ocrx_word' id='word_1_241' title='bbox 1278 4039 1342 4108; x_wconf 90' lang='lat' dir='ltr'><strong>nisi</strong></span> <span class='ocrx_word' id='word_1_242' title='bbox 1366 4042 1494 4113; x_wconf 90' lang='lat' dir='ltr'><strong>Vettius</strong></span> <span class='ocrx_word' id='word_1_243' title='bbox 1521 4045 1638 4114; x_wconf 85' lang='lat' dir='ltr'><strong>Picens</strong></span> 
     </span>
     <span class='ocr_line' id='line_1_29' title="bbox 435 4160 1637 4255; baseline 0.001 -19"><span class='ocrx_word' id='word_1_244' title='bbox 435 4177 468 4236; x_wconf 88' lang='lat' dir='ltr'><strong>et</strong></span> <span class='ocrx_word' id='word_1_245' title='bbox 492 4166 610 4236; x_wconf 88' lang='lat' dir='ltr'><strong>scriba.</strong></span> <span class='ocrx_word' id='word_1_246' title='bbox 626 4163 799 4234; x_wconf 86' lang='lat' dir='ltr'><strong>Cornelius</strong></span> <span class='ocrx_word' id='word_1_247' title='bbox 824 4162 936 4232; x_wconf 89' lang='lat' dir='ltr'><strong>aliena</strong></span> <span class='ocrx_word' id='word_1_248' title='bbox 959 4160 1046 4230; x_wconf 91' lang='lat' dir='ltr'><strong>bene</strong></span> <span class='ocrx_word' id='word_1_249' title='bbox 1074 4173 1188 4255; x_wconf 88' lang='lat' dir='ltr'><strong>parata</strong></span> <span class='ocrx_word' id='word_1_250' title='bbox 1213 4162 1443 4254; x_wconf 83' lang='lat' dir='ltr'><strong>prodegerint;</strong></span> <span class='ocrx_word' id='word_1_251' title='bbox 1483 4167 1548 4236; x_wconf 88' lang='lat' dir='ltr'><strong>nisi</strong></span> <span class='ocrx_word' id='word_1_252' title='bbox 1576 4169 1637 4238; x_wconf 90' lang='lat' dir='ltr'><strong>ad-</strong></span> 
     </span>
     <span class='ocr_line' id='line_1_30' title="bbox 433 4284 1636 4384; baseline 0.002 -23"><span class='ocrx_word' id='word_1_253' title='bbox 433 4290 608 4384; x_wconf 91' lang='lat' dir='ltr'><strong>probaritis</strong></span> <span class='ocrx_word' id='word_1_254' title='bbox 632 4311 747 4359; x_wconf 86' lang='lat' dir='ltr'><strong>omnes</strong></span> <span class='ocrx_word' id='word_1_255' title='bbox 771 4284 1044 4380; x_wconf 87' lang='lat' dir='ltr'><strong>proscriptionem</strong></span> <span class='ocrx_word' id='word_1_256' title='bbox 1071 4286 1283 4357; x_wconf 86' lang='lat' dir='ltr'><strong>innoxiorum</strong></span> <span class='ocrx_word' id='word_1_257' title='bbox 1312 4289 1354 4358; x_wconf 98' lang='lat' dir='ltr'><strong>ob</strong></span> <span class='ocrx_word' id='word_1_258' title='bbox 1380 4289 1521 4372; x_wconf 88' lang='lat' dir='ltr'><strong>divitias,</strong></span> <span class='ocrx_word' id='word_1_259' title='bbox 1557 4317 1636 4364; x_wconf 92' lang='lat' dir='ltr'><strong>cru-</strong></span> 
     </span>
     <span class='ocr_line' id='line_1_31' title="bbox 433 4409 1632 4504; baseline 0.001 -19"><span class='ocrx_word' id='word_1_260' title='bbox 433 4414 536 4486; x_wconf 88' lang='lat' dir='ltr'><strong>ciatus</strong></span> <span class='ocrx_word' id='word_1_261' title='bbox 575 4413 721 4485; x_wconf 84' lang='lat' dir='ltr'><strong>virorum</strong></span> <span class='ocrx_word' id='word_1_262' title='bbox 756 4409 955 4489; x_wconf 88' lang='lat' dir='ltr'><strong>inlustrium,</strong></span> <span class='ocrx_word' id='word_1_263' title='bbox 995 4420 1119 4480; x_wconf 88' lang='lat' dir='ltr'><strong>vastam</strong></span> <span class='ocrx_word' id='word_1_264' title='bbox 1151 4410 1266 4481; x_wconf 91' lang='lat' dir='ltr'><strong>urbem</strong></span> <span class='ocrx_word' id='word_1_265' title='bbox 1300 4413 1376 4504; x_wconf 84' lang='lat' dir='ltr'><strong>luga</strong></span> <span class='ocrx_word' id='word_1_266' title='bbox 1411 4426 1444 4484; x_wconf 91' lang='lat' dir='ltr'><strong>et</strong></span> <span class='ocrx_word' id='word_1_267' title='bbox 1476 4416 1632 4498; x_wconf 81' lang='lat' dir='ltr'><strong>caedibus,</strong></span> 
     </span>
     <span class='ocr_line' id='line_1_32' title="bbox 430 4533 1634 4628; baseline 0.002 -19"><span class='ocrx_word' id='word_1_268' title='bbox 430 4540 519 4610; x_wconf 90' lang='lat' dir='ltr'><strong>bona</strong></span> <span class='ocrx_word' id='word_1_269' title='bbox 544 4539 665 4609; x_wconf 88' lang='lat' dir='ltr'><strong>civium</strong></span> <span class='ocrx_word' id='word_1_270' title='bbox 693 4535 887 4606; x_wconf 89' lang='lat' dir='ltr'><strong>miserorum</strong></span> <span class='ocrx_word' id='word_1_271' title='bbox 914 4533 1007 4626; x_wconf 89' lang='lat' dir='ltr'><strong>quasi</strong></span> <span class='ocrx_word' id='word_1_272' title='bbox 1033 4533 1232 4605; x_wconf 86' lang='lat' dir='ltr'><strong>Cimbricam</strong></span> <span class='ocrx_word' id='word_1_273' title='bbox 1257 4538 1404 4628; x_wconf 79' lang='lat' dir='ltr'><strong>praedam</strong></span> <span class='ocrx_word' id='word_1_274' title='bbox 1429 4562 1552 4610; x_wconf 87' lang='lat' dir='ltr'><strong>venum</strong></span> <span class='ocrx_word' id='word_1_275' title='bbox 1578 4552 1634 4610; x_wconf 92' lang='lat' dir='ltr'><strong>aut</strong></span> 
     </span>
     <span class='ocr_line' id='line_1_33' title="bbox 429 4656 1632 4758; baseline -0.002 -22"><span class='ocrx_word' id='word_1_276' title='bbox 429 4666 516 4736; x_wconf 95' lang='lat' dir='ltr'><strong>dono</strong></span> <span class='ocrx_word' id='word_1_277' title='bbox 533 4664 654 4735; x_wconf 82' lang='lat' dir='ltr'><strong>datam.</strong></span> <span class='ocrx_word' id='word_1_278' title='bbox 696 4663 741 4732; x_wconf 87' lang='lat' dir='ltr'><strong>At</strong></span> <span class='ocrx_word' id='word_1_279' title='bbox 761 4659 902 4730; x_wconf 88' lang='lat' dir='ltr'><strong>obiectat</strong></span> <span class='ocrx_word' id='word_1_280' title='bbox 922 4656 1006 4727; x_wconf 91' lang='lat' dir='ltr'><strong>mibi</strong></span> <span class='ocrx_word' id='word_1_281' title='bbox 1029 4659 1251 4750; x_wconf 87' lang='lat' dir='ltr'><strong>possessiones</strong></span> <span class='ocrx_word' id='word_1_282' title='bbox 1276 4683 1319 4730; x_wconf 86' lang='lat' dir='ltr'><strong>ex</strong></span> <span class='ocrx_word' id='word_1_283' title='bbox 1343 4661 1438 4754; x_wconf 89' lang='lat' dir='ltr'><strong>bonis</strong></span> <span class='ocrx_word' id='word_1_284' title='bbox 1463 4665 1632 4758; x_wconf 86' lang='lat' dir='ltr'><strong>proscrip-</strong></span> 
     </span>
    </p>
   </div>
   <div class='ocr_carea' id='block_1_3' title="bbox 0 0 1796 5594">
    <p class='ocr_par' dir='ltr' id='par_1_3' title="bbox 0 0 1796 5594">
     <span class='ocr_line' id='line_1_34' title="bbox 0 0 1796 5594; baseline 0 15"><span class='ocrx_word' id='word_1_285' title='bbox 0 0 1796 5594; x_wconf 95' lang='lat' dir='ltr'><strong> </strong></span> 
     </span>
    </p>
   </div>
  </div>
 </body>
</html>
