3526 5604
454 632 525 700 358

453 831 626 910 Serranus,
653 831 691 898 T.
711 832 902 902 Scribonius
922 833 1017 917 Libo,
1045 847 1078 906 et
1098 837 1131 907 id
1150 861 1207 908 eos
1229 840 1345 909 iecisse
1371 841 1459 912 iussu
1485 865 1637 913 censorum

454 955 531 1024 Sex.
557 955 646 1026 Aelii
672 957 775 1037 Paeti,
802 957 839 1026 C.
859 958 1006 1028 Cornelii
1028 961 1179 1053 Cethegi.
1223 966 1265 1035 Et
1287 964 1416 1034 videtur
1440 967 1473 1034 in
1500 965 1559 1036 bac
1575 990 1638 1036 ura·

455 1079 544 1148 tione
567 1079 657 1150 bunc
679 1081 816 1174 quidem
835 1093 1005 1153 auctorem
1023 1098 1153 1157 secutus
1171 1087 1290 1158 Cicero
1316 1081 1359 1178 [u.
1374 1113 1407 1158 u.
1426 1087 1509 1174 689]
1536 1090 1639 1160 dixisse

456 1227 588 1298 passum
619 1227 691 1274 esse
721 1205 913 1299 Scipionem
942 1210 1070 1280 secerni
1101 1234 1120 1280 a
1154 1222 1263 1282 cetero
1289 1236 1444 1283 consessu
1473 1216 1640 1307 spectacula

358 1421 360 1424 Ι
457 1341 658 1400 senatorum.
700 1333 853 1402 Asconius
875 1335 918 1402 ud
944 1335 1006 1402 Cic.
1025 1357 1087 1426 pru
1109 1335 1252 1405 Gemella
1271 1361 1305 1429 p.
1329 1336 1377 1408 69
1397 1338 1492 1408 Orcll.
1519 1342 1570 1430 cfr.
1593 1339 1639 1406 lr‘-

457 1458 529 1526 oius
551 1453 611 1536 34,
633 1453 693 1526 54.
794 1457 854 1526 at.
880 1458 1034 1528 Valerius
1059 1455 1175 1528 Antias
1201 1470 1234 1528 et
1259 1461 1292 1528 in
1318 1461 1465 1531 Siciliam
1491 1463 1638 1552 navigasse
1722 1471 1723 1560 j

458 1581 605 1651 delectus
631 1603 733 1652 cansa
762 1583 799 1653 G.
825 1582 1026 1652 Flaminium
1058 1583 1171 1653 scribit
1201 1597 1232 1654 et
1258 1607 1300 1653 ex
1327 1587 1441 1656 Sicilia
1466 1587 1637 1679 Hispaniam

458 1717 623 1800 petentem
640 1716 832 1798 tempestate
858 1707 892 1776 in
914 1707 1061 1776 Africam
1082 1707 1227 1777 delatum
1246 1731 1347 1801 vagos
1366 1711 1487 1782 milites
1505 1711 1543 1779 de
1558 1733 1639 1778 exer·
1722 1719 1723 1736 ²

460 1832 527 1900 citu
552 1832 588 1899 P.
606 1831 757 1900 Africani
780 1841 986 1901 sacramento
1007 1853 1158 1921 rogasse3
1185 1832 1237 1902 bis
1258 1833 1400 1905 duarum
1418 1835 1637 1928 provinciarum

460 1954 642 2025 delectibus
677 1955 808 2024 tertium
846 1955 880 2024 in
913 1955 1074 2047 Hispania
1109 1955 1279 2025 adiecisse.
1331 1958 1445 2029 Livius
1470 1957 1525 2038 35,
1553 1957 1583 2040 2,
1608 1953 1650 2027 8.·

461 2079 520 2149 35.
547 2079 635 2162 Quid
658 2079 685 2148 si
710 2078 835 2174 Antiati
852 2079 987 2150 Valerio
1012 2079 1185 2150 credamus
1210 2080 1382 2172 sexaginta
1408 2083 1499 2152 milia
1521 2081 1638 2150 militum

462 2204 561 2274 luisse
588 2204 620 2273 in
648 2204 742 2296 regio
769 2201 956 2288 [Antiochi]
984 2205 1134 2275 exercitu
1158 2205 1326 2284 scribenti,
1352 2203 1637 2300 quadragintaiole

461 2328 555 2397 milia
581 2327 749 2408 cecidisse,
776 2350 875 2421 supra
901 2329 1049 2421 quinque
1074 2328 1168 2398 milia
1193 2341 1289 2421 capta
1314 2353 1389 2400 cum
1415 2330 1516 2422 signis
1538 2325 1637 2395 milita·

462 2452 554 2522 riuus
579 2451 730 2523 ducenos
747 2452 905 2543 triginta?
942 2454 1055 2522 arun
1078 2449 1137 2532 36,
1168 2450 1223 2531 19,
1254 2450 1311 2522 12.
1412 2453 1471 2524 uo.
1496 2449 1638 2522 nerino
1722 2431 1723 2470 ³

463 2599 538 2646 cam
565 2569 693 2665 [aedem
712 2575 826 2647 blatris
844 2577 986 2667 Magnae
1012 2569 1144 2666 ldaeae]
1170 2577 1216 2647 bl.
1243 2577 1356 2646 lunius
1374 2578 1503 2658 Brutus,
1528 2574 1636 2666 ludique
1722 2647 1723 2658 χ

464 2704 506 2772 ob
531 2700 771 2770 dedicationem
798 2699 870 2769 eius
895 2701 982 2782 lacti,
1008 2722 1091 2794 quos
1116 2700 1240 2793 primos
1265 2701 1413 2771 scenicos
1435 2703 1529 2773 luisse
1546 2698 1637 2770 Antias

464 2827 617 2898 Valerius
648 2834 697 2895 est
724 2835 839 2895 auctor
869 2825 1050 2916 Megalesia
1081 2824 1274 2918 appellatos.
1324 2827 1439 2896 Liuius
1462 2825 1517 2908 36,
1539 2821 1587 2903 36,
1609 2817 1636 2890 t.

466 2953 524 3022 37.
552 2953 586 3020 P.
612 2949 785 3020 Cornelius
811 2949 925 3018 consul
952 2971 1027 3018 cum
1053 2948 1212 3018 boiorum
1238 2949 1388 3020 exercitu
1413 2949 1514 3042 signis
1536 2941 1637 3016 collatis

466 3076 602 3167 egregie
627 3073 798 3165 pugnavit.
846 3071 1100 3164 Duodetriginta
1132 3073 1224 3142 milia
1250 3071 1396 3142 bostium
1422 3075 1526 3143 occisa
1547 3067 1637 3140 Antias

465 3202 618 3272 Valerius
644 3199 768 3278 scribit,
800 3209 893 3290 capta
920 3198 982 3267 tria
1009 3198 1103 3268 milia
1129 3210 1161 3268 et
1185 3198 1460 3293 quadringentos,
1485 3199 1569 3288 signa
1589 3189 1637 3260 mi-

467 3326 577 3396 litaria
603 3337 735 3395 centum
765 3326 881 3415 viginti
909 3335 1074 3417 quattuor,
1111 3347 1213 3416 equos
1238 3324 1330 3394 mille
1351 3324 1509 3396 ducentos
1524 3319 1637 3410 triginta,

468 3460 625 3542 carpenta
665 3449 806 3519 ducenta
839 3448 1060 3543 quadraginta
1099 3457 1242 3541 septem;
1287 3471 1329 3516 ex
1363 3448 1536 3518 victoribus
1568 3438 1637 3512 mille

469 3573 730 3665 quadringentos
755 3573 922 3664 octoginta
943 3582 1097 3664 quattuor
1119 3571 1287 3642 cecidisse.
1325 3572 1389 3643 Ubi
1415 3585 1450 3642 ut
1475 3575 1506 3642 in
1530 3583 1637 3639 numero

468 3700 620 3792 scriptori
645 3722 762 3791 parum
788 3697 866 3767 fidei
892 3697 944 3780 sit,
983 3697 1060 3789 quia
1086 3697 1120 3765 in
1147 3695 1302 3789 augendo
1335 3720 1375 3766 eo
1408 3720 1475 3765 non
1508 3694 1579 3764 alius
1599 3687 1637 3753 iu·

469 3801 705 3916 temperantior
740 3834 789 3892 est
821 3833 884 3892 etc.
932 3822 1045 3891 Liuius
1069 3818 1129 3902 36,
1161 3819 1221 3902 38,
1255 3819 1289 3891 6.
1397 3820 1457 3892 38.
1485 3821 1527 3891 bl.
1549 3807 1637 3887 Fulvio

469 3948 643 4020 Nobiliore
675 3958 707 4017 et
738 3948 800 4017 Cn.
825 3946 950 4018 blanlio
975 3946 1120 4017 Volsone
1150 3944 1341 4014 consulibus
1372 3945 1523 4015 Valerius
1549 3933 1637 4010 Anias

470 4084 584 4143 auctor
609 4083 659 4141 est
683 4093 852 4142 rumorem
879 4071 1044 4141 celebrem
1062 4070 1188 4140 Romae
1211 4069 1312 4139 luisse
1331 4081 1364 4138 et
1381 4093 1487 4162 paene
1506 4087 1557 4160 pro
1571 4067 1638 4129 certo

471 4197 631 4286 habitum,
665 4195 848 4288 recipiendi
874 4194 1037 4287 Scipionis
1063 4194 1282 4264 adulescentis
1308 4216 1409 4263 causa
1440 4191 1590 4264 consulem
1609 4181 1637 4248 L·

471 4324 659 4415 Scipionem
693 4333 725 4392 et
755 4345 832 4392 cum
864 4344 904 4392 eo
935 4325 969 4390 P.
995 4322 1191 4393 Africanum
1225 4321 1259 4388 in
1285 4321 1500 4412 conloquium
1522 4313 1637 4384 eructios

470 4449 560 4539 regis
586 4459 618 4517 et
642 4447 729 4540 ipsos
754 4445 1011 4537 comprehensos
1037 4467 1119 4525 esse,
1151 4455 1183 4512 et
1198 4437 1351 4514 ¹(lucibus
1377 4443 1481 4536 captis
1505 4427 1638 4510 conlutlffl

471 4575 513 4645 ad
540 4586 644 4644 castra
666 4575 816 4643 Romana
842 4571 1025 4642 exercitum
1051 4571 1186 4642 ductum
1212 4593 1319 4662 eaque
1345 4581 1528 4662 expugnata
1550 4571 1576 4630 ct
1594 4551 1637 4620 dt·

472 4702 554 4772 letas
579 4721 695 4770 omnes
722 4699 832 4792 copias
850 4701 1075 4769 Romanorum
1103 4719 1185 4766 csse.
1229 4697 1282 4768 Ob
1308 4696 1391 4766 baec
1409 4696 1534 4767 Aetolos
1554 4685 1636 4752 sustu·
1722 4731 1723 4790 3
