3582 5594
1295 592 1358 662 t5t

35 865 36 880 ἶ
158 801 190 864 et
211 793 393 863 clementia
409 793 587 886 imperinm
605 801 842 887 temperavere,
868 793 910 863 iis
936 793 1012 864 laeta
1037 801 1070 862 et
1095 791 1235 863 candida
1251 794 1365 863 omnia

156 920 247 999 risa;
274 919 377 990 etiam
401 919 511 990 bootes
536 920 700 1013 aequiores
726 942 827 1011 qnam
853 919 927 990 aliis
953 919 1052 989 cives.
1092 916 1191 988 lland
1213 917 1292 1000 scio,
1320 941 1364 988 an

158 1043 215 1135 qui
240 1067 297 1113 me
324 1044 376 1114 bis
401 1043 496 1114 dictis
521 1056 748 1138 corruptorem
773 1043 919 1114 victoriae
948 1054 1014 1113 tuae
1039 1041 1205 1134 nimisque
1231 1042 1266 1111 in
1291 1042 1362 1111 vic-

156 1180 205 1238 tos
229 1169 319 1238 bona
343 1169 512 1240 volontate
536 1169 738 1263 praedicentl
776 1167 908 1238 Scilicet
933 1166 1023 1260 quod
1047 1189 1099 1248 ea,
1124 1189 1200 1260 qua
1217 1167 1362 1237 externis

156 1291 359 1373 nationibus,
392 1298 512 1363 natura
542 1291 638 1361 nobis
669 1290 829 1370 hostibus,
863 1313 990 1384 nosque
1022 1290 1231 1384 maioresque
1256 1291 1360 1360 nostri

157 1439 243 1512 sape
271 1417 431 1498 tribucre,
458 1439 498 1487 ea
524 1417 651 1487 civibus
677 1416 787 1486 danda
812 1415 967 1498 arbitror,
993 1438 1103 1509 noque
1127 1414 1269 1486 barbaro
1295 1414 1359 1486 ritu

156 1543 246 1612 crede
273 1542 400 1613 caedem
425 1551 458 1612 et
481 1543 679 1634 sanguinem
705 1540 869 1632 sanguine
894 1540 1069 1635 expianda.

228 1668 285 1738 An
310 1669 382 1750 illa,
420 1690 495 1760 que
523 1670 624 1762 paulo
655 1677 733 1738 ante
764 1666 828 1737 boc
852 1667 978 1738 bellum
1009 1667 1044 1736 in
1074 1667 1137 1737 Gn.
1163 1667 1358 1760 Pompeium

155 1794 395 1888 victoriamque
421 1795 593 1865 Sullanam
619 1793 887 1888 increpabantur,
919 1792 1044 1864 oblivio
1066 1789 1253 1862 interfecitl
1286 1791 1358 1860 Do·

155 1917 298 2001 mitium,
330 1920 530 2002 Carbonem,
564 1921 714 2002 brutum,
749 1919 834 1990 alios
860 1919 940 1988 item
967 1939 1033 1988 non
1059 1927 1213 1998 armatos,
1248 1936 1356 2010 nequo

156 2041 190 2110 in
213 2043 336 2134 proelio
360 2042 440 2114 belli
466 2043 567 2124 iure‚'
588 2043 646 2114 scd
672 2053 785 2136 postea
813 2042 977 2134 supplices
1002 2063 1063 2134 per
1091 2063 1258 2112 summum
1283 2063 1357 2112 sce-

155 2163 206 2234 lus
239 2166 438 2248 interlectos,
481 2167 614 2260 plebem
645 2168 828 2237 Romanam
863 2165 1012 2252 invilla
1041 2163 1185 2257 publica,
1227 2165 1356 2258 pecoris

155 2287 263 2370 modo,
289 2289 501 2360 conscissam.
540 2290 654 2362 Ebeul
682 2312 782 2383 mam
800 2290 858 2360 illa
882 2289 1012 2360 occulta
1037 2287 1160 2358 civium
1180 2287 1299 2361 lunera
1323 2299 1357 2358 ct

154 2414 335 2506 repentine
360 2415 478 2497 caedes,
505 2414 540 2484 in
565 2426 738 2509 parentum
764 2426 821 2485 ant
844 2414 1025 2486 liberorum
1049 2414 1159 2483 sinum
1180 2413 1259 2506 tinga
1279 2438 1356 2486 mn·

154 2537 272 2608 lienum
300 2548 333 2607 et
357 2558 549 2630 puerorum,
581 2539 720 2609 vastatio
745 2538 902 2608 domnum
930 2547 1006 2608 ante
1030 2547 1161 2631 partam
1186 2559 1206 2607 a
1232 2548 1263 2606 tc
1283 2537 1356 2608 vic-

155 2661 271 2731 toriam
297 2672 508 2754 sciantque
534 2661 683 2734 crudelia
702 2661 815 2732 erantl
848 2662 901 2733 Ad
927 2683 1002 2756 quae
1028 2670 1061 2729 te
1085 2659 1173 2730 idem
1199 2660 1249 2730 illi
1274 2661 1355 2732 bor·

154 2793 289 2856 untur:
321 2797 355 2857 et
378 2789 506 2859 scilicet
530 2788 564 2859 id
589 2799 748 2860 certatum
783 2811 866 2871 csse,
900 2788 1007 2859 utrius
1039 2797 1184 2856 vestrum
1217 2787 1354 2858 arbitrio
1472 2874 1473 2887 ἵ

154 2908 283 2984 iniuriae
307 2911 445 2994 fierent:
475 2936 585 3006 neque
610 2925 778 3008 receptam
805 2913 863 2983 sed
888 2923 1019 3007 captam
1045 2935 1065 2982 a
1090 2921 1122 2980 te
1146 2933 1220 2982 rem
1239 2912 1354 3006 publi-

153 3055 235 3116 cam,
271 3047 307 3106 ct
334 3059 373 3108 ea
401 3059 502 3108 causa
542 3038 706 3108 exercitus
738 3039 910 3132 stipendiis
940 3039 1108 3121 conlectis,
1143 3049 1295 3132 optumos
1321 3048 1354 3107 ct

152 3167 354 3230 retenumos
375 3161 535 3242 omnium,
562 3161 738 3232 advorsum
756 3163 873 3232 fratres
891 3163 1113 3256 parentisque,
1140 3162 1199 3232 alii
1216 3161 1351 3245 liberos,

152 3282 251 3353 armis
271 3285 490 3366 contendere3
517 3297 553 3357 ut
578 3311 621 3356 ex
644 3287 763 3360 alienis
784 3289 882 3359 malis
899 3289 1078 3362 deterrumi
1096 3292 1253 3364 mortales
1268 3315 1353 3364 ven-

151 3407 190 3476 tri
213 3415 316 3501 atque
341 3409 512 3501 profundae
538 3409 678 3481 lubidini
711 3423 860 3506 sumptus
888 3425 1087 3507 quererent,
1120 3427 1219 3509 atquc
1244 3428 1354 3488 essent

151 3529 330 3624 opprobria
355 3533 512 3614 vicaria,
538 3556 681 3626 qnorum
708 3534 842 3626 flagitiis
868 3539 1164 3610 commacularetur
1188 3540 1352 3612 bonomm

150 3655 231 3726 lans.
280 3657 398 3750 Neque
423 3657 512 3726 enim
545 3667 577 3727 te
607 3659 777 3750 praeterire
809 3668 901 3754 puto,
942 3661 1035 3755 quali
1063 3661 1203 3756 quisque
1236 3687 1351 3736 eorum

150 3801 239 3851 more
265 3790 325 3851 aut
348 3780 523 3863 modestia,
562 3781 663 3852 etiam
695 3794 764 3852 tum
790 3783 891 3855 dubia
915 3786 1066 3868 victoria,
1104 3809 1176 3858 sese
1202 3764 1351 3882 gesserit,

150 3927 282 3999 quoque
307 3906 408 3976 modo
425 3907 460 3977 in
480 3907 561 3980 belli
580 3909 862 3980 administratione
879 3923 987 3982 scorta
1007 3923 1064 3982 ant
1085 3913 1235 3987 convivia
1251 3938 1352 3987 exer·

150 4031 277 4100 tuerint
309 4032 475 4113 nonnulli,
513 4055 656 4125 quornm
690 4045 769 4104 atas
800 4058 843 4105 nc
877 4059 937 4130 per
969 4039 1073 4108 otium
1107 4039 1241 4133 quidem
1276 4041 1351 4111 talis

149 4155 324 4247 voluptatis
348 4155 421 4225 sine
446 4155 607 4228 dedecore
633 4158 788 4250 attigerit.

219 4283 271 4352 lle
297 4279 388 4350 bello
413 4281 491 4350 satis
517 4280 653 4352 dictum.
695 4285 747 4354 Dc
768 4307 850 4378 pace
869 4286 1044 4368 firmanda,
1071 4289 1231 4381 quoniam
1249 4299 1350 4382 tuque

149 4413 179 4472 ot
202 4427 320 4478 omnes
346 4407 393 4478 tui
415 4409 559 4499 agitatis,
584 4410 728 4502 primum
748 4412 793 4491 id,
821 4434 945 4505 quaeso,
971 4413 1154 4495 considero,
1180 4416 1280 4507 quale
1297 4417 1349 4498 sit,

148 4530 188 4600 dc
212 4555 282 4624 quo
307 4535 487 4605 consultas:
520 4536 577 4616 ita,
603 4535 699 4606 bonis
724 4538 887 4632 malisque
914 4539 1055 4620 dimotis,
1082 4541 1204 4632 patenti
1229 4540 1284 4610 via
1308 4541 1351 4612 ad

148 4677 260 4727 verum
288 4679 418 4750 perges.
467 4661 540 4750 Ego
571 4661 618 4729 sic
644 4661 826 4732 existumo:
866 4663 1023 4754 quoniam
1058 4674 1128 4735 orta
1159 4664 1270 4734 omnia
1296 4666 1350 4734 in-
