3702 5600
1367 646 1434 716 tol

234 848 267 904 et
291 843 458 904 Diomedes
477 859 506 920 p.
522 845 591 906 375.
606 841 687 903 inter
707 859 860 904 arcessere
880 847 913 904 st
933 858 1088 902 eocarere
1109 845 1291 918 statuerunt,
1312 841 1441 903 utillud

233 951 274 1010 ed
293 951 405 1010 iudicia
428 949 583 1028 pertinere
603 951 756 1026 putarent,
774 949 834 1009 boe
855 949 937 1008 idem
958 949 1040 1024 quod
1061 952 1159 1008 accire
1181 949 1327 1009 chure
1339 949 1439 1026 signi-

233 1057 326 1118 lieare
345 1057 472 1130 vellent,
494 1056 525 1116 id
547 1055 671 1116 eodiees
693 1055 816 1131 quidem
836 1072 895 1115 uon
918 1055 1104 1116 eonlirmaut.
1137 1055 1271 1116 Primum
1287 1057 1366 1116 euim
1380 1055 1440 1116 boe

231 1181 288 1241 pro
310 1165 396 1223 eerto
411 1163 484 1240 poni
497 1179 592 1240 posse
605 1162 737 1238 videtur,
758 1160 889 1221 formam
910 1177 1071 1236 eocarere,
1087 1179 1175 1237 quem
1190 1161 1277 1223 multi
1299 1163 1440 1223 mendum

232 1270 394 1346 seripturae
414 1270 571 1346 putabant,
600 1269 713 1345 saepius
743 1286 761 1328 s
782 1268 919 1328 librariis
941 1266 1039 1327 luisse
1069 1267 1275 1327 obseurutum.
1298 1268 1353 1328 ull.
1374 1267 1439 1329 can

232 1377 279 1435 le.
295 1379 342 1435 53.
358 1377 406 1436 63.
428 1375 491 1452 lug.
504 1377 551 1434 32.
567 1377 614 1434 33.
630 1376 679 1434 32.
695 1377 742 1434 72.
757 1376 805 1434 83.
828 1376 895 1434 luo.
921 1376 987 1432 113.
1008 1374 1081 1434 'lum
1098 1373 1153 1434 illa
1173 1377 1439 1450 grammatieorum

232 1482 340 1560 reguis
370 1483 409 1542 ab
437 1483 476 1542 iis
503 1483 627 1542 inventa
657 1499 728 1542 esse
756 1481 888 1556 videtur,
920 1480 980 1557 qui,
1015 1498 1144 1556 quorum
1170 1482 1335 1542 verborum
1357 1483 1439 1561 epud

232 1589 403 1667 scriptores
424 1607 499 1650 usus
523 1590 713 1666 proruisuuus
735 1592 810 1664 erut,
838 1604 875 1647 eu
901 1589 1004 1663 aliquo
1025 1588 1203 1648 (liserimiue
1225 1588 1357 1665 disiungi
1378 1604 1438 1648 vo-

232 1695 346 1756 lebant.
378 1697 478 1766 Quare
499 1697 542 1757 nil
562 1698 639 1757 certi
660 1698 718 1758 bue
744 1698 783 1757 (le
813 1713 848 1756 re
869 1697 964 1756 statui
983 1697 1180 1774 polest,‚nisi
1201 1699 1338 1758 omuibus
1359 1697 1437 1758 loeis

231 1801 342 1862 iterum
364 1803 530 1882 diligenter
551 1805 699 1864 excussis.
739 1821 829 1879 quam
857 1803 950 1864 fenile
972 1805 1052 1864 euim
1075 1803 1158 1864 oeuli
1181 1805 1211 1864 iu
1233 1804 1348 1864 talibus
1369 1803 1430 1864 ial-

231 1908 340 1984 lantur,
359 1927 449 1971 nemo
468 1911 600 1988 ignorat,
629 1911 682 1986 qui
706 1911 835 1970 eundem
857 1911 967 1970 librum
989 1909 1123 1970 diversis
1145 1911 1335 1987 temporibus
1359 1927 1437 1970 exs-

231 2015 402 2076 minoverit.
438 2015 578 2075 Ceterum
593 2016 723 2094 pluralis
744 2033 888 2076 numerus
909 2014 994 2076 solus
1015 2017 1231 2075 auctoritatem
1246 2015 1350 2090 babet,
1377 2030 1437 2074 non

232 2123 312 2182 enim
334 2123 374 2181 orl
394 2123 570 2208 Memmium·
586 2123 653 2182 baee
674 2125 822 2200 speetent,
844 2121 901 2183 sed
922 2117 961 2182 ad
983 2123 1068 2200 vulgi
1089 2139 1238 2199 rumores,
1260 2122 1312 2198 qui
1332 2137 1438 2181 omnes

232 2227 300 2288 iere
322 2229 444 2290 nobiles
472 2230 512 2289 de
537 2228 596 2290 boe
623 2229 748 2288 erimine
769 2233 933 2305 suspectos
955 2228 1118 2288 habebant.
1151 2229 1306 2288 oendmnt
1331 2243 1437 2287 omues

231 2335 299 2396 iere
327 2335 410 2410 libri,
441 2333 503 2393 nisi
524 2335 605 2410 quod
627 2335 657 2392 in
683 2334 765 2393 libro
786 2333 907 2393 Wessii
933 2335 1058 2394 vendere
1077 2335 1198 2412 legitur.
1225 2333 1282 2393 Est
1302 2333 1357 2393 illa
1378 2333 1437 2393 rle-

230 2443 373 2520 pravatio
394 2441 467 2500 inde
489 2443 566 2516 orte,
591 2439 673 2515 quod
694 2439 814 2499 librarii
835 2439 901 2499 baee
922 2441 1023 2501 omnia
1044 2440 1083 2500 sd
1107 2441 1229 2518 fument
1248 2439 1436 2516 referebant,

229 2551 310 2612 unde
332 2550 425 2610 etiem
445 2555 566 2626 operest
585 2549 616 2608 iu
638 2548 802 2625 bongarsii
823 2549 914 2624 libro,
936 2549 965 2610 iu
987 2547 1051 2608 Ein.
1074 2552 1106 2607 et
1126 2548 1211 2608 Leid.
1233 2548 1265 2608 L.
1288 2547 1435 2624 seriptum

230 2663 287 2718 est.
309 2657 387 2716 unde
409 2656 575 2716 iustissima
597 2655 719 2714 Gruteri
743 2655 929 2730 uonieeture,
950 2656 1002 2731 qui
1022 2655 1073 2715 alii
1090 2684 1129 2694 —
1145 2655 1224 2715 vend.
1247 2655 1286 2714 ob
1306 2657 1435 2714 enteee-

230 2764 374 2824 dentibus
395 2764 539 2839 seiunxit,
567 2769 599 2824 et
624 2763 766 2839 sequenti
783 2780 857 2838 pure
879 2765 1021 2841 opposita
1048 2764 1247 2824 essevoluit.
1273 2767 1304 2822 in
1325 2766 1437 2822 animur

229 2869 301 2930 Bas.
323 2870 392 2930 Per.
414 2868 482 2931 Ein.
502 2872 570 2931 Tur.
591 2869 677 2931 Leid.
699 2872 755 2931 sed
780 2869 845 2931 cat.
867 2872 915 2930 36.
936 2873 964 2930 5.
996 2877 1075 2930 lunio
1095 2875 1139 2930 oin
1159 2871 1258 2945 rnorbi,
1287 2873 1328 2930 uli
1349 2869 1436 2945 tobes,

224 2976 385 3054 plerosque
404 2979 507 3036 elmere
527 2979 640 3036 nmmos
660 2979 814 3036 mouserot.
837 2981 942 3036 eontra
962 2974 1027 3035 Liv.
1049 2995 1154 3037 ιινιιι.
1177 2978 1225 3038 29.
1250 2991 1325 3051 ,nee
1339 2975 1437 3035 maior

229 3082 261 3141 in
283 3097 396 3160 eorpus
416 3101 514 3143 meum
534 3083 584 3142 vis
606 3083 712 3155 morbi,
737 3101 826 3158 quem
847 3083 878 3144 in
899 3086 1022 3144 uestros
1044 3087 1162 3144 mentes
1183 3074 1323 3143 invasit.“
1352 3098 1436 3159 prae-

228 3189 414 3265 positionem
439 3191 533 3266 igitur
559 3189 632 3249 addi
658 3193 690 3249 et
712 3190 810 3250 omitti
835 3207 928 3267 posse
956 3206 1044 3250 nemo
1070 3193 1119 3250 est
1146 3190 1197 3264 qui
1219 3189 1347 3249 dubitet.
1378 3185 1435 3247 eir.

229 3293 295 3354 (iat.
310 3297 357 3354 31.
372 3295 435 3372 lug.
453 3298 501 3355 13.
515 3298 562 3355 35.
579 3297 627 3355 33.
643 3296 701 3354 106
717 3297 769 3355 ubi
782 3301 881 3372 metue,
902 3313 1018 3370 moror,
1039 3299 1154 3356 metita
1173 3312 1240 3355 eum
1261 3294 1321 3354 boe
1338 3293 1435 3354 verbo

229 3401 392 3462 coniuncta
414 3403 495 3476 sunt;
526 3401 634 3475 quibus
662 3400 693 3460 in
716 3401 795 3460 loeis
816 3402 1064 3478 propositionem
1090 3404 1177 3461 reete
1198 3401 1342 3461 omissam
1363 3413 1436 3458 esse

228 3508 344 3584 iudico,
365 3508 405 3568 de
423 3507 704 3567 vehementioribus
727 3509 807 3568 euim
827 3508 987 3570 effectibus
1007 3509 1120 3586 egitur3
1144 3507 1237 3568 morbi
1250 3511 1352 3567 eutem
1373 3505 1434 3564 alia

229 3618 279 3674 est
299 3616 388 3676 ratio.
417 3615 529 3692 quippe
558 3615 643 3675 euius
671 3614 720 3674 vis
750 3632 818 3675 eum
843 3618 876 3674 et
896 3615 936 3674 erl
957 3631 1070 3691 eorpus
1092 3616 1124 3674 et
1144 3615 1184 3674 erl
1205 3615 1336 3674 animum
1356 3629 1435 3689 per-

228 3721 333 3797 tineat,
355 3719 469 3797 duplex
490 3725 548 3798 ost,
570 3725 601 3780 et
622 3722 735 3781 autad
756 3738 865 3782 sensus
881 3724 933 3780 eut
951 3720 992 3780 erl
1006 3721 1195 3780 intellectum
1210 3718 1353 3779 refertur.
1374 3717 1436 3777 boe

227 3827 321 3906 igitur
341 3827 412 3887 loeo
433 3826 520 3901 tubes,
542 3831 613 3886 ente
633 3828 760 3887 verbum
782 3828 926 3905 positum,
948 3827 1096 3888 etiamad
1114 3829 1298 3887 structuram
1312 3832 1434 3887 muten-

229 3932 297 3992 dum
312 3932 420 4008 valuit3
443 3935 603 4010 superiore
617 3934 688 3994 loeo
701 3938 743 3994 uti
757 3935 835 3994 tubes
846 3937 959 3993 mutum
970 3935 1018 3993 rei
1032 3933 1221 3994 illustrandus
1234 3949 1327 3994 eausa
1341 3933 1432 3994 nudi-

228 4044 288 4101 tum
303 4039 401 4101 luisse
414 4042 608 4102 statuendum
622 4048 678 4103 est
713 4042 760 4104 lte
774 4044 855 4121 apud
868 4042 987 4102 Livium
1006 4063 1036 4102 rr.
1054 4045 1093 4102 33
1107 4042 1188 4102 uliud
1206 4041 1293 4102 nnuo
1313 4043 1435 4117 proetus

227 4150 332 4209 molum
358 4153 389 4208 r'n
416 4151 554 4209 meloten
579 4153 685 4210 moeri!
714 4151 895 4228 propositio
926 4151 998 4210 addi
1028 4150 1077 4209 vel
1106 4149 1205 4210 omitti
1235 4148 1345 4227 potuit,
1377 4145 1432 4206 eir.

226 4253 536 4316 praesensentium.
558 4275 588 4315 ιι.
608 4259 655 4316 bl.
685 4257 741 4317 sed
763 4263 859 4317 utram
884 4257 1006 4317 dicendi
1027 4257 1175 4317 rationem
1197 4256 1331 4332 seriptor
1350 4271 1433 4332 prse-

227 4362 342 4435 tulerit,
364 4363 423 4422 boe
444 4365 559 4424 tantum
580 4381 619 4423 ex
634 4365 817 4442 optimorum
838 4364 988 4424 librorum
1009 4364 1193 4424 auctoritato
1215 4361 1358 4422 eonstitui
1372 4376 1433 4438 po-

228 4472 297 4530 test.
322 4469 423 4537 Quare
444 4469 505 4529 boe
530 4469 601 4530 loeo
621 4471 801 4548 praepositio
823 4470 983 4532 retinenda
1005 4471 1060 4530 est.
1096 4471 1219 4530 Caseus
1236 4475 1348 4544 pretor
1367 4466 1432 4527 Eln.

225 4573 312 4636 seru.
333 4575 401 4634 l'ur.
424 4576 455 4636 0.
473 4576 589 4651 perlato
609 4580 761 4653 repletione
790 4576 846 4636 sed
868 4583 940 4636 ente
961 4576 1035 4652 peri.
1063 4577 1179 4652 aliquid
1202 4591 1331 4650 erasum,
1360 4575 1431 4636 Bes.

227 4681 334 4742 bontra
356 4681 387 4740 P.
407 4683 438 4741 ll.
449 4684 522 4758 perl.
543 4700 606 4758 νος.
624 4683 692 4744 Par.
712 4683 929 4761 dittogrnpbie,
951 4684 1003 4743 ubi
1023 4689 1055 4743 et
1070 4684 1230 4760 scripture
1242 4680 1431 4759 compendia,
