3554 5600
439 673 508 741 170

434 881 550 956 matos,
578 883 610 942 et
634 894 717 965 pace
734 874 860 943 bellum
879 874 1052 967 oppressi?
1077 876 1130 945 An
1158 876 1240 947 illud
1266 876 1422 946 mentitus
1446 898 1532 956 sum,
1561 877 1643 946 For-

435 1011 579 1067 tunutom
602 1011 711 1067 umam
728 1021 776 1067 me
797 999 920 1068 consule
936 1000 1090 1077 Romam:
1117 1001 1174 1093 qui
1200 1012 1326 1072 tautum
1351 999 1539 1070 intestinum
1566 999 1644 1069 bel-

434 1120 505 1191 lum
530 1143 571 1190 ac
600 1119 815 1191 domesticum
849 1122 941 1192 urbis
975 1123 1165 1194 incendium
1192 1125 1355 1194 exstinxi?
1392 1147 1440 1194 ιιι.
1466 1127 1581 1217 Neque
1607 1135 1644 1192 te

434 1245 484 1315 tui
510 1244 611 1338 piget,
650 1244 751 1316 homo
776 1247 954 1328 levissime,
988 1270 1063 1318 cum
1097 1271 1137 1318 ea
1172 1249 1297 1341 culpas,
1336 1271 1411 1341 quae
1436 1249 1471 1317 in
1497 1248 1645 1318 historiis

435 1367 518 1439 milri
544 1369 661 1461 gloriae
687 1371 790 1441 ducis.
832 1373 886 1442 An
909 1371 1035 1464 turpius
1054 1383 1112 1455 est,
1138 1375 1251 1443 Patres
1277 1373 1465 1467 conscripti,
1489 1373 1645 1443 scriben-

435 1503 503 1564 tem
546 1493 679 1564 mentiri
723 1517 825 1589 quam
858 1496 916 1566 illa
955 1498 1067 1589 palam
1113 1497 1148 1566 in
1184 1497 1247 1568 hoc
1293 1498 1412 1569 ordine
1452 1498 1644 1568 dicentem?

434 1619 520 1688 Nam
546 1618 634 1710 quod
660 1640 770 1690 meam
796 1631 925 1691 atatem
951 1621 1164 1714 increpuisti:
1199 1635 1325 1694 tantum
1350 1646 1405 1693 me
1431 1621 1543 1693 abesse
1560 1633 1644 1714 puto

436 1741 478 1812 ab
504 1742 723 1835 impudicitia,
755 1756 916 1838 quantum
942 1757 977 1817 tu
1002 1769 1022 1815 a
1047 1747 1218 1839 pudicitia.
1265 1747 1330 1818 Sed
1354 1746 1435 1841 quid
1460 1769 1523 1839 ego
1547 1747 1588 1816 de
1608 1759 1644 1815 te

435 1866 532 1960 plura
558 1868 703 1960 querar‘l
739 1869 828 1954 Quid
855 1871 943 1941 enim
970 1874 1103 1943 mentiri
1128 1884 1223 1966 turpe
1249 1873 1361 1954 duces,
1387 1873 1445 1966 qni
1470 1870 1552 1942 mihi
1579 1895 1644 1939 au-

370 2079 375 2092 ·
435 2013 491 2060 sus
515 1991 560 2060 sis
585 1993 809 2084 eloquentiam
835 2006 871 2066 ut
895 1997 1012 2068 vitium
1037 1998 1206 2069 obiicere?
1243 1998 1338 2069 cuius
1362 2020 1494 2090 semper
1519 2018 1643 2065 nocens

436 2115 556 2206 eguisti
573 2118 779 2209 patrocinio?
804 2122 857 2191 An
876 2121 982 2192 ullum
1008 2123 1177 2192 existimas
1202 2145 1297 2216 posse
1323 2122 1396 2192 fieri
1418 2123 1526 2192 civem
1543 2142 1644 2210 egre-

436 2239 541 2332 gium,
567 2241 624 2334 qui
650 2263 717 2310 non
744 2243 794 2312 his
820 2245 946 2316 artibus
974 2258 1007 2317 et
1030 2247 1214 2341 disciplinis
1239 2247 1281 2317 sit
1295 2245 1463 2318 eruditus?
1503 2268 1545 2314 an
1573 2245 1643 2314 ulla

436 2365 503 2436 alia
528 2377 622 2459 putas
648 2389 718 2436 esse
743 2367 932 2438 rudimenta
958 2379 990 2440 ct
1014 2371 1217 2442 incunabula
1236 2371 1375 2451 virtutis,
1402 2371 1523 2464 quibus
1539 2369 1644 2438 animi

436 2489 478 2561 ad
503 2491 620 2583 gloriae
646 2491 859 2584 cupiditatem
885 2494 1041 2565 aluntur?
1082 2496 1147 2566 Sed
1172 2496 1310 2566 minime
1336 2496 1458 2564 mirum
1484 2505 1545 2576 est,
1581 2495 1646 2563 Pa-

436 2625 503 2685 tres
529 2615 717 2708 conscripti,
756 2617 784 2686 si
811 2616 922 2700 homo,
961 2617 1020 2711 qui
1046 2618 1180 2689 desidia
1207 2641 1247 2688 aa
1272 2618 1414 2690 luxuriae
1445 2618 1567 2710 plenus
1592 2619 1645 2698 sit,

437 2738 510 2810 haec
525 2751 562 2811 ut
586 2763 671 2810 nova
688 2751 786 2835 atque
804 2742 958 2812 inusitata
979 2743 1128 2814 miratur.
1180 2745 1265 2815 Nam
1291 2743 1381 2836 quod
1404 2743 1465 2814 ista
1490 2743 1648 2813 inusitata

437 2865 531 2935 rabie
557 2866 744 2957 petulanter
769 2865 802 2934 in
827 2890 968 2937 uxorem
994 2878 1027 2938 et
1052 2868 1085 2938 in
1112 2867 1216 2940 liliam
1243 2891 1353 2939 meam
1378 2867 1538 2948 invasisti,
1571 2889 1646 2959 quae

438 2989 568 3060 facilius
593 2991 750 3060 mulieres
775 3013 811 3060 se
836 3015 856 3061 a
881 2992 960 3062 viris
985 2992 1225 3075 abstinuerunt,
1251 3014 1353 3084 quam
1375 3001 1410 3063 tu
1434 2991 1486 3062 vir
1508 2991 1646 3061 aviris:

437 3115 515 3184 satis
540 3114 635 3184 docte
661 3136 700 3183 ac
732 3116 838 3207 perite
869 3115 988 3186 iecisti.
1036 3119 1110 3187 Nou
1137 3117 1225 3186 enim
1251 3140 1306 3187 me
1331 3116 1470 3210 sperasti
1494 3127 1648 3186 mutuam

438 3238 498 3308 tihi
522 3239 667 3330 gratiam
692 3239 887 3322 relaturum,
920 3251 957 3311 ut
985 3240 1126 3311 vicissim
1162 3249 1235 3310 tuas
1260 3241 1510 3333 compellarem.
1555 3243 1650 3312 Unus

438 3364 528 3434 enirn
550 3364 628 3434 satis
651 3387 685 3434 es
711 3363 857 3436 materia
875 3363 1019 3434 habens:
1053 3387 1163 3457 neque
1180 3365 1365 3458 quidquam
1382 3363 1475 3434 domi
1491 3373 1557 3434 tuas
1575 3375 1651 3434 tur-

438 3489 513 3581 pius
538 3499 597 3571 est,
631 3511 732 3582 quam
758 3499 804 3560 tn.
855 3490 998 3560 ldultum
1029 3512 1109 3560 vero
1134 3501 1167 3558 te
1192 3489 1308 3582 opinio
1333 3490 1435 3569 fallit,
1476 3489 1535 3581 qui
1562 3487 1650 3558 milri

437 3635 558 3705 parare
583 3613 706 3705 putasti
731 3612 891 3683 invidiam
909 3637 951 3683 ex
975 3636 1052 3684 mea
1076 3636 1114 3682 re
1140 3614 1316 3696 familiari;
1343 3636 1418 3707 qnae
1439 3611 1524 3682 mihi
1541 3613 1651 3682 multo

438 3739 550 3809 minor
567 3747 627 3821 est,
653 3761 753 3832 quam
779 3739 903 3809 habere
929 3738 1050 3829 dignus
1076 3763 1160 3810 sum.
1196 3742 1307 3833 Atque
1332 3739 1461 3811 utinam
1487 3761 1531 3807 ne
1557 3749 1652 3807 tanta

439 3864 576 3958 quidem
601 3873 698 3946 esset,
725 3874 848 3957 quanta
874 3865 939 3934 est!
967 3875 1002 3934 ut
1024 3865 1133 3957 potius
1158 3864 1258 3935 amici
1283 3865 1349 3935 mci
1371 3865 1520 3934 viverent
1545 3883 1652 3956 quam

440 4012 504 4082 ego
529 3989 730 4059 testamentis
756 4011 873 4060 eorum
899 3989 1096 4081 locupletior
1121 4011 1239 4059 essem.
1281 3989 1356 4080 Ego
1381 3989 1494 4079 fugax,
1530 3986 1653 4078 Crispe

440 4114 582 4185 Salustii
620 4113 725 4184 furori
746 4112 871 4184 tribuni
896 4112 1003 4207 plebis
1028 4113 1126 4183 cessi:
1163 4113 1276 4184 utilius
1306 4113 1388 4183 duxi
1406 4111 1559 4204 quamvis
1578 4111 1654 4179 sor-

440 4249 555 4310 tunam
585 4259 673 4308 unus
704 4239 849 4331 experiri
878 4261 978 4332 quam
1017 4239 1172 4310 universo
1206 4239 1330 4332 populo
1355 4239 1508 4307 Romano
1541 4234 1653 4305 civilis

440 4383 511 4432 esse
544 4360 756 4433 dissensionis
780 4383 892 4432 causa.
937 4361 1015 4446 Qui,
1042 4372 1282 4456 posteaquam
1313 4361 1371 4431 illc
1396 4380 1494 4430 suum
1521 4379 1653 4430 aunum

440 4489 476 4558 in
500 4510 538 4558 re
562 4486 697 4581 publica
727 4486 968 4580 perbacchatus
994 4495 1054 4568 est,
1085 4487 1277 4581 omniaque,
1311 4507 1386 4578 quae
1411 4495 1651 4564 commoverat,

440 4634 522 4704 pace
549 4621 581 4681 et
606 4611 674 4681 otio
700 4611 909 4692 resederunt;
946 4611 1009 4681 hoc
1036 4611 1153 4681 ordine
1178 4621 1355 4681 revocante
1385 4622 1485 4702 atque
1512 4609 1584 4701 ipsa
1611 4631 1652 4676 re

440 4741 576 4832 publica
601 4760 704 4809 manu
730 4736 918 4807 retrahente
946 4760 1009 4818 me,
1035 4737 1167 4807 reverti.
1203 4735 1269 4820 Qui
1296 4736 1381 4806 mihi
1407 4736 1489 4818 dies,
1517 4737 1543 4804 si
1571 4757 1651 4804 cum
