3576 5602
440 633 511 700 390

517 831 547 896 l.
574 830 681 900 Varro
709 881 772 899 ...
801 830 864 898 tria
889 830 1081 900 discrimina
1108 841 1296 922 temporum
1323 853 1394 900 esse
1421 829 1541 900 tradit:
1576 829 1643 924 pri·

439 975 531 1024 mum
557 952 600 1022 ah
626 953 799 1024 hominum
825 955 988 1048 principio
1021 955 1062 1025 ad
1092 955 1328 1048 cataclysmum
1358 955 1521 1046 priorem,
1558 953 1644 1048 quorl

440 1087 575 1169 propter
608 1079 831 1169 ignorantiam
854 1092 998 1150 uocatur
1029 1083 1160 1180 ἄδηλον,
1195 1080 1377 1150 secundum
1404 1101 1424 1150 a
1448 1081 1645 1173 cataclysmo

440 1199 552 1292 priore
578 1201 620 1271 ad
646 1201 870 1294 olympiadem
895 1203 1050 1296 primam,
1077 1201 1166 1294 quod
1191 1202 1270 1294 quia
1295 1201 1329 1270 in
1357 1225 1397 1271 co
1422 1202 1525 1272 multa
1549 1201 1646 1271 lahu·

443 1327 511 1396 losa
536 1327 727 1396 referuntur
742 1330 881 1422 marsos
902 1327 1104 1408 nominatur,
1130 1328 1261 1398 tertium
1288 1349 1306 1397 a
1332 1327 1440 1422 prima
1457 1325 1646 1420 olympiade

442 1449 485 1518 ad
508 1471 580 1530 nos,
616 1449 706 1541 qnod
732 1449 853 1519 dicitur
884 1453 1056 1549 ἱστορικόν,
1085 1450 1165 1544 quia
1197 1475 1252 1520 res
1285 1450 1318 1520 in
1354 1474 1395 1520 eo
1425 1461 1537 1542 gestae
1561 1451 1645 1518 reris

442 1574 588 1644 historiis
605 1575 826 1646 continentur.
870 1577 1016 1646 Primum
1039 1587 1178 1669 tempus,
1204 1578 1273 1648 sive
1298 1577 1416 1649 hahuit
1439 1575 1571 1645 initium
1589 1595 1644 1642 seu

444 1721 577 1791 semper
601 1698 673 1779 suit,
700 1709 789 1769 certe
815 1711 895 1791 quot
919 1721 1082 1770 annorum
1109 1699 1242 1769 sitnon
1269 1710 1375 1792 potest
1399 1696 1643 1791 comprehendi.

445 1823 635 1894 Secundum
660 1845 727 1894 non
752 1824 851 1916 plane
877 1823 1012 1917 quidem
1037 1823 1150 1906 scitur,
1176 1824 1234 1894 sed
1260 1833 1369 1893 tamen
1395 1823 1438 1893 ad
1463 1824 1557 1893 mille
1581 1823 1645 1892 cir·

445 1949 527 2018 citer
553 1960 586 2018 et
610 1959 782 2019 sexcentos
815 1971 919 2018 annos
944 1971 1016 2018 esse
1042 1949 1197 2022 creditur.
1249 1951 1280 2022 Α
1306 1950 1416 2043 priore
1442 1950 1568 2020 scilicet
1591 1969 1645 2016 ca-

446 2074 615 2166 taclysmo,
641 2096 742 2167 quem
768 2075 882 2145 dicunt
907 2075 1044 2172 Ogygii,
1070 2077 1111 2146 acl
1138 2077 1252 2146 inachi
1277 2099 1421 2168 regnum
1446 2078 1527 2146 anni
1551 2075 1645 2146 circi·

447 2210 497 2268 ter
521 2199 770 2292 quadringenti,
802 2201 875 2270 hinc
899 2202 943 2270 od
969 2203 1111 2294 Cecropis
1135 2205 1171 2272 iu
1196 2204 1301 2272 Attico
1324 2226 1455 2294 regnum
1481 2203 1562 2272 ocra
1584 2200 1645 2268 cic·

447 2326 523 2394 citer
547 2325 782 2415 puooocpcnti,
812 2326 886 2394 hinc
916 2327 960 2394 cri
989 2328 1148 2396 modium
1177 2327 1288 2397 Troice
1312 2329 1393 2396 ocni
1416 2328 1517 2419 poulo
1547 2327 1646 2394 otim

447 2449 687 2539 omonyma,
721 2449 800 2520 hinc
834 2449 874 2521 ad
906 2451 1130 2545 olympiadem
1167 2453 1310 2545 primam
1342 2454 1443 2544 paulo
1468 2454 1544 2545 plus
1568 2471 1646 2544 qua·

447 2573 627 2662 dringanti.
670 2575 936 2658 sessanum,
957 2575 1063 2648 1-3.
1166 2581 1201 2648 2.
1227 2579 1397 2651 Atliluvio
1414 2578 1539 2672 Ogygi,
1564 2573 1646 2668 qnod
1689 2621 1695 2636 ·

449 2697 511 2766 tuit
535 2697 641 2766 mains
667 2719 767 2789 quam
786 2709 918 2791 postero
934 2711 1082 2794 tempore
1099 2702 1315 2772 Deucalionis
1332 2703 1404 2782 fuit,
1430 2702 1537 2771 Varro
1555 2719 1647 2769 exor-

449 2842 506 2891 sus
531 2830 580 2890 ast
605 2820 727 2892 lihrum
755 2818 812 2906 [de
839 2833 937 2915 gente
962 2827 1076 2916 populi
1093 2825 1251 2914 Romani]
1279 2836 1311 2896 et
1326 2826 1409 2896 nihil
1426 2825 1502 2904 sihi,
1529 2847 1573 2893 ex
1588 2843 1646 2914 qno

451 2944 619 3037 perveniat
651 2945 772 3015 adres
805 2948 980 3029 Romanas,
1020 2951 1173 3043 proponit
1204 2951 1372 3042 antiquius
1409 2972 1510 3042 quam
1545 2946 1647 3040 Ogygi

452 3069 625 3150 diluvium,
662 3065 726 3137 hoc
758 3081 807 3138 est
831 3071 940 3162 Ogygi
972 3073 1091 3142 lactum
1118 3073 1333 3166 temporibus.
1388 3075 1587 3164 Augustinus
1615 3071 1649 3138 te

453 3196 512 3262 cio.
541 3195 593 3263 dei
617 3190 680 3273 18,
702 3191 739 3264 8.
789 3194 923 3287 Ogygos
957 3192 1141 3288 [Opypusl]
1173 3208 1208 3267 ut
1233 3199 1339 3268 Varro
1368 3198 1466 3268 docet
1502 3198 1536 3266 iu
1566 3193 1647 3266 lihris

454 3317 495 3387 de
520 3329 619 3408 gente
644 3318 760 3410 populi
784 3319 938 3400 Romani,
965 3343 1025 3390 rex
1051 3321 1113 3392 luit
1135 3323 1381 3404 Thebanorum,
1406 3322 1469 3393 suh
1495 3345 1563 3414 quc
1589 3319 1649 3414 pri·

452 3465 545 3512 mum
571 3443 734 3515 diluvium
769 3445 890 3517 lactum
922 3458 982 3529 cst,
1019 3449 1117 3541 longe
1143 3459 1220 3519 ante
1247 3472 1347 3542 quam
1372 3448 1455 3518 illud
1481 3447 1573 3542 quod
1597 3443 1649 3514 suh

455 3567 658 3638 Deucalione
684 3568 806 3638 sactum
833 3593 904 3640 esse
921 3583 1087 3642 narratur.
1130 3573 1306 3644 Scholiasta
1330 3575 1374 3642 cri
1391 3573 1489 3643 Statii
1513 3571 1603 3641 Thoh.
1621 3568 1649 3644 1.

420 3765 424 3772 ,
458 3673 541 3762 1733
589 3697 648 3764 Est
680 3696 713 3764 in
748 3698 792 3767 Μ.
822 3699 977 3768 Varronis
1008 3699 1118 3778 lihris,
1159 3722 1302 3793 quorum
1337 3697 1506 3791 inscriptio
1540 3708 1588 3766 est
1615 3694 1650 3765 tie

453 3829 553 3908 gente
577 3821 690 3913 populi
718 3821 871 3904 Romani,
896 3825 984 3918 quod
1011 3827 1133 3895 eisdem
1160 3826 1282 3907 verbis,
1308 3825 1428 3919 quihus
1453 3823 1499 3893 ibi
1525 3823 1650 3913 legitur·

456 3940 569 4012 ethic
596 3966 734 4035 ponam:
774 3948 943 4030 incaelo,
983 3950 1102 4042 inquit,
1141 3951 1294 4022 mirabile
1327 3949 1434 4019 extitit
1457 3957 1650 4042 portentum:

456 4086 535 4135 nam
561 4066 594 4135 in
620 4068 714 4138 stella
741 4071 879 4140 Veneris
911 4072 1135 4152 nobilissima,
1174 4095 1276 4165 quam
1301 4073 1436 4142 Plautus
1465 4069 1653 4164 vesperugi-

456 4211 544 4270 nem,
570 4193 736 4262 Homcrus
763 4193 926 4286 hesperon
944 4199 1089 4290 appellat
1115 4199 1377 4292 pulcherrimam
1394 4196 1520 4276 dicens,
1548 4196 1654 4266 Castor

456 4315 569 4385 scribit
593 4327 719 4389 tantum
750 4331 935 4413 portentum
964 4326 1121 4405 extitisse,
1154 4336 1190 4396 ut
1214 4336 1355 4396 mutaret
1380 4325 1541 4403 colorem,
1567 4341 1656 4410 mag·

457 4439 652 4523 nitudincm,
679 4444 834 4536 liguram,
861 4470 1012 4528 cursum:
1039 4450 1127 4544 quod
1148 4452 1269 4522 lactum
1288 4451 1332 4520 ita
1350 4471 1460 4542 neque
1485 4455 1583 4516 antea
1600 4465 1655 4513 nec

456 4576 569 4656 postea
596 4567 647 4637 sit.
698 4572 771 4640 Hoc
798 4573 919 4643 iactum
950 4575 1070 4671 Ogygo
1095 4601 1176 4670 rege
1202 4579 1357 4648 dicebant
1381 4575 1541 4647 Adrastos
1567 4569 1656 4664 Gyri·

459 4711 557 4758 cenos
584 4701 615 4760 ct
640 4696 726 4765 Dton
755 4699 955 4791 Neapolites,
984 4704 1208 4776 mathematici
1236 4704 1375 4774 nobiles.
1412 4697 1658 4791 Augustinus&
