3702 5600
448 671 519 740 486

446 870 495 928 est
515 868 652 947 opinatio
674 868 827 928 mussans
849 871 881 928 et
900 867 1024 945 penitus
1045 869 1146 944 insita,
1169 885 1204 928 sa
1226 869 1308 928 seire
1330 868 1412 944 quod
1433 869 1564 928 nesciat.
1591 868 1657 927 soi·

445 975 520 1035 licet
539 975 632 1034 cardo
654 976 699 1035 rei
721 975 752 1034 in
774 991 812 1035 eo
833 975 973 1050 vertitur,
994 992 1063 1034 num
1086 975 1171 1034 obvii
1194 975 1255 1035 sint
1274 975 1477 1052 intelligendi,
1501 991 1580 1051 qnos
1602 991 1658 1033 ca·

446 1095 499 1139 sus
519 1080 631 1140 obvios
652 1081 809 1155 obtulerit,
838 1097 876 1140 an
897 1081 929 1155 ii,
957 1081 1008 1155 qui
1035 1097 1071 1139 se
1097 1079 1212 1140 infesto
1233 1081 1371 1140 venienti
1397 1080 1533 1140 hostium
1556 1097 1655 1139 exer-

451 1185 525 1245 citui
553 1186 676 1246 obviam
702 1187 880 1246 obiecerint
921 1185 1033 1246 Errant
1062 1187 1150 1264 enim,
1182 1187 1235 1263 qni
1263 1187 1421 1246 deditione
1443 1187 1527 1246 iacta
1549 1203 1657 1247 omnes

451 1311 535 1354 arma
565 1295 710 1373 posuisse
740 1299 892 1372 statuunt;
930 1313 997 1356 cnm
1022 1296 1102 1355 enim
1122 1295 1283 1355 Adherbal
1311 1301 1418 1356 contra
1445 1294 1546 1354 lodus
1575 1299 1660 1353 esset

451 1401 650 1476 interiectus,
697 1401 790 1462 iacile
827 1402 997 1462 credideris
1033 1403 1145 1462 multos
1184 1402 1295 1462 iterum
1327 1419 1411 1460 arma
1444 1401 1585 1478 cepisse,
1620 1415 1659 1458 ne

452 1505 540 1565 inulti
566 1506 695 1567 animam
721 1509 905 1569 amitterent
951 1507 990 1567 lli
1015 1509 1110 1586 igitur
1139 1509 1248 1568 armati
1274 1506 1431 1585 Iugurtha
1460 1505 1549 1565 obvii
1582 1521 1659 1583 pro·

454 1617 616 1673 cesserunt
636 1612 692 1673 cir.
714 1631 806 1692 supra
828 1631 853 1675 c.
874 1617 912 1674 21
936 1619 968 1675 et
989 1631 1015 1674 c.
1036 1615 1085 1675 50.
1112 1617 1161 1691 qai
1183 1615 1362 1688 firaaoridus
1383 1617 1487 1672 animia
1509 1614 1585 1672 obuii
1604 1614 1659 1671 ic-

454 1719 543 1778 addas
561 1721 689 1797 sacram.
724 1720 817 1781 Immo
846 1721 961 1781 dixerit
982 1720 1105 1796 aliquis,
1134 1723 1254 1779 minatis
1275 1721 1314 1780 ab
1337 1721 1376 1779 iis
1398 1736 1469 1779 esse
1495 1720 1659 1793 inventum,

455 1825 508 1900 qui
528 1826 661 1886 dativum
685 1827 784 1886 omitti
805 1844 864 1887 non
885 1843 980 1905 posse
1002 1828 1193 1902 statuebant;
1216 1832 1247 1888 et
1265 1829 1395 1902 amcam,
1416 1827 1455 1884 ad
1469 1825 1587 1884 milites
1608 1823 1660 1884 lu-

453 1932 614 2008 gurtlrinos
635 1934 773 2008 relatum,
801 1950 859 1993 non
887 1935 1094 1993 necessarium
1120 1935 1177 1994 scd
1201 1935 1280 1994 adeo
1301 1933 1486 2010 superdeum
1508 1947 1581 1991 osse
1604 1948 1659 1990 ns-

455 2055 504 2096 mo
526 2056 586 2098 non
606 2039 759 2116 intelligit.
797 2040 934 2114 lienique
956 2045 1085 2115 peccant
1106 2040 1153 2098 iili
1175 2039 1371 2117 interpretes,
1393 2039 1475 2114 quod
1494 2042 1660 2114 menniscon

455 2143 563 2204 nullius
586 2149 632 2204 rai
657 2149 771 2206 ratioae
795 2146 890 2205 dadila
917 2146 1082 2224 explicant,
1115 2149 1164 2205 ost
1189 2147 1267 2205 enim
1289 2145 1369 2206 callo
1397 2147 1565 2205 araim
1589 2151 1662 2204 saer

456 2252 600 2312 Romanoa
621 2259 649 2310 ct
662 2253 800 2312 Nansidae
818 2254 907 2330 sacto.
946 2253 1030 2312 Unde
1058 2255 1145 2313 recte
1165 2253 1277 2329 aliquis
1300 2253 1435 2331 colligat,
1458 2253 1571 2313 melius
1593 2269 1662 2312 esse

457 2360 557 2418 animo
579 2359 725 2419 fluctuare
748 2378 835 2435 quam
857 2360 963 2437 pravis
985 2359 1180 2437 opinionibus
1202 2360 1361 2421 inhaerere.

539 2483 564 2524 c.
587 2467 635 2525 27.
656 2467 797 2527 Mammiae
818 2465 888 2526 Bas.
910 2467 979 2526 Par.
994 2501 1034 2512 --
1048 2484 1073 2526 c.
1089 2469 1138 2526 28.
1162 2470 1192 2526 io
1214 2471 1309 2527 auimo
1330 2469 1476 2527 masma!
1488 2467 1563 2527 Bas.
1585 2465 1663 2542 qnod

458 2573 629 2650 typothetae
650 2590 758 2633 errore
779 2591 839 2634 nou
861 2591 1040 2651 expressum
1063 2578 1119 2634 est.
1158 2573 1226 2634 Etsi
1249 2575 1329 2633 enirn
1349 2575 1494 2634 indurare
1514 2574 1584 2634 lere
1599 2590 1663 2632 cnm

458 2679 597 2738 ablativo
627 2697 719 2740 seusu
744 2681 880 2758 proprio,
908 2697 974 2739 oum
1002 2679 1107 2740 dativo
1132 2698 1225 2740 sensu
1246 2681 1366 2758 tropico
1388 2682 1530 2756 iungitur,
1556 2680 1662 2740 Cicero

458 2784 560 2843 mmen
582 2785 700 2845 luscul.
723 2785 807 2863 Disp.
822 2805 841 2845 ι.
865 2789 912 2847 15.
934 2786 1042 2846 eodem
1057 2785 1162 2846 modo:
1184 2787 1239 2845 sed
1261 2787 1368 2846 nescio
1388 2788 1543 2862 quomodo
1567 2788 1663 2846 inha-

459 2897 509 2950 ret
537 2891 566 2950 in
588 2892 740 2951 mentibus
761 2894 918 2969 angurium
940 2892 1100 2967 quoddam.
1119 2896 1250 2968 menapia
1270 2893 1341 2952 Bas.
1363 2893 1431 2952 Par.
1453 2894 1517 2953 alii.
1552 2893 1664 2952 Contra

460 2998 680 3074 septemdecim
695 2999 869 3060 deteriores
889 2998 990 3059 libros
1011 2998 1138 3059 laudant
1159 3017 1325 3075 eorumque
1339 3001 1522 3060 auctoritate
1537 3000 1663 3060 altera·

460 3104 624 3168 lectionem
652 3106 840 3166 confirmant.
882 3105 960 3175 Quid
984 3107 1034 3166 his
1058 3107 1233 3166 homiuibus
1255 3106 1362 3182 iacias,
1388 3108 1440 3183 qui
1460 3107 1665 3167 oonoentionis

461 3211 563 3272 studio
585 3213 709 3272 adducti
730 3213 829 3273 omnia
856 3213 907 3272 vel
933 3212 1122 3273 alienissima
1150 3215 1340 3289 conquirunt,
1367 3219 1400 3273 ut
1425 3215 1554 3274 meliora
1577 3215 1665 3274 inve-

461 3320 546 3380 nisse
566 3319 751 3381 videamus
789 3319 894 3381 Facile
915 3339 971 3381 eos
999 3339 1077 3381 vana
1098 3321 1230 3398 gloriola
1250 3320 1367 3398 perfrui
1388 3323 1528 3399 patimur.
1552 3326 1583 3380 ia
1603 3325 1666 3399 praa

459 3429 517 3506 fait
536 3432 667 3490 Scaurus
687 3428 757 3490 Bas.
780 3429 843 3508 Spl.
864 3431 1037 3490 litterarum
1059 3433 1183 3507 tractus,
1207 3433 1258 3506 qui
1279 3431 1316 3490 ll.
1339 3431 1513 3508 significare
1534 3429 1665 3488 videtur.

461 3535 552 3612 lpida
572 3540 658 3596 issicio
679 3541 788 3596 aeriter
802 3537 1099 3612 Capamiaaparalic
1112 3542 1165 3596 alc.
1187 3537 1324 3596 ordinem
1346 3537 1521 3610 verborum,
1546 3535 1598 3611 qui
1619 3539 1667 3593 est

461 3640 493 3699 in
518 3639 685 3702 Basiliensi
713 3643 869 3720 expressi,
903 3644 994 3703 etiam
1017 3646 1133 3719 paratio
1160 3641 1213 3701 ille
1243 3642 1349 3717 habet,
1380 3643 1461 3718 quod
1488 3645 1560 3702 ants
1589 3642 1666 3701 male

462 3746 598 3824 legeram
613 3753 737 3824 partilis.

545 3873 569 3916 c.
585 3858 633 3916 29.
654 3857 882 3916 amministrabat
890 3855 960 3916 Bas.
974 3860 1131 3917 maumites·
1147 3887 1181 3898 -
1195 3853 1437 3931 precio-inducia
1451 3884 1488 3895 -
1504 3871 1669 3930 campaneo

462 3964 553 4024 idem.
574 3981 633 4024 aaa
653 3965 818 4042 pallidiore
839 3967 1009 4024 atramento
1032 3967 1063 4023 et
1084 3963 1184 4023 aliena
1206 3978 1294 4022 manu
1316 3961 1374 4038 spi.

545 4090 569 4132 c.
593 4073 639 4132 30.
666 4089 780 4132 mosara
799 4071 832 4132 Ρ.
855 4072 886 4130 li.
912 4089 949 4130 aa
975 4071 1065 4131 liberi.
1097 4069 1167 4130 Bas.
1191 4069 1246 4130 sed
1274 4069 1307 4128 li.
1335 4069 1366 4128 in
1393 4084 1503 4127 rasura
1524 4067 1669 4144 scriptum

463 4197 582 4239 monera
597 4197 663 4255 pop.
684 4197 757 4239 rom.
778 4196 815 4238 ae
834 4197 921 4254 rmap.
936 4179 1004 4238 Tur.
1018 4177 1083 4238 liin.
1102 4194 1220 4237 manare
1239 4193 1326 4252 remp.
1348 4194 1385 4234 ae
1405 4175 1474 4235 Par.
1495 4191 1615 4233 monera
1634 4191 1671 4234 aa

464 4286 510 4346 lid.
531 4285 616 4345 Laid.
638 4287 695 4346 sed
721 4285 866 4362 quicquid
890 4286 1012 4346 variant
1035 4285 1118 4360 libri,
1144 4302 1257 4345 vereor
1278 4285 1368 4360 enim,
1396 4288 1429 4345 ut
1453 4283 1585 4342 omnium
1613 4299 1669 4343 co·

465 4394 565 4453 dicum
587 4395 745 4453 variantes
766 4398 910 4454 accurate
932 4395 1095 4471 exscriptae
1125 4393 1195 4470 sint,
1224 4409 1313 4468 quam
1339 4392 1511 4467 recepimus
1532 4389 1670 4467 scriptu-

465 4517 538 4576 ram,
560 4500 657 4560 solam
678 4516 783 4560 veram
804 4499 913 4560 iudico.
949 4499 1081 4559 Primum
1101 4517 1138 4558 aa
1159 4502 1287 4576 propter
1302 4498 1454 4575 syllabam
1475 4515 1510 4556 ra
1530 4514 1598 4573 qum
1613 4515 1670 4556 an·

466 4607 603 4681 teoessit,
633 4605 725 4667 facile
747 4608 890 4668 excidero
916 4609 1030 4686 potuit;
1058 4608 1199 4684 quotiens
1219 4624 1269 4666 raa
1283 4605 1401 4681 publica
1422 4607 1454 4664 et
1471 4605 1596 4680 populas
1617 4621 1670 4662 ro·

466 4717 559 4772 aaronis
580 4714 721 4774 inlibris
742 4713 826 4774 mss,
848 4713 976 4774 confusa
999 4713 1067 4789 sint,
1090 4731 1150 4774 non
1176 4715 1327 4790 ignorant,
1355 4713 1407 4787 qui
1429 4710 1481 4771 vel
1503 4710 1618 4771 leviter
1640 4711 1668 4769 in
