3554 5600
1275 647 1342 717 163

134 845 192 916 tibi
212 867 265 914 res
283 864 443 936 prospere
461 843 566 925 cedet,
585 843 632 914 ibi
649 842 731 914 mibi
749 844 837 913 bona
855 843 943 912 sama
958 843 1099 913 eveniet.
1132 845 1197 914 Sed
1214 867 1268 915 me
1286 847 1344 916 illa

134 970 240 1062 magis
262 969 385 1063 cupido
409 979 552 1052 exercet,
583 969 630 1040 uti
646 991 857 1064 quocumque
878 969 977 1040 modo
1003 993 1104 1063 quam
1127 972 1271 1065 primum
1289 995 1343 1042 res

134 1093 267 1186 publica
283 1091 462 1164 adiutetur.
497 1093 699 1164 Libertatem
717 1092 824 1184 gloria
842 1093 1004 1164 cariorem
1023 1093 1145 1178 babeo,
1164 1105 1263 1189 atque
1280 1119 1344 1188 ego

136 1229 165 1288 te
178 1240 239 1288 oro
252 1217 446 1312 hortorque,
459 1243 502 1289 ne
515 1219 729 1290 clarissumus
743 1217 933 1310 imperator,
948 1220 1077 1290 Gallica
1086 1232 1184 1313 gente
1195 1221 1343 1304 subacta,

134 1343 248 1434 populi
275 1341 418 1412 Romani
444 1365 612 1413 summum
643 1352 740 1437 atque
775 1341 936 1411 invictum
970 1341 1146 1435 imperium
1172 1345 1344 1416 tabescere

135 1475 295 1535 vetustate
321 1487 361 1534 ac
386 1489 446 1558 per
470 1488 635 1536 summam
661 1464 846 1535 secordiam
872 1464 974 1535 dilabi
999 1465 1148 1557 patiaris.
1181 1470 1343 1551 Proiecto,

135 1588 163 1656 si
188 1586 223 1658 id
248 1589 389 1671 accidat,
421 1613 530 1683 neque
557 1589 616 1660 tibi
641 1613 711 1660 nox
743 1611 852 1683 neque
878 1588 948 1658 dies
974 1612 1090 1659 curam
1115 1591 1217 1661 animi
1245 1593 1345 1664 seda-

136 1711 229 1794 verit,
263 1711 346 1805 quin
373 1711 532 1781 insomnis
557 1713 733 1793 exercitus,
769 1711 968 1783 furibundus
994 1723 1093 1806 atque
1118 1735 1234 1784 amens
1259 1716 1346 1787 alic-

136 1846 212 1905 nata
236 1843 347 1904 mente
373 1834 502 1904 feraris.
547 1837 701 1928 Namque
726 1835 809 1906 mibi
835 1858 896 1929 pro
921 1858 1001 1907 vero
1026 1847 1164 1919 constat,
1194 1839 1344 1910 omnium

135 1959 326 2029 mortalium
352 1958 453 2028 vitam
479 1957 592 2028 divino
617 1959 754 2028 numine
773 1959 919 2042 invisier,
952 1983 1062 2053 neque
1084 1962 1208 2032 bonum
1233 1987 1344 2057 neque

135 2085 260 2153 malum
288 2082 415 2152 lacinus
440 2082 661 2176 quoiusquam
686 2106 747 2175 pro
773 2085 880 2156 nibilo
914 2084 1043 2167 baberi,
1076 2086 1133 2157 sed
1160 2110 1201 2156 ex
1227 2100 1346 2159 natura

135 2209 242 2278 divisa
273 2207 409 2300 praemia
443 2207 547 2278 bonos
579 2208 753 2301 malosque
785 2209 892 2304 sequi.
935 2212 1066 2281 interea
1095 2211 1179 2282 forte
1211 2235 1251 2283 ea
1276 2223 1345 2282 tar-

135 2333 208 2404 dius
239 2331 442 2425 procedunt:
482 2353 561 2401 suus
595 2331 741 2424 quoique
775 2333 907 2403 animus
941 2357 984 2404 ex
1017 2335 1224 2405 conscientia·
1251 2358 1344 2428 spem

136 2455 273 2549 prabet

209 2580 339 2665 Quodsi
365 2590 473 2650 tecum
500 2579 607 2672 patria
633 2590 732 2674 atque
758 2591 912 2675 parentes
937 2594 1072 2675 possent
1088 2583 1193 2676 loqui,
1220 2585 1345 2654 scilicet

136 2707 208 2777 baec
233 2705 295 2775 tibi
321 2704 483 2774 dicerent:
510 2705 541 2776 0
567 2704 690 2785 Caesar,
716 2727 776 2774 nos
802 2715 834 2776 te
859 2706 1038 2798 genuimus
1064 2706 1243 2777 fortissumi
1268 2709 1343 2790 viri,

136 2831 169 2900 in
186 2841 326 2924 optuma
342 2828 436 2911 urbe,
462 2828 563 2899 decus
580 2827 837 2921 praesidiumque
858 2829 966 2912 nobis,
992 2830 1143 2901 hostibus
1163 2831 1343 2902 terrorem!

136 2955 220 3038 Quae
246 2954 359 3025 multis
386 2951 555 3023 laboribus
581 2964 614 3022 et
630 2953 786 3044 periculis
812 2977 1017 3048 ceperamus,
1045 2978 1085 3024 ea
1110 2955 1169 3025 tibi
1195 2956 1344 3025 nascenti

135 3102 212 3148 cum
229 3077 342 3147 anima
359 3075 460 3146 simul
485 3075 692 3159 tradidimus,
718 3077 858 3170 patriam
884 3100 1077 3148 maxumam
1104 3078 1137 3146 in
1156 3081 1262 3162 terris,
1281 3079 1345 3150 do-

135 3225 227 3272 mum
255 3200 484 3292 familiamque
510 3199 545 3270 in
569 3200 676 3293 patria
701 3201 941 3285 clarissumum,
971 3212 1133 3294 praeterea
1158 3203 1261 3272 bonas
1287 3227 1344 3275 ar-

135 3326 187 3407 tis,
214 3325 370 3395 bonestas
396 3322 537 3406 divitias,
570 3335 738 3416 postremo
770 3325 882 3394 omnia
914 3324 1165 3395 honestamenta
1195 3326 1287 3419 pacis
1312 3338 1345 3397 et

134 3451 274 3545 prande
298 3448 391 3519 belli.
433 3449 497 3517 Pro
523 3445 575 3517 bis
600 3448 823 3540 amplissumis
848 3448 1020 3520 beneficiis
1044 3472 1112 3518 non
1138 3448 1343 3542 llagitiuma

136 3588 169 3646 te
195 3598 306 3670 neque
332 3573 457 3644 malum
484 3573 611 3643 lacinus
642 3573 797 3666 petimus,
836 3575 894 3644 scd
928 3574 997 3645 utei
1028 3574 1215 3646 libertatem
1245 3601 1344 3647 evor-

136 3727 206 3774 sam
232 3701 399 3774 restituas.
442 3699 579 3784 Quare
603 3709 731 3791 patrata
747 3701 895 3791 prolecto
920 3725 979 3795 per
1005 3703 1112 3793 gentis
1129 3701 1237 3770 omnis
1254 3703 1342 3772 lama

134 3829 264 3900 virtutis
297 3839 360 3898 tum
393 3827 552 3897 volitabit
596 3830 749 3920 Namque
783 3827 846 3898 bac
871 3838 1064 3921 tempestate
1097 3829 1226 3899 tametsi
1252 3829 1342 3900 domi

135 3953 331 4044 militiaque
362 3951 522 4044 praeclara
556 3950 702 4020 facinora
737 3951 851 4045 egisti,
890 3963 999 4022 tamen
1033 3952 1142 4045 gloria
1173 3964 1228 4023 tua
1265 3975 1342 4023 cum

135 4077 249 4148 multis
274 4075 355 4146 viris
380 4074 518 4146 fortibus
544 4075 681 4166 aqualis
708 4086 773 4146 est:
809 4075 837 4144 si
867 4099 946 4145 vero
979 4077 1097 4146 urbem
1128 4076 1342 4169 amplissumo

135 4202 272 4272 nomine
297 4212 331 4270 et
355 4221 513 4270 maxumo
537 4198 679 4291 imperio
703 4221 806 4292 prope
833 4197 901 4268 iam
926 4200 968 4270 ab
1000 4221 1121 4271 occasu
1147 4201 1340 4282 restitueris,

135 4327 210 4420 quis
236 4335 270 4395 te
295 4324 428 4407 clarior,
454 4323 528 4416 quis
553 4323 660 4392 maior
685 4322 719 4391 in
740 4321 836 4392 terris
862 4322 984 4394 luerit?
1026 4323 1157 4417 Quippe
1179 4324 1207 4393 si
1225 4325 1342 4396 morbo

135 4452 202 4522 iam
237 4461 293 4521 ant
325 4448 393 4518 fato
426 4446 505 4517 buic
539 4446 680 4540 imperio
712 4467 807 4516 secus
833 4447 972 4530 accidat,
1011 4448 1091 4540 quoi
1116 4446 1254 4519 dubium
1280 4459 1341 4532 est,

135 4577 215 4672 quin
241 4599 302 4669 per
318 4572 436 4642 orbem
453 4582 616 4642 terrarum
634 4571 777 4653 vastitas,
804 4571 904 4654 bella,
931 4571 1038 4642 caedes
1055 4571 1226 4642 oriantur?
1252 4573 1342 4666 quod

135 4701 160 4770 si
186 4700 245 4771 tibi
271 4700 360 4770 bona
387 4695 500 4767 lubido
526 4697 626 4766 suerit
653 4695 780 4788 patriae,
814 4697 1006 4789 parentibus
1032 4697 1254 4787 gratificandi,
1281 4721 1342 4790 po-

1096 4823 1129 4879 ll
1140 4813 1160 4853 ⁴
