3526 5604
1268 634 1338 706 325

135 843 283 934 positum
309 861 381 909 esse
406 837 614 908 offendimus.
663 840 694 908 fs
719 839 845 910 Asellio
870 838 931 910 sub
956 839 991 906 P.
1010 837 1164 929 Scipione
1180 836 1338 908 Africano

135 964 294 1034 tribunus
323 963 465 1033 militum
498 962 540 1032 ad
566 963 778 1033 Numantiam
809 962 872 1032 fuit
899 983 1019 1054 resque
1051 983 1106 1031 cae
1132 959 1252 1053 quibus
1277 981 1338 1051 ge·

134 1089 251 1159 randis
263 1087 334 1182 ipse
351 1087 498 1157 interfuit
514 1086 718 1179 conscripsit.
757 1086 838 1157 Eius
855 1087 958 1158 verba
975 1085 1016 1156 dc
1033 1085 1168 1156 Tiberio
1185 1083 1336 1156 Graccho

133 1213 272 1282 tribuno
291 1211 392 1304 plebi,
418 1233 484 1304 quo
509 1211 708 1303 intempore
726 1211 916 1281 interfectus
934 1211 967 1280 in
985 1209 1148 1302 Capitolio
1168 1221 1227 1292 est,
1253 1207 1336 1278 haec

132 1347 229 1406 mut:
260 1358 340 1406 nam
357 1334 524 1407 Gracchus
548 1335 646 1405 domo
671 1357 746 1406 cum
771 1334 1048 1428 proficiscebatur,
1073 1355 1253 1426 numquam
1271 1333 1336 1401 mi·

134 1483 201 1531 nus
224 1470 321 1530 terna
351 1471 408 1530 aut
440 1468 603 1551 quaterna
631 1457 725 1529 milia
751 1458 923 1528 hominum
952 1456 1183 1548 sequebantur.
1227 1459 1336 1550 Atque

133 1585 214 1654 inde
246 1584 333 1653 infra
367 1582 408 1653 de
439 1583 556 1652 eodem
588 1581 738 1652 Graccho
770 1582 816 1651 ita
849 1581 995 1673 scripsit:
1034 1602 1131 1650 orare
1161 1581 1269 1673 coepit
1303 1580 1335 1649 id

133 1708 285 1801 quidem,
310 1719 348 1780 ut
371 1729 406 1776 ee
432 1706 645 1777 defenderent
671 1707 860 1798 liberosque
884 1727 977 1786 suos;
1010 1728 1086 1775 cum
1111 1727 1213 1798 quem
1239 1704 1335 1775 virile

133 1857 231 1904 secus
263 1845 334 1904 tum
365 1835 400 1903 in
431 1856 472 1902 eo
497 1843 643 1925 tempore
669 1832 822 1915 habebat,
857 1831 996 1923 produci
1029 1830 1122 1900 iussit
1146 1829 1334 1922 populoque

132 1957 382 2028 commendavit
407 1975 509 2048 prope
536 1954 628 2024 flens.
668 1955 792 2025 ‘Gellius
812 1953 847 2036 2,
877 1952 933 2025 13.
1033 1953 1067 2023 8.
1097 1955 1127 2022 ls
1154 1952 1289 2022 Crassus
1314 1975 1334 2022 a

133 2081 333 2174 Sempronio
349 2079 519 2150 Asellione
536 2088 568 2148 et
584 2078 751 2171 plerisque
772 2078 845 2149 aliis
868 2077 1023 2148 historiae
1040 2077 1211 2146 Romanae
1227 2076 1333 2167 scrip-

132 2203 262 2275 toribus
287 2203 427 2274 traditur
452 2202 605 2274 babuisse
631 2202 779 2295 quinque
808 2223 920 2271 rerum
945 2200 1108 2270 bonarum
1133 2199 1277 2269 maxima
1303 2211 1335 2268 et

132 2329 331 2421 praecipua:
358 2325 447 2418 quod
465 2335 549 2395 esset
569 2325 759 2408 ditissimus,
785 2324 875 2417 quod
896 2322 1129 2402 nobilissimus,
1156 2321 1244 2414 quod
1262 2322 1334 2390 clo-

133 2451 379 2546 quentissimus,
400 2449 488 2544 quod
506 2449 585 2520 iuris
603 2449 873 2532 consultissimus,
892 2447 981 2541 quod
997 2446 1145 2540 pontifex
1157 2445 1332 2514 maximus.

132 2579 162 2647 ls
188 2597 269 2648 cum
294 2576 329 2644 in
354 2575 526 2645 consulatu
551 2572 714 2643 obtineret
732 2573 847 2644 Asiam
872 2570 1078 2664 provinciam
1104 2581 1136 2639 et
1160 2569 1332 2640 circumsi-

132 2701 210 2772 dere
237 2719 496 2794 oppugnareque
513 2698 640 2766 Leucas
664 2703 806 2788 pararet,
832 2716 981 2787 opusque
1006 2701 1090 2763 esset
1113 2691 1209 2760 firma
1234 2703 1332 2783 atquc

131 2846 274 2917 procera
306 2821 399 2892 trabe
431 2843 500 2913 qua
531 2819 666 2889 arietem
698 2820 836 2901 faceret,
876 2840 942 2912 quo
971 2839 1081 2887 muros
1115 2815 1186 2885 eius
1220 2815 1333 2908 oppidi

109 2945 114 2950 ’
131 2957 295 3041 quateret
321 2946 449 3039 scripsit
466 2944 508 3015 ad
525 2945 720 3037 magistrum
742 2944 946 3043 ἀρχιτέκτονα
962 2942 1226 3015 Moleattensium
1247 2935 1332 3032 [My-

131 3064 350 3160 loasertrt'uml]
376 3069 540 3139 sociorum
557 3067 809 3163 amicorumque
833 3067 948 3162 populi
964 3067 1118 3151 Romani,
1143 3077 1181 3138 ut
1200 3090 1242 3137 ex
1259 3090 1332 3136 ma-

131 3196 171 3266 lis
195 3196 329 3267 duobus
353 3217 437 3290 quos
462 3195 550 3288 apud
572 3217 628 3264 eos
645 3193 789 3278 vidisset,
815 3205 888 3266 uter
910 3196 1016 3266 maior
1042 3205 1126 3264 esset
1151 3216 1227 3265 eum
1252 3194 1331 3263 mit-

131 3320 269 3392 tendum
287 3331 427 3388 curaret.
470 3318 554 3388 Tum
580 3319 738 3408 magister
763 3319 954 3418 ἀρχιτέκτων
981 3329 1149 3410 comperto
1166 3339 1267 3410 quam
1288 3316 1331 3386 ob

131 3465 201 3514 rem
233 3443 361 3513 malum
392 3440 608 3523 desideraret,
647 3463 715 3510 uon
743 3441 792 3510 uti
823 3439 930 3511 iussus
962 3454 1032 3512 erat
1057 3441 1235 3524 maiorem,
1274 3439 1331 3510 scd

131 3591 230 3662 quern
266 3589 338 3638 esse
369 3568 476 3659 magis
507 3567 663 3638 idoneum
696 3567 923 3660 aptioremque
950 3567 1101 3638 faciendo
1126 3567 1221 3638 arieti
1246 3567 1331 3636 faci-

105 3695 320 3788 ·lioremque
346 3703 476 3786 portatu
501 3693 720 3776 existimabat,
754 3693 916 3764 minorem
949 3694 1048 3764 misit.
1092 3695 1227 3765 Crassus
1254 3715 1330 3763 eum

131 3820 243 3890 vocari
275 3819 378 3902 iussit,
416 3830 448 3891 et
480 3843 555 3890 cum
590 3821 832 3912 interrogasset,
873 3844 933 3892 cur
962 3843 1028 3890 uon
1058 3843 1159 3913 quem
1192 3820 1332 3890 iusserat

130 3944 284 4024 misisset,
310 3943 417 4013 causis
442 3944 690 4036 rationibusque
716 3968 797 4037 quas
816 3943 983 4015 dictitabat
1003 3945 1119 4037 spretis
1137 3943 1330 4014 vestimenta

130 4067 260 4138 detrahi
284 4067 457 4160 imperavit
484 4067 653 4160 virgisque
685 4069 824 4138 multum
854 4067 990 4148 cecidit;
1029 4067 1195 4160 corrumpi
1231 4077 1329 4158 atque

131 4191 263 4264 dissolvi
281 4191 427 4263 officium
444 4217 543 4263 omue
565 4204 665 4276 ratus,
696 4195 723 4263 si
750 4194 824 4284 quis
850 4194 890 4265 ad
916 4195 949 4264 id
974 4194 1064 4287 quod
1090 4195 1197 4264 facere
1224 4194 1329 4264 iussus

132 4329 177 4386 est
200 4340 271 4388 nou
298 4317 459 4410 obsequio
485 4318 606 4398 debito,
632 4319 690 4388 sed
722 4319 859 4389 consilio
885 4343 951 4390 uon
981 4320 1165 4391 desiderato
1190 4341 1328 4411 respon-

131 4439 214 4514 deat.
267 4443 387 4514 Gellius
408 4445 440 4526 1,
461 4442 517 4527 13,
539 4443 690 4516 10-13.
793 4447 826 4516 9.
853 4445 1066 4539 Sempronius
1083 4446 1208 4515 Asellio
1233 4446 1328 4516 tertio

132 4565 259 4638 decimo
284 4591 395 4638 rerum
422 4580 590 4660 gestarum
615 4570 661 4640 ita
686 4570 833 4662 scripsit:
869 4571 953 4640 facta
978 4593 1037 4642 sua
1062 4570 1203 4662 spectari
1228 4592 1328 4662 opor-

131 4704 207 4776 tere,
235 4717 302 4765 non
328 4695 426 4776 dicta,
456 4697 613 4766 siminus
639 4696 832 4766 facundiosa
858 4707 975 4766 esseut.
1019 4697 1138 4766 Gellius
1156 4693 1190 4776 4,
1209 4693 1243 4776 9,
1271 4694 1325 4764 12.
