3702 5600
424 635 496 704 508

422 853 550 894 mvm.
573 835 600 894 6.
631 837 704 911 „alii
729 853 796 896 cum
817 836 999 897 ardentibus
1020 837 1149 912 facibus,
1177 838 1233 896 alii
1257 843 1398 915 stuppam
1420 839 1581 914 picemque
1603 847 1635 898 et

423 941 584 1001 malleolos
610 942 757 1017 terentes,
785 950 853 1003 tota
880 943 1052 1004 collucente
1073 944 1202 1003 llammis
1229 947 1303 1018 acie,
1333 939 1518 1005 advenere.“
1567 947 1634 1004 0b-

423 1048 505 1108 sessi
526 1049 622 1125 igitur
644 1055 676 1108 ut
697 1050 841 1128 impetum
861 1050 994 1110 bostium
1015 1051 1240 1127 propulsarent,
1262 1069 1320 1110 non
1344 1052 1436 1111 modo
1454 1053 1556 1128 picem
1577 1070 1633 1110 ar-

423 1154 545 1215 dentem
566 1157 597 1214 in
618 1159 847 1232 oppugnatores
869 1157 1073 1230 coniecerunt,
1097 1157 1260 1217 sedetiam
1280 1157 1374 1217 sudes
1391 1161 1423 1217 et
1435 1157 1499 1235 pila
1514 1159 1633 1217 arden·

423 1262 465 1320 tia
486 1263 607 1323 misere.
649 1262 733 1322 llano
754 1265 792 1322 ab
821 1281 887 1323 rem
908 1265 985 1324 illud
1006 1265 1189 1323 vocabulum
1210 1264 1239 1323 in
1262 1265 1321 1324 line
1342 1266 1493 1342 positum
1522 1269 1632 1323 cenna

423 1369 451 1427 si
469 1368 583 1428 ardenti
604 1369 726 1446 legitur,
749 1369 779 1428 id
802 1387 840 1430 eo
863 1370 987 1444 quidem
1008 1371 1079 1431 loeo
1099 1372 1171 1448 poni
1192 1372 1284 1448 plane
1307 1389 1365 1432 non
1380 1377 1492 1448 potest.
1525 1371 1634 1446 Neque

422 1476 475 1552 pix
490 1475 636 1552 sulphure
658 1483 690 1536 et
711 1477 791 1536 taeda
812 1477 924 1536 crdeuli
944 1478 1040 1536 mixta
1058 1481 1135 1550 erat,
1158 1477 1215 1536 sed
1236 1477 1376 1536 ardentia
1396 1476 1451 1534 illa
1466 1479 1634 1536 minaban-

423 1587 480 1640 tur.
522 1581 585 1641 lam
612 1589 683 1642 sunt
712 1582 842 1658 quidem,
869 1585 922 1658 qui
947 1584 1048 1643 rodam
1065 1587 1132 1658 pice
1159 1589 1187 1640 el
1216 1583 1355 1658 sulphure
1380 1586 1499 1641 mictum
1524 1583 1635 1642 melius

423 1687 485 1748 dici
506 1691 643 1748 statuunt
664 1706 753 1765 quam
771 1694 863 1764 picem
883 1689 1023 1764 sulphure
1043 1696 1072 1748 et
1090 1690 1165 1749 ledo
1184 1693 1312 1747 mictum.
1342 1689 1400 1748 sed
1421 1691 1551 1764 primum
1574 1690 1635 1748 boc

423 1797 463 1854 ad
485 1811 607 1854 sensum
628 1796 691 1855 loci
712 1797 886 1855 mutandum
908 1813 1013 1873 parum
1037 1795 1120 1871 lacit,
1148 1801 1210 1855 tum
1234 1813 1272 1855 ne
1294 1797 1324 1855 in
1345 1794 1417 1854 aliis
1438 1797 1560 1871 quidem
1582 1796 1634 1855 lo-

423 1903 469 1961 cis
490 1903 570 1961 tede
590 1902 658 1978 plus
685 1919 775 1976 quam
792 1905 852 1976 piei
878 1903 1032 1975 tribuitur,
1059 1901 1115 1961 cfr.
1131 1901 1207 1961 Cres.
1230 1903 1263 1962 Β.
1286 1901 1350 1961 civ.
1372 1921 1402 1960 11.
1426 1905 1474 1960 ll.
1496 1921 1538 1960 rm
1564 1905 1631 1962 llll.

423 2009 477 2067 ubi
498 2025 583 2084 cupae
605 2007 678 2067 ledo
699 2023 735 2066 oc
750 2010 818 2083 pice
838 2007 964 2067 relertae
979 2011 1268 2082 commemorantur;
1290 2015 1322 2066 et
1344 2009 1426 2068 baud
1445 2009 1541 2068 dubie
1559 2012 1635 2083 pleis

422 2117 511 2174 erant
524 2119 630 2191 partes
644 2114 806 2190 primariae,
821 2114 934 2192 quippe
944 2116 991 2172 oui
1004 2114 1134 2191 sulpbur
1145 2109 1374 2174 admiscebatur
1385 2116 1425 2174 ad
1435 2115 1536 2192 Quem
1550 2115 1634 2175 laci-

422 2221 483 2280 lius
504 2220 745 2297 concipiendum,
769 2220 848 2279 taeda
869 2221 909 2279 ad
927 2220 1076 2279 llammam
1090 2220 1230 2280 alendam
1248 2222 1403 2296 latiusque
1419 2221 1632 2298 spargendam

504 2349 530 2390 c.
553 2333 601 2390 58.
623 2331 839 2406 expectantibus
860 2363 898 2370 -
918 2335 1063 2407 frustrari
1084 2364 1123 2374 -
1145 2349 1164 2390 o
1183 2339 1264 2408 lerpo
1280 2361 1316 2369 -
1332 2335 1408 2389 mult
1420 2329 1491 2390 Bas.
1512 2333 1545 2387 et
1565 2331 1634 2407 pri-

424 2455 503 2498 mum
524 2438 646 2512 quidem
669 2443 813 2497 constans
842 2443 978 2498 veterum
1004 2437 1154 2498 librorum
1180 2438 1338 2498 scribendi
1367 2439 1447 2497 ratio
1469 2437 1633 2496 retinenda

423 2549 455 2603 et
474 2562 491 2603 r
513 2543 663 2604 elicienda
684 2543 750 2603 fuit.
771 2545 914 2620 smrborr'
941 2549 973 2603 et
989 2545 1127 2620 srueboti
1148 2544 1250 2604 locum
1270 2543 1387 2602 babere
1408 2549 1547 2620 possent,
1576 2543 1634 2602 sed

422 2649 590 2709 infinitivus
612 2653 644 2708 et
664 2647 847 2708 Salustianae
870 2651 1004 2709 orationi
1026 2651 1056 2708 in
1077 2651 1253 2709 universnm
1280 2653 1312 2709 et
1333 2649 1422 2708 buius
1444 2649 1506 2708 loci
1528 2655 1630 2708 struc-

423 2759 498 2815 turae
524 2755 633 2814 melius
660 2757 812 2816 convenit.
838 2758 931 2816 etiam
957 2774 977 2815 o
1004 2763 1085 2833 terpo
1111 2756 1221 2816 melius
1248 2773 1338 2832 quam
1365 2756 1401 2814 ol
1425 2763 1507 2832 lerpo
1535 2757 1633 2816 scribi

422 2863 558 2930 videtum
574 2863 634 2921 etsi
645 2879 738 2939 supra
748 2880 773 2921 c.
787 2865 835 2922 56.
850 2865 932 2923 idem
945 2864 1017 2923 Bas.
1032 2865 1068 2924 ab
1082 2872 1162 2941 terpo
1179 2869 1290 2924 tuetur.
1304 2864 1459 2924 obruerem
1473 2864 1634 2923 uellunutl-

423 2975 480 3028 turn
494 2966 630 3028 bertilone.
646 2967 715 3028 llas.
733 2969 800 3028 Par.
817 2989 844 3028 a.
868 2971 928 3030 boc
942 2973 985 3030 ita
1000 2989 1017 3030 a
1033 2971 1168 3030 Salustio
1183 2972 1330 3048 scriptum
1345 2987 1417 3031 esse
1433 2989 1522 3031 uerno
1540 2977 1632 3047 pula-

423 3075 517 3148 verit;
540 3074 616 3134 lerri
627 3077 751 3151 poterat
761 3077 950 3152 etlumullum,
966 3079 1047 3154 quod
1062 3077 1248 3138 inLeidensi
1262 3077 1295 3136 L.
1308 3095 1379 3138 esse
1391 3079 1504 3138 dicitur
1519 3085 1551 3138 et
1567 3078 1630 3137 Pa-

422 3182 512 3241 risini
533 3182 562 3239 b.
585 3199 610 3240 o.
633 3183 758 3259 babent,
787 3184 843 3243 sed
864 3185 949 3244 oelutr'
971 3185 1116 3245 luruullum
1136 3184 1298 3263 Bongarsii
1319 3186 1410 3262 liber;
1432 3187 1489 3244 sed
1516 3185 1630 3262 optime

423 3296 554 3364 quatuor
576 3289 698 3349 Wassii
727 3290 799 3350 libri
825 3299 854 3350 et
876 3293 1022 3352 tumultum
1044 3294 1116 3352 bost.
1139 3294 1288 3353 omittunt.
1321 3294 1400 3351 unde
1428 3291 1550 3350 luerunt
1579 3293 1632 3367 qui

423 3397 516 3456 etiam
541 3397 669 3456 boedlem
686 3396 844 3472 delerent;
870 3415 969 3474 neque
990 3399 1052 3458 boc
1075 3404 1124 3458 est
1145 3398 1344 3472 diffitendum,
1366 3399 1408 3458 ita
1431 3399 1550 3458 demum
1574 3398 1633 3458 boc

422 3521 481 3581 pro
502 3505 774 3580 interpretamento
802 3507 946 3565 vocabuli
972 3507 1127 3566 clamorem
1154 3506 1264 3566 baberi
1285 3523 1388 3584 posse.
1417 3523 1517 3580 neque
1537 3507 1633 3564 borb-

423 3611 477 3670 lern
498 3627 570 3670 esse
594 3611 761 3670 clamorem
789 3613 934 3672 bletellus
960 3621 1147 3691 compertum
1171 3612 1289 3688 babuit;
1319 3619 1351 3673 et
1379 3612 1495 3671 dixerit
1518 3611 1633 3688 aliquis

421 3719 513 3779 buius
535 3719 677 3778 vocabuli
698 3721 913 3779 auctoritatem
936 3721 1029 3780 etiam
1048 3737 1087 3780 eo
1108 3719 1251 3795 imminui,
1272 3719 1355 3796 quod
1376 3721 1406 3778 in
1424 3718 1511 3777 Leid.
1527 3737 1554 3794 g.
1577 3720 1634 3777 bo-

422 3829 505 3885 stium
522 3827 669 3902 seriptum
684 3827 733 3884 sit.
764 3825 826 3886 Sed
840 3845 904 3886 rem
919 3828 949 3885 in
965 3828 1066 3886 medic
1081 3827 1229 3902 relinquo.
1250 3829 1327 3886 misit
1341 3827 1447 3903 optimi
1460 3826 1543 3902 libri,
1563 3825 1633 3884 Bas

423 3931 491 3992 Par.
505 3931 570 3992 Ein.
580 3934 646 3992 Tur.
659 3949 758 4008 neque
769 3937 818 3992 est
828 3933 947 4008 quodin
958 3935 1107 4008 sequente
1116 3937 1136 3992 t.
1147 3932 1503 4009 praesentiollendamus;
1517 3933 1634 4010 quippe

423 4057 491 4114 quae
520 4043 690 4116 temporum
711 4041 838 4100 mutatio
865 4041 945 4116 apud
967 4039 1132 4099 Salustium
1160 4040 1201 4098 sit
1222 4039 1482 4114 frequentissima.
1504 4038 1561 4097 elr.
1584 4043 1633 4098 53.

505 4163 530 4205 e.
553 4149 600 4206 59.
631 4151 672 4206 utr'
693 4151 899 4222 superiore-
913 4151 955 4206 ulr'
976 4150 1103 4224 equestri
1123 4149 1254 4222 utroque
1275 4145 1347 4205 loco
1368 4144 1493 4205 utiBas.
1516 4145 1634 4206 ndoern

422 4257 506 4331 aequi
518 4271 703 4314 coummrr.
718 4254 788 4314 Bas.
803 4254 870 4314 Ein.
886 4256 954 4316 l'ur.
977 4255 1023 4328 (in
1039 4272 1098 4331 quo
1117 4255 1248 4314 adverus
1262 4257 1344 4330 equis
1358 4250 1433 4330 spl.)
1446 4252 1544 4312 Paris.
1562 4253 1633 4326 bx;

423 4361 479 4420 sed
500 4359 569 4420 Par.
591 4379 608 4420 u
629 4379 734 4421 veram
755 4363 919 4422 lectionem
942 4367 1053 4438 tuetur,
1086 4380 1153 4438 quae
1174 4361 1281 4421 verbis
1303 4363 1382 4421 male
1404 4361 1634 4438 distinguendis

423 4467 589 4528 obscurata
611 4468 678 4528 luit.

504 4591 529 4633 c.
552 4576 599 4634 60.
629 4579 819 4634 remisserunt
839 4574 911 4635 Bas.
936 4581 1089 4650 perversa·
1108 4577 1269 4655 scriptura.
1291 4580 1376 4636 ueub'
1396 4575 1467 4634 Bas.
1489 4573 1559 4633 Par.
1575 4576 1636 4634 sed

422 4685 465 4740 sic
485 4681 516 4740 in
538 4681 606 4742 Par.
628 4683 748 4759 punctis
769 4685 914 4742 notatum.
935 4683 991 4742 buc
1012 4691 1040 4742 el
1055 4683 1130 4743 illuc.
1154 4690 1189 4758 et,
1211 4684 1294 4758 quod
1315 4681 1504 4742 anonnullis
1527 4685 1634 4740 tenta·
